{"result": [{"date": "2018-08-29", "symbol": "300682.SZ", "eps": -0.08091, "epsEstimated": null, "time": "bmo", "revenue": 47423878.88, "revenueEstimated": null, "fiscalDateEnding": "2018-06-29", "updatedFromDate": "2023-08-16"}, {"date": "2018-08-29", "symbol": "ODL.OL", "eps": 0.03, "epsEstimated": 0.017, "time": "bmo", "revenue": 174861000, "revenueEstimated": null, "fiscalDateEnding": "2018-06-29", "updatedFromDate": "2023-08-16"}, {"date": "2018-08-29", "symbol": "LNGYF", "eps": null, "epsEstimated": null, "time": "bmo", "revenue": null, "revenueEstimated": null, "fiscalDateEnding": "2018-09-30", "updatedFromDate": "2023-05-17"}, {"date": "2018-08-29", "symbol": "600079.SS", "eps": 0.21, "epsEstimated": null, "time": "bmo", "revenue": 4400572080.81, "revenueEstimated": null, "fiscalDateEnding": "2018-06-29", "updatedFromDate": "2023-05-17"}, {"date": "2018-08-29", "symbol": "SGML", "eps": 0.02, "epsEstimated": null, "time": "bmo", "revenue": null, "revenueEstimated": null, "fiscalDateEnding": "2018-06-30", "updatedFromDate": "2023-09-29"}, {"date": "2018-08-29", "symbol": "EV", "eps": 0.82, "epsEstimated": 0.81, "time": "bmo", "revenue": 430602000, "revenueEstimated": 423471951.2195122, "fiscalDateEnding": "2018-07-30", "updatedFromDate": "2023-05-17"}, {"date": "2018-08-29", "symbol": "VTIAF", "eps": null, "epsEstimated": null, "time": "bmo", "revenue": null, "revenueEstimated": null, "fiscalDateEnding": "2018-06-30", "updatedFromDate": "2023-05-17"}, {"date": "2018-08-29", "symbol": "HOME", "eps": 0.34, "epsEstimated": 0.33, "time": "amc", "revenue": 267180000, "revenueEstimated": 280007911.7647059, "fiscalDateEnding": "2018-05-29", "updatedFromDate": "2023-05-17"}, {"date": "2018-08-29", "symbol": "PPBT", "eps": -0.22879, "epsEstimated": 0.1, "time": "bmo", "revenue": 1000000, "revenueEstimated": null, "fiscalDateEnding": "2018-06-14", "updatedFromDate": "2023-09-29"}, {"date": "2018-08-29", "symbol": "URW.AX", "eps": null, "epsEstimated": null, "time": "bmo", "revenue": null, "revenueEstimated": null, "fiscalDateEnding": "2018-06-30", "updatedFromDate": "2023-05-17"}, {"date": "2018-08-29", "symbol": "300299.SZ", "eps": 0.00262, "epsEstimated": null, "time": "bmo", "revenue": 121462556.93, "revenueEstimated": null, "fiscalDateEnding": "2018-06-29", "updatedFromDate": "2023-05-17"}, {"date": "2018-08-29", "symbol": "SYTA", "eps": -1.45, "epsEstimated": -1.45, "time": "bmo", "revenue": 4018053.527981, "revenueEstimated": null, "fiscalDateEnding": "2018-06-30", "updatedFromDate": "2023-09-29"}, {"date": "2018-08-29", "symbol": "601992.SS", "eps": 0.2467, "epsEstimated": null, "time": "bmo", "revenue": 25426048741.76, "revenueEstimated": null, "fiscalDateEnding": "2018-06-29", "updatedFromDate": "2023-05-17"}, {"date": "2018-08-29", "symbol": "601011.SS", "eps": 0.05893, "epsEstimated": null, "time": "bmo", "revenue": 838382570.95, "revenueEstimated": null, "fiscalDateEnding": "2018-06-29", "updatedFromDate": "2023-05-17"}, {"date": "2018-08-29", "symbol": "SWNLF", "eps": null, "epsEstimated": null, "time": "bmo", "revenue": null, "revenueEstimated": null, "fiscalDateEnding": "2018-06-30", "updatedFromDate": "2023-05-17"}, {"date": "2018-08-29", "symbol": "1773.HK", "eps": null, "epsEstimated": null, "time": "bmo", "revenue": null, "revenueEstimated": null, "fiscalDateEnding": "2018-05-29", "updatedFromDate": "2023-10-16"}, {"date": "2018-08-29", "symbol": "ACAD.ST", "eps": 1.51, "epsEstimated": 1.42, "time": "bmo", "revenue": 3053000000, "revenueEstimated": null, "fiscalDateEnding": "2018-05-29", "updatedFromDate": "2023-10-16"}, {"date": "2018-08-29", "symbol": "LCRTF", "eps": -0.01, "epsEstimated": null, "time": "bmo", "revenue": null, "revenueEstimated": null, "fiscalDateEnding": "2018-06-30", "updatedFromDate": "2023-08-16"}, {"date": "2018-08-29", "symbol": "600289.SS", "eps": -0.42114, "epsEstimated": null, "time": "bmo", "revenue": 279647604.44, "revenueEstimated": null, "fiscalDateEnding": "2018-06-29", "updatedFromDate": "2023-05-17"}, {"date": "2018-08-29", "symbol": "OGUN-B.ST", "eps": 0.698, "epsEstimated": null, "time": "bmo", "revenue": 90600000, "revenueEstimated": null, "fiscalDateEnding": "2018-05-29", "updatedFromDate": "2023-05-17"}, {"date": "2018-08-29", "symbol": "600999.SS", "eps": 0.06, "epsEstimated": 0.23, "time": "bmo", "revenue": 1931177105.61, "revenueEstimated": null, "fiscalDateEnding": "2018-06-29", "updatedFromDate": "2023-05-17"}, {"date": "2018-08-29", "symbol": "600403.SS", "eps": 0.07, "epsEstimated": null, "time": "bmo", "revenue": 1814395892.84, "revenueEstimated": null, "fiscalDateEnding": "2018-06-29", "updatedFromDate": "2023-05-17"}, {"date": "2018-08-29", "symbol": "600834.SS", "eps": -0.00719, "epsEstimated": null, "time": "bmo", "revenue": 194377856.71, "revenueEstimated": null, "fiscalDateEnding": "2018-06-29", "updatedFromDate": "2023-05-17"}, {"date": "2018-08-29", "symbol": "300433.SZ", "eps": 0.15, "epsEstimated": 0.11, "time": "bmo", "revenue": 6399061096.48, "revenueEstimated": null, "fiscalDateEnding": "2018-06-29", "updatedFromDate": "2023-05-17"}, {"date": "2018-08-29", "symbol": "MSZ.WA", "eps": -0.00945, "epsEstimated": null, "time": "bmo", "revenue": 137358000, "revenueEstimated": null, "fiscalDateEnding": "2018-06-30", "updatedFromDate": "2023-05-17"}, {"date": "2018-08-29", "symbol": "MOV", "eps": 0.45, "epsEstimated": 0.45, "time": "bmo", "revenue": 144093000, "revenueEstimated": 144093000, "fiscalDateEnding": "2018-07-30", "updatedFromDate": "2023-09-29"}, {"date": "2018-08-29", "symbol": "FXMBF", "eps": null, "epsEstimated": null, "time": "bmo", "revenue": null, "revenueEstimated": null, "fiscalDateEnding": "2018-06-30", "updatedFromDate": "2023-05-17"}, {"date": "2018-08-29", "symbol": "ATLY.V", "eps": null, "epsEstimated": null, "time": "bmo", "revenue": null, "revenueEstimated": null, "fiscalDateEnding": "2018-06-30", "updatedFromDate": "2023-05-17"}, {"date": "2018-08-29", "symbol": "600057.SS", "eps": 0.1253, "epsEstimated": null, "time": "bmo", "revenue": 61439692851.82, "revenueEstimated": null, "fiscalDateEnding": "2018-06-29", "updatedFromDate": "2023-05-17"}, {"date": "2018-08-29", "symbol": "603179.SS", "eps": 0.2615, "epsEstimated": null, "time": "bmo", "revenue": 783414285.7, "revenueEstimated": null, "fiscalDateEnding": "2018-05-29", "updatedFromDate": "2023-05-17"}, {"date": "2018-08-29", "symbol": "600285.SS", "eps": 0.12, "epsEstimated": null, "time": "bmo", "revenue": 547704131.08, "revenueEstimated": null, "fiscalDateEnding": "2018-06-29", "updatedFromDate": "2023-05-17"}, {"date": "2018-08-29", "symbol": "DMGI.V", "eps": -0.00698, "epsEstimated": -0.00399, "time": "bmo", "revenue": 2228496, "revenueEstimated": null, "fiscalDateEnding": "2018-06-30", "updatedFromDate": "2023-10-16"}, {"date": "2018-08-29", "symbol": "001696.SZ", "eps": 0.1083, "epsEstimated": null, "time": "bmo", "revenue": 1580011559.4, "revenueEstimated": null, "fiscalDateEnding": "2018-09-29", "updatedFromDate": "2023-05-17"}, {"date": "2018-08-29", "symbol": "SPMXF", "eps": null, "epsEstimated": null, "time": "bmo", "revenue": null, "revenueEstimated": null, "fiscalDateEnding": "2018-09-30", "updatedFromDate": "2023-05-17"}, {"date": "2018-08-29", "symbol": "300438.SZ", "eps": 0.1916, "epsEstimated": null, "time": "bmo", "revenue": 573173104.67, "revenueEstimated": null, "fiscalDateEnding": "2018-06-29", "updatedFromDate": "2023-05-17"}, {"date": "2018-08-29", "symbol": "002504.SZ", "eps": 0.07383, "epsEstimated": null, "time": "bmo", "revenue": 354648872.98, "revenueEstimated": null, "fiscalDateEnding": "2018-06-29", "updatedFromDate": "2023-05-17"}, {"date": "2018-08-29", "symbol": "300740.SZ", "eps": null, "epsEstimated": null, "time": "bmo", "revenue": null, "revenueEstimated": null, "fiscalDateEnding": "2018-06-30", "updatedFromDate": "2023-05-17"}, {"date": "2018-08-29", "symbol": "ITECH.ST", "eps": -0.26125, "epsEstimated": null, "time": "bmo", "revenue": 9270000, "revenueEstimated": null, "fiscalDateEnding": "2018-06-29", "updatedFromDate": "2023-05-17"}, {"date": "2018-08-29", "symbol": "300044.SZ", "eps": 0.0338, "epsEstimated": null, "time": "bmo", "revenue": 238663235.98, "revenueEstimated": null, "fiscalDateEnding": "2018-09-29", "updatedFromDate": "2023-05-17"}, {"date": "2018-08-29", "symbol": "VO.V", "eps": null, "epsEstimated": null, "time": "bmo", "revenue": null, "revenueEstimated": null, "fiscalDateEnding": "2018-09-30", "updatedFromDate": "2023-05-17"}, {"date": "2018-08-29", "symbol": "603308.SS", "eps": 0.06, "epsEstimated": null, "time": "bmo", "revenue": 418203913.08, "revenueEstimated": null, "fiscalDateEnding": "2018-06-29", "updatedFromDate": "2023-05-17"}, {"date": "2018-08-29", "symbol": "VRRKF", "eps": 0.2, "epsEstimated": 0.17, "time": "bmo", "revenue": null, "revenueEstimated": null, "fiscalDateEnding": "2018-06-30", "updatedFromDate": "2023-05-17"}, {"date": "2018-08-29", "symbol": "4442.T", "eps": 7.94, "epsEstimated": null, "time": "bmo", "revenue": 980782000, "revenueEstimated": null, "fiscalDateEnding": "2018-05-29", "updatedFromDate": "2023-10-17"}, {"date": "2018-08-29", "symbol": "KRKNF", "eps": 0.00606, "epsEstimated": null, "time": "bmo", "revenue": 3726647, "revenueEstimated": null, "fiscalDateEnding": "2018-06-30", "updatedFromDate": "2023-08-25"}, {"date": "2018-08-29", "symbol": "0777.HK", "eps": 0.2234, "epsEstimated": null, "time": "bmo", "revenue": 1259384750, "revenueEstimated": null, "fiscalDateEnding": "2018-05-29", "updatedFromDate": "2023-05-17"}, {"date": "2018-08-29", "symbol": "000803.SZ", "eps": 0.05248, "epsEstimated": null, "time": "bmo", "revenue": 132616215.75, "revenueEstimated": null, "fiscalDateEnding": "2018-06-29", "updatedFromDate": "2023-05-17"}, {"date": "2018-08-29", "symbol": "000630.SZ", "eps": 0.02, "epsEstimated": null, "time": "bmo", "revenue": 22985001418.47, "revenueEstimated": null, "fiscalDateEnding": "2018-06-29", "updatedFromDate": "2023-05-17"}, {"date": "2018-08-29", "symbol": "910861.TW", "eps": null, "epsEstimated": null, "time": "bmo", "revenue": null, "revenueEstimated": null, "fiscalDateEnding": "2018-05-29", "updatedFromDate": "2023-10-16"}, {"date": "2018-08-29", "symbol": "1066.HK", "eps": null, "epsEstimated": null, "time": "bmo", "revenue": null, "revenueEstimated": null, "fiscalDateEnding": "2018-05-29", "updatedFromDate": "2023-05-17"}, {"date": "2018-08-29", "symbol": "TAKOF", "eps": -0.02, "epsEstimated": -0.009, "time": "bmo", "revenue": null, "revenueEstimated": null, "fiscalDateEnding": "2018-06-30", "updatedFromDate": "2023-08-16"}, {"date": "2018-08-29", "symbol": "2849.TW", "eps": 0.25, "epsEstimated": null, "time": "bmo", "revenue": 1753705000, "revenueEstimated": null, "fiscalDateEnding": "2018-06-29", "updatedFromDate": "2023-05-17"}, {"date": "2018-08-29", "symbol": "WOWMF", "eps": -0.08, "epsEstimated": -0.03, "time": "amc", "revenue": null, "revenueEstimated": null, "fiscalDateEnding": "2018-06-30", "updatedFromDate": "2023-05-17"}, {"date": "2018-08-29", "symbol": "000709.SZ", "eps": 0.14, "epsEstimated": null, "time": "bmo", "revenue": 31142361279.61, "revenueEstimated": null, "fiscalDateEnding": "2018-06-29", "updatedFromDate": "2023-05-17"}, {"date": "2018-08-29", "symbol": "300323.SZ", "eps": 0.17, "epsEstimated": null, "time": "bmo", "revenue": 712819252.33, "revenueEstimated": null, "fiscalDateEnding": "2018-09-29", "updatedFromDate": "2023-05-17"}, {"date": "2018-08-29", "symbol": "POS.VI", "eps": 0.559, "epsEstimated": null, "time": "bmo", "revenue": 1421205000, "revenueEstimated": null, "fiscalDateEnding": "2018-05-29", "updatedFromDate": "2023-05-17"}, {"date": "2018-08-29", "symbol": "RI.PA", "eps": 1.37, "epsEstimated": null, "time": "bmo", "revenue": 2295500000, "revenueEstimated": null, "fiscalDateEnding": "2018-05-29", "updatedFromDate": "2023-10-16"}, {"date": "2018-08-29", "symbol": "MLLCF", "eps": null, "epsEstimated": null, "time": "bmo", "revenue": null, "revenueEstimated": null, "fiscalDateEnding": "2018-06-30", "updatedFromDate": "2023-08-16"}, {"date": "2018-08-29", "symbol": "002005.SZ", "eps": 0.01, "epsEstimated": null, "time": "bmo", "revenue": 991697807.64, "revenueEstimated": null, "fiscalDateEnding": "2018-06-29", "updatedFromDate": "2023-05-17"}, {"date": "2018-08-29", "symbol": "KHRNF", "eps": null, "epsEstimated": null, "time": "bmo", "revenue": null, "revenueEstimated": null, "fiscalDateEnding": "2018-06-30", "updatedFromDate": "2023-08-16"}, {"date": "2018-08-29", "symbol": "601038.SS", "eps": -0.19554, "epsEstimated": null, "time": "bmo", "revenue": 1222054619.41, "revenueEstimated": null, "fiscalDateEnding": "2018-06-29", "updatedFromDate": "2023-05-17"}, {"date": "2018-08-29", "symbol": "DLTNF", "eps": null, "epsEstimated": null, "time": "bmo", "revenue": null, "revenueEstimated": null, "fiscalDateEnding": "2018-06-30", "updatedFromDate": "2023-05-17"}, {"date": "2018-08-29", "symbol": "ENCTF", "eps": null, "epsEstimated": null, "time": "bmo", "revenue": null, "revenueEstimated": null, "fiscalDateEnding": "2018-06-30", "updatedFromDate": "2023-05-17"}, {"date": "2018-08-29", "symbol": "PRCP", "eps": 0.08, "epsEstimated": 0.11, "time": "bmo", "revenue": 23594000, "revenueEstimated": 32436250, "fiscalDateEnding": "2018-06-29", "updatedFromDate": "2023-05-17"}, {"date": "2018-08-29", "symbol": "002503.SZ", "eps": 0.08616, "epsEstimated": null, "time": "bmo", "revenue": 5677225205.87, "revenueEstimated": null, "fiscalDateEnding": "2018-06-29", "updatedFromDate": "2023-05-17"}, {"date": "2018-08-29", "symbol": "603323.SS", "eps": 0.1878, "epsEstimated": null, "time": "bmo", "revenue": 840222000, "revenueEstimated": null, "fiscalDateEnding": "2018-06-29", "updatedFromDate": "2023-05-17"}, {"date": "2018-08-29", "symbol": "BF-B", "eps": 0.41, "epsEstimated": 0.39, "time": "bmo", "revenue": 766000000, "revenueEstimated": 726717948, "fiscalDateEnding": "2018-07-30", "updatedFromDate": "2023-05-17"}, {"date": "2018-08-29", "symbol": "VMC.V", "eps": 0.09, "epsEstimated": 0.05, "time": "bmo", "revenue": 19232279.501217, "revenueEstimated": null, "fiscalDateEnding": "2018-06-30", "updatedFromDate": "2023-10-16"}, {"date": "2018-08-29", "symbol": "000707.SZ", "eps": -0.4654, "epsEstimated": null, "time": "bmo", "revenue": 881387096.61, "revenueEstimated": null, "fiscalDateEnding": "2018-05-29", "updatedFromDate": "2023-05-17"}, {"date": "2018-08-29", "symbol": "HISJF", "eps": 15.47, "epsEstimated": 27.92, "time": "bmo", "revenue": null, "revenueEstimated": null, "fiscalDateEnding": "2018-09-30", "updatedFromDate": "2023-09-29"}, {"date": "2018-08-29", "symbol": "300759.SZ", "eps": 0.1377, "epsEstimated": null, "time": "bmo", "revenue": 688422956.82, "revenueEstimated": null, "fiscalDateEnding": "2018-06-29", "updatedFromDate": "2023-05-17"}, {"date": "2018-08-29", "symbol": "600800.SS", "eps": -0.02581, "epsEstimated": null, "time": "bmo", "revenue": 43715915.19, "revenueEstimated": null, "fiscalDateEnding": "2018-06-29", "updatedFromDate": "2023-05-17"}, {"date": "2018-08-29", "symbol": "IDL.PA", "eps": null, "epsEstimated": null, "time": "bmo", "revenue": null, "revenueEstimated": null, "fiscalDateEnding": "2018-05-29", "updatedFromDate": "2023-05-17"}, {"date": "2018-08-29", "symbol": "000993.SZ", "eps": -0.07, "epsEstimated": null, "time": "bmo", "revenue": 125301553.92, "revenueEstimated": null, "fiscalDateEnding": "2018-06-29", "updatedFromDate": "2023-05-17"}, {"date": "2018-08-29", "symbol": "EDR.MC", "eps": 0.1641, "epsEstimated": null, "time": "bmo", "revenue": 158584000, "revenueEstimated": null, "fiscalDateEnding": "2018-05-29", "updatedFromDate": "2023-10-17"}, {"date": "2018-08-29", "symbol": "000638.SZ", "eps": -0.02752, "epsEstimated": null, "time": "bmo", "revenue": 24852829.71, "revenueEstimated": null, "fiscalDateEnding": "2018-06-29", "updatedFromDate": "2023-05-17"}, {"date": "2018-08-29", "symbol": "QEXGF", "eps": null, "epsEstimated": null, "time": "bmo", "revenue": null, "revenueEstimated": null, "fiscalDateEnding": "2018-06-30", "updatedFromDate": "2023-05-17"}, {"date": "2018-08-29", "symbol": "000969.SZ", "eps": -0.01876, "epsEstimated": null, "time": "bmo", "revenue": 1349416386.18, "revenueEstimated": null, "fiscalDateEnding": "2018-06-29", "updatedFromDate": "2023-05-17"}, {"date": "2018-08-29", "symbol": "ATE.TO", "eps": -0.20453, "epsEstimated": null, "time": "bmo", "revenue": 2429236, "revenueEstimated": null, "fiscalDateEnding": "2018-05-29", "updatedFromDate": "2023-10-17"}, {"date": "2018-08-29", "symbol": "600642.SS", "eps": 0.13, "epsEstimated": null, "time": "bmo", "revenue": 8141436224.56, "revenueEstimated": null, "fiscalDateEnding": "2018-06-29", "updatedFromDate": "2023-05-17"}, {"date": "2018-08-29", "symbol": "UNIRF", "eps": null, "epsEstimated": null, "time": "bmo", "revenue": null, "revenueEstimated": null, "fiscalDateEnding": "2018-06-30", "updatedFromDate": "2023-05-17"}, {"date": "2018-08-29", "symbol": "300280.SZ", "eps": 0.19, "epsEstimated": null, "time": "bmo", "revenue": 190489746.45, "revenueEstimated": null, "fiscalDateEnding": "2018-06-29", "updatedFromDate": "2023-05-17"}, {"date": "2018-08-29", "symbol": "EDAP", "eps": -0.03, "epsEstimated": -0.005, "time": "bmo", "revenue": 8603000, "revenueEstimated": null, "fiscalDateEnding": "2018-06-30", "updatedFromDate": "2023-09-29"}, {"date": "2018-08-29", "symbol": "002779.SZ", "eps": 0.00914, "epsEstimated": null, "time": "bmo", "revenue": 106221016.13, "revenueEstimated": null, "fiscalDateEnding": "2018-06-29", "updatedFromDate": "2023-05-17"}, {"date": "2018-08-29", "symbol": "600168.SS", "eps": 0.13, "epsEstimated": 0.12, "time": "bmo", "revenue": 358092864.64, "revenueEstimated": null, "fiscalDateEnding": "2018-06-29", "updatedFromDate": "2023-05-17"}, {"date": "2018-08-29", "symbol": "002082.SZ", "eps": 0.07, "epsEstimated": null, "time": "bmo", "revenue": 3636852235.14, "revenueEstimated": null, "fiscalDateEnding": "2018-05-29", "updatedFromDate": "2023-05-17"}, {"date": "2018-08-29", "symbol": "KTN.V", "eps": null, "epsEstimated": null, "time": "bmo", "revenue": null, "revenueEstimated": null, "fiscalDateEnding": "2018-06-30", "updatedFromDate": "2023-05-17"}, {"date": "2018-08-29", "symbol": "MTO.AX", "eps": 0.03381, "epsEstimated": null, "time": "bmo", "revenue": 78633500, "revenueEstimated": null, "fiscalDateEnding": "2018-05-29", "updatedFromDate": "2023-10-17"}, {"date": "2018-08-29", "symbol": "EMOTF", "eps": null, "epsEstimated": null, "time": "bmo", "revenue": null, "revenueEstimated": null, "fiscalDateEnding": "2018-09-30", "updatedFromDate": "2023-05-17"}, {"date": "2018-08-29", "symbol": "FASTAT.ST", "eps": 2.65, "epsEstimated": null, "time": "bmo", "revenue": 22613000, "revenueEstimated": null, "fiscalDateEnding": "2018-06-29", "updatedFromDate": "2023-08-16"}, {"date": "2018-08-29", "symbol": "DCHIF", "eps": null, "epsEstimated": null, "time": "bmo", "revenue": null, "revenueEstimated": null, "fiscalDateEnding": "2018-06-30", "updatedFromDate": "2023-09-29"}, {"date": "2018-08-29", "symbol": "CRRVF", "eps": -0.02, "epsEstimated": null, "time": "bmo", "revenue": null, "revenueEstimated": null, "fiscalDateEnding": "2018-06-30", "updatedFromDate": "2023-09-29"}, {"date": "2018-08-29", "symbol": "IMS.WA", "eps": 0.05248, "epsEstimated": null, "time": "bmo", "revenue": 12141000, "revenueEstimated": null, "fiscalDateEnding": "2018-05-29", "updatedFromDate": "2023-05-17"}, {"date": "2018-08-29", "symbol": "MESO", "eps": -0.22, "epsEstimated": -0.24, "time": "amc", "revenue": 1700000, "revenueEstimated": 1773913, "fiscalDateEnding": "2018-06-30", "updatedFromDate": "2023-09-29"}, {"date": "2018-08-29", "symbol": "600475.SS", "eps": 0.2, "epsEstimated": null, "time": "bmo", "revenue": 2437613192.98, "revenueEstimated": null, "fiscalDateEnding": "2018-06-29", "updatedFromDate": "2023-05-17"}, {"date": "2018-08-29", "symbol": "002594.SZ", "eps": 0.17, "epsEstimated": 0.54, "time": "bmo", "revenue": 34830396000, "revenueEstimated": null, "fiscalDateEnding": "2018-05-29", "updatedFromDate": "2023-05-17"}, {"date": "2018-08-29", "symbol": "CCM", "eps": null, "epsEstimated": 0.02, "time": "bmo", "revenue": 105115000, "revenueEstimated": null, "fiscalDateEnding": "2018-05-29", "updatedFromDate": "2023-09-29"}, {"date": "2018-08-29", "symbol": "600594.SS", "eps": 0.08, "epsEstimated": 0.15, "time": "bmo", "revenue": 928857552.18, "revenueEstimated": null, "fiscalDateEnding": "2018-06-29", "updatedFromDate": "2023-05-17"}, {"date": "2018-08-29", "symbol": "NHHH.V", "eps": -0.00953, "epsEstimated": null, "time": "bmo", "revenue": null, "revenueEstimated": null, "fiscalDateEnding": "2018-06-30", "updatedFromDate": "2023-10-16"}, {"date": "2018-08-29", "symbol": "ILHMF", "eps": null, "epsEstimated": null, "time": "bmo", "revenue": null, "revenueEstimated": null, "fiscalDateEnding": "2018-06-30", "updatedFromDate": "2023-05-17"}, {"date": "2018-08-29", "symbol": "002314.SZ", "eps": 0.01, "epsEstimated": null, "time": "bmo", "revenue": 942770998.42, "revenueEstimated": null, "fiscalDateEnding": "2018-06-29", "updatedFromDate": "2023-05-17"}, {"date": "2018-08-29", "symbol": "002073.SZ", "eps": 0.0574, "epsEstimated": null, "time": "bmo", "revenue": 624208536.75, "revenueEstimated": null, "fiscalDateEnding": "2018-06-29", "updatedFromDate": "2023-05-17"}, {"date": "2018-08-29", "symbol": "002629.SZ", "eps": 0.01315, "epsEstimated": null, "time": "bmo", "revenue": 1129516235.15, "revenueEstimated": null, "fiscalDateEnding": "2018-06-29", "updatedFromDate": "2023-05-17"}, {"date": "2018-08-29", "symbol": "000563.SZ", "eps": 0.02559, "epsEstimated": null, "time": "bmo", "revenue": 238422784.87, "revenueEstimated": null, "fiscalDateEnding": "2018-06-29", "updatedFromDate": "2023-05-17"}, {"date": "2018-08-29", "symbol": "600026.SS", "eps": -0.03252, "epsEstimated": null, "time": "bmo", "revenue": 2714906893.57, "revenueEstimated": null, "fiscalDateEnding": "2018-06-29", "updatedFromDate": "2023-05-17"}, {"date": "2018-08-29", "symbol": "091990.KQ", "eps": 71.89, "epsEstimated": 138.19, "time": "bmo", "revenue": null, "revenueEstimated": null, "fiscalDateEnding": "2018-06-30", "updatedFromDate": "2023-05-17"}, {"date": "2018-08-29", "symbol": "OVO.WA", "eps": 0.579, "epsEstimated": null, "time": "bmo", "revenue": 31205000, "revenueEstimated": null, "fiscalDateEnding": "2018-09-29", "updatedFromDate": "2023-05-17"}, {"date": "2018-08-29", "symbol": "300483.SZ", "eps": 0.02, "epsEstimated": null, "time": "bmo", "revenue": 52126775.67, "revenueEstimated": null, "fiscalDateEnding": "2018-06-29", "updatedFromDate": "2023-05-17"}, {"date": "2018-08-29", "symbol": "TTSRF", "eps": null, "epsEstimated": null, "time": "bmo", "revenue": null, "revenueEstimated": null, "fiscalDateEnding": "2018-12-31", "updatedFromDate": "2023-05-17"}, {"date": "2018-08-29", "symbol": "1250.HK", "eps": null, "epsEstimated": null, "time": "bmo", "revenue": null, "revenueEstimated": null, "fiscalDateEnding": "2018-05-29", "updatedFromDate": "2023-05-17"}, {"date": "2018-08-29", "symbol": "BBKCF", "eps": -0.01955, "epsEstimated": null, "time": "bmo", "revenue": 58926, "revenueEstimated": null, "fiscalDateEnding": "2018-06-30", "updatedFromDate": "2023-08-16"}, {"date": "2018-08-29", "symbol": "OMI.V", "eps": -0.01348, "epsEstimated": null, "time": "bmo", "revenue": null, "revenueEstimated": null, "fiscalDateEnding": "2018-05-29", "updatedFromDate": "2023-10-17"}, {"date": "2018-08-29", "symbol": "600208.SS", "eps": 0.08, "epsEstimated": null, "time": "bmo", "revenue": 2605676813.99, "revenueEstimated": null, "fiscalDateEnding": "2018-06-29", "updatedFromDate": "2023-05-17"}, {"date": "2018-08-29", "symbol": "601169.SS", "eps": 0.27, "epsEstimated": 0.33, "time": "bmo", "revenue": 13692000000, "revenueEstimated": null, "fiscalDateEnding": "2018-06-29", "updatedFromDate": "2023-08-16"}, {"date": "2018-08-29", "symbol": "002760.SZ", "eps": 0.1196, "epsEstimated": null, "time": "bmo", "revenue": 133755092.62, "revenueEstimated": null, "fiscalDateEnding": "2018-06-29", "updatedFromDate": "2023-05-17"}, {"date": "2018-08-29", "symbol": "BF.B", "eps": 0.41, "epsEstimated": 0.39, "time": "bmo", "revenue": null, "revenueEstimated": null, "fiscalDateEnding": "2018-06-30", "updatedFromDate": "2023-09-29"}, {"date": "2018-08-29", "symbol": "BUSXD", "eps": 0.03, "epsEstimated": 0.015, "time": "bmo", "revenue": null, "revenueEstimated": null, "fiscalDateEnding": "2018-06-30", "updatedFromDate": "2023-05-17"}, {"date": "2018-08-29", "symbol": "ATLYF", "eps": null, "epsEstimated": null, "time": "bmo", "revenue": null, "revenueEstimated": null, "fiscalDateEnding": "2018-06-30", "updatedFromDate": "2023-05-17"}, {"date": "2018-08-29", "symbol": "000685.SZ", "eps": 0.1353, "epsEstimated": null, "time": "bmo", "revenue": 419730983.22, "revenueEstimated": null, "fiscalDateEnding": "2018-06-29", "updatedFromDate": "2023-05-17"}, {"date": "2018-08-29", "symbol": "CEGMF", "eps": null, "epsEstimated": null, "time": "amc", "revenue": null, "revenueEstimated": null, "fiscalDateEnding": "2018-09-30", "updatedFromDate": "2023-09-29"}, {"date": "2018-08-29", "symbol": "GMALF", "eps": 0.08, "epsEstimated": 0.07, "time": "bmo", "revenue": null, "revenueEstimated": null, "fiscalDateEnding": "2018-06-30", "updatedFromDate": "2023-08-16"}, {"date": "2018-08-29", "symbol": "EUR.WA", "eps": 0.26, "epsEstimated": 0.27, "time": "bmo", "revenue": 5775374956, "revenueEstimated": null, "fiscalDateEnding": "2018-06-30", "updatedFromDate": "2023-08-17"}, {"date": "2018-08-29", "symbol": "DMGGF", "eps": -0.01, "epsEstimated": -0.00571, "time": "bmo", "revenue": null, "revenueEstimated": null, "fiscalDateEnding": "2018-06-30", "updatedFromDate": "2023-08-16"}, {"date": "2018-08-29", "symbol": "601611.SS", "eps": 0.07923, "epsEstimated": null, "time": "bmo", "revenue": 13975980958.29, "revenueEstimated": null, "fiscalDateEnding": "2018-06-29", "updatedFromDate": "2023-05-17"}, {"date": "2018-08-29", "symbol": "SLVR.V", "eps": -0.00231, "epsEstimated": null, "time": "bmo", "revenue": null, "revenueEstimated": null, "fiscalDateEnding": "2018-05-29", "updatedFromDate": "2023-10-17"}, {"date": "2018-08-29", "symbol": "BRAG.TO", "eps": -0.40409, "epsEstimated": null, "time": "bmo", "revenue": 2267380.3248, "revenueEstimated": null, "fiscalDateEnding": "2018-06-30", "updatedFromDate": "2023-10-16"}, {"date": "2018-08-29", "symbol": "OMI.L", "eps": -0.01348, "epsEstimated": null, "time": "bmo", "revenue": null, "revenueEstimated": null, "fiscalDateEnding": "2018-05-29", "updatedFromDate": "2023-10-17"}, {"date": "2018-08-29", "symbol": "CULP", "eps": 0.24, "epsEstimated": 0.24, "time": "amc", "revenue": 70963000, "revenueEstimated": 71500000, "fiscalDateEnding": "2018-05-29", "updatedFromDate": "2023-10-10"}, {"date": "2018-08-29", "symbol": "NTIOF", "eps": 1.17, "epsEstimated": 1.15, "time": "bmo", "revenue": 1785000000, "revenueEstimated": null, "fiscalDateEnding": "2018-07-31", "updatedFromDate": "2023-09-29"}, {"date": "2018-08-29", "symbol": "600595.SS", "eps": -0.02, "epsEstimated": null, "time": "bmo", "revenue": 4238415374.24, "revenueEstimated": null, "fiscalDateEnding": "2018-06-29", "updatedFromDate": "2023-05-17"}, {"date": "2018-08-29", "symbol": "QMXGF", "eps": null, "epsEstimated": null, "time": "bmo", "revenue": null, "revenueEstimated": null, "fiscalDateEnding": "2018-06-30", "updatedFromDate": "2023-05-17"}, {"date": "2018-08-29", "symbol": "AT1.F", "eps": 0.15, "epsEstimated": 0.09, "time": "bmo", "revenue": 192200000, "revenueEstimated": null, "fiscalDateEnding": "2018-05-29", "updatedFromDate": "2023-05-17"}, {"date": "2018-08-29", "symbol": "002110.SZ", "eps": 0.8, "epsEstimated": null, "time": "bmo", "revenue": 11516150342.72, "revenueEstimated": null, "fiscalDateEnding": "2018-06-29", "updatedFromDate": "2023-05-17"}, {"date": "2018-08-29", "symbol": "VBNK.TO", "eps": 0.2, "epsEstimated": 0.17, "time": "bmo", "revenue": 12982000, "revenueEstimated": null, "fiscalDateEnding": "2018-07-31", "updatedFromDate": "2023-05-17"}, {"date": "2018-08-29", "symbol": "002638.SZ", "eps": 0.02063, "epsEstimated": null, "time": "bmo", "revenue": 335129692.44, "revenueEstimated": null, "fiscalDateEnding": "2018-06-29", "updatedFromDate": "2023-05-17"}, {"date": "2018-08-29", "symbol": "000560.SZ", "eps": 0.08, "epsEstimated": null, "time": "bmo", "revenue": 2823285214.13, "revenueEstimated": null, "fiscalDateEnding": "2018-06-29", "updatedFromDate": "2023-08-16"}, {"date": "2018-08-29", "symbol": "000997.SZ", "eps": 0.14, "epsEstimated": null, "time": "bmo", "revenue": null, "revenueEstimated": null, "fiscalDateEnding": "2018-06-30", "updatedFromDate": "2023-05-17"}, {"date": "2018-08-29", "symbol": "CHALF", "eps": 0.1296, "epsEstimated": null, "time": "amc", "revenue": 3681636, "revenueEstimated": null, "fiscalDateEnding": "2018-06-30", "updatedFromDate": "2023-05-17"}, {"date": "2018-08-29", "symbol": "PTE.V", "eps": -0.02, "epsEstimated": null, "time": "bmo", "revenue": 844706, "revenueEstimated": null, "fiscalDateEnding": "2018-06-30", "updatedFromDate": "2023-10-16"}, {"date": "2018-08-29", "symbol": "600376.SS", "eps": 0.37, "epsEstimated": 0.32, "time": "bmo", "revenue": 11395854787.51, "revenueEstimated": null, "fiscalDateEnding": "2018-06-29", "updatedFromDate": "2023-08-16"}, {"date": "2018-08-29", "symbol": "SYN.IC", "eps": 0.76, "epsEstimated": null, "time": "bmo", "revenue": 5449000000, "revenueEstimated": null, "fiscalDateEnding": "2018-05-29", "updatedFromDate": "2023-05-17"}, {"date": "2018-08-29", "symbol": "XLY.TO", "eps": -0.02545, "epsEstimated": null, "time": "bmo", "revenue": 282000, "revenueEstimated": null, "fiscalDateEnding": "2018-06-30", "updatedFromDate": "2023-10-16"}, {"date": "2018-08-29", "symbol": "601117.SS", "eps": 0.14, "epsEstimated": null, "time": "bmo", "revenue": 19089598675.95, "revenueEstimated": null, "fiscalDateEnding": "2018-06-29", "updatedFromDate": "2023-05-17"}, {"date": "2018-08-29", "symbol": "TOUR", "eps": -0.02, "epsEstimated": -0.4, "time": "bmo", "revenue": 525250000, "revenueEstimated": 768178125, "fiscalDateEnding": "2018-06-30", "updatedFromDate": "2023-09-29"}, {"date": "2018-08-29", "symbol": "GWM.V", "eps": null, "epsEstimated": null, "time": "bmo", "revenue": null, "revenueEstimated": null, "fiscalDateEnding": "2018-06-30", "updatedFromDate": "2023-05-17"}, {"date": "2018-08-29", "symbol": "COGDF", "eps": null, "epsEstimated": null, "time": "bmo", "revenue": null, "revenueEstimated": null, "fiscalDateEnding": "2018-06-30", "updatedFromDate": "2023-05-17"}, {"date": "2018-08-29", "symbol": "002188.SZ", "eps": -0.21592, "epsEstimated": null, "time": "bmo", "revenue": 33830450.55, "revenueEstimated": null, "fiscalDateEnding": "2018-06-29", "updatedFromDate": "2023-05-17"}, {"date": "2018-08-29", "symbol": "600383.SS", "eps": 0.29, "epsEstimated": 0.33, "time": "bmo", "revenue": 8217181149.36, "revenueEstimated": null, "fiscalDateEnding": "2018-06-29", "updatedFromDate": "2023-08-16"}, {"date": "2018-08-29", "symbol": "CKG.V", "eps": -0.01347, "epsEstimated": null, "time": "bmo", "revenue": null, "revenueEstimated": null, "fiscalDateEnding": "2018-06-29", "updatedFromDate": "2023-05-17"}, {"date": "2018-08-29", "symbol": "SMTC", "eps": 0.55, "epsEstimated": 0.54, "time": "amc", "revenue": 163211000, "revenueEstimated": 160232727.27272728, "fiscalDateEnding": "2018-07-28", "updatedFromDate": "2023-09-29"}, {"date": "2018-08-29", "symbol": "JNEXF", "eps": null, "epsEstimated": null, "time": "bmo", "revenue": null, "revenueEstimated": null, "fiscalDateEnding": "2018-06-30", "updatedFromDate": "2023-05-17"}, {"date": "2018-08-29", "symbol": "GTBAF", "eps": null, "epsEstimated": null, "time": "bmo", "revenue": null, "revenueEstimated": null, "fiscalDateEnding": "2018-06-30", "updatedFromDate": "2023-05-17"}, {"date": "2018-08-29", "symbol": "300382.SZ", "eps": 0.07, "epsEstimated": null, "time": "bmo", "revenue": 155193542.17, "revenueEstimated": null, "fiscalDateEnding": "2018-06-29", "updatedFromDate": "2023-05-17"}, {"date": "2018-08-29", "symbol": "002602.SZ", "eps": 0.0989, "epsEstimated": null, "time": "bmo", "revenue": 2518388651.37, "revenueEstimated": null, "fiscalDateEnding": "2018-06-29", "updatedFromDate": "2023-08-16"}, {"date": "2018-08-29", "symbol": "CBWTF", "eps": -0.02545, "epsEstimated": null, "time": "bmo", "revenue": 282000, "revenueEstimated": null, "fiscalDateEnding": "2018-06-30", "updatedFromDate": "2023-09-29"}, {"date": "2018-08-29", "symbol": "601929.SS", "eps": 0.03019, "epsEstimated": null, "time": "bmo", "revenue": 488524346.36, "revenueEstimated": null, "fiscalDateEnding": "2018-06-29", "updatedFromDate": "2023-05-17"}, {"date": "2018-08-29", "symbol": "601198.SS", "eps": 0.1076, "epsEstimated": null, "time": "bmo", "revenue": 807726366.44, "revenueEstimated": null, "fiscalDateEnding": "2018-06-29", "updatedFromDate": "2023-05-17"}, {"date": "2018-08-29", "symbol": "8463.TW", "eps": 0.18, "epsEstimated": null, "time": "bmo", "revenue": 627157000, "revenueEstimated": null, "fiscalDateEnding": "2018-06-29", "updatedFromDate": "2023-05-17"}, {"date": "2018-08-29", "symbol": "002308.SZ", "eps": 0.07, "epsEstimated": 0.1, "time": "bmo", "revenue": 304588823.59, "revenueEstimated": null, "fiscalDateEnding": "2018-06-29", "updatedFromDate": "2023-05-17"}, {"date": "2018-08-29", "symbol": "600258.SS", "eps": 0.27, "epsEstimated": null, "time": "bmo", "revenue": 2077902275.27, "revenueEstimated": null, "fiscalDateEnding": "2018-06-29", "updatedFromDate": "2023-05-17"}, {"date": "2018-08-29", "symbol": "000623.SZ", "eps": 0.2445, "epsEstimated": null, "time": "bmo", "revenue": 872657732.3, "revenueEstimated": null, "fiscalDateEnding": "2018-06-29", "updatedFromDate": "2023-05-17"}, {"date": "2018-08-29", "symbol": "AXIC-A.ST", "eps": -0.1932, "epsEstimated": null, "time": "bmo", "revenue": null, "revenueEstimated": null, "fiscalDateEnding": "2018-06-29", "updatedFromDate": "2023-05-17"}, {"date": "2018-08-29", "symbol": "603699.SS", "eps": 0.1, "epsEstimated": null, "time": "bmo", "revenue": 793877111.41, "revenueEstimated": null, "fiscalDateEnding": "2018-06-29", "updatedFromDate": "2023-05-17"}, {"date": "2018-08-29", "symbol": "IMMZF", "eps": null, "epsEstimated": null, "time": "bmo", "revenue": null, "revenueEstimated": null, "fiscalDateEnding": "2018-06-30", "updatedFromDate": "2023-05-17"}, {"date": "2018-08-29", "symbol": "KTOV", "eps": null, "epsEstimated": -0.01, "time": "bmo", "revenue": null, "revenueEstimated": null, "fiscalDateEnding": "2018-06-30", "updatedFromDate": "2023-05-17"}, {"date": "2018-08-29", "symbol": "SDPNF", "eps": null, "epsEstimated": 0.07, "time": "bmo", "revenue": null, "revenueEstimated": null, "fiscalDateEnding": "2018-06-30", "updatedFromDate": "2023-05-17"}, {"date": "2018-08-29", "symbol": "002769.SZ", "eps": 0.09, "epsEstimated": null, "time": "bmo", "revenue": 1238963628.45, "revenueEstimated": null, "fiscalDateEnding": "2018-06-29", "updatedFromDate": "2023-05-17"}, {"date": "2018-08-29", "symbol": "6830.HK", "eps": null, "epsEstimated": null, "time": "bmo", "revenue": null, "revenueEstimated": null, "fiscalDateEnding": "2018-05-29", "updatedFromDate": "2023-05-17"}, {"date": "2018-08-29", "symbol": "002441.SZ", "eps": 0.11, "epsEstimated": null, "time": "bmo", "revenue": 2361658406.28, "revenueEstimated": null, "fiscalDateEnding": "2018-05-29", "updatedFromDate": "2023-05-17"}, {"date": "2018-08-29", "symbol": "300115.SZ", "eps": 0.07, "epsEstimated": 0.08, "time": "bmo", "revenue": 2394862584.68, "revenueEstimated": null, "fiscalDateEnding": "2018-05-29", "updatedFromDate": "2023-05-17"}, {"date": "2018-08-29", "symbol": "NA.TO", "eps": 1.53, "epsEstimated": 1.5, "time": "bmo", "revenue": 1785000000, "revenueEstimated": null, "fiscalDateEnding": "2018-07-31", "updatedFromDate": "2023-05-17"}, {"date": "2018-08-29", "symbol": "000723.SZ", "eps": 0.05655, "epsEstimated": null, "time": "bmo", "revenue": 3503644199.22, "revenueEstimated": null, "fiscalDateEnding": "2018-06-29", "updatedFromDate": "2023-05-17"}, {"date": "2018-08-29", "symbol": "DN.TO", "eps": -0.02935, "epsEstimated": null, "time": "bmo", "revenue": 715746, "revenueEstimated": null, "fiscalDateEnding": "2018-06-30", "updatedFromDate": "2023-10-16"}, {"date": "2018-08-29", "symbol": "GES", "eps": 0.36, "epsEstimated": 0.32, "time": "amc", "revenue": 645871000, "revenueEstimated": 574133333.3333334, "fiscalDateEnding": "2018-08-03", "updatedFromDate": "2023-09-29"}, {"date": "2018-08-29", "symbol": "LNTA.L", "eps": null, "epsEstimated": null, "time": "bmo", "revenue": null, "revenueEstimated": null, "fiscalDateEnding": "2018-05-29", "updatedFromDate": "2023-05-17"}, {"date": "2018-08-29", "symbol": "300352.SZ", "eps": 0.0064, "epsEstimated": null, "time": "bmo", "revenue": 108747934.66, "revenueEstimated": null, "fiscalDateEnding": "2018-09-29", "updatedFromDate": "2023-05-17"}, {"date": "2018-08-29", "symbol": "KVLQF", "eps": null, "epsEstimated": null, "time": "bmo", "revenue": null, "revenueEstimated": null, "fiscalDateEnding": "2018-09-30", "updatedFromDate": "2023-05-17"}, {"date": "2018-08-29", "symbol": "SPI.VI", "eps": null, "epsEstimated": null, "time": "bmo", "revenue": null, "revenueEstimated": null, "fiscalDateEnding": "2018-06-30", "updatedFromDate": "2023-08-02"}, {"date": "2018-08-29", "symbol": "000564.SZ", "eps": 0.03892, "epsEstimated": null, "time": "bmo", "revenue": 3793904841.31, "revenueEstimated": null, "fiscalDateEnding": "2018-06-29", "updatedFromDate": "2023-05-17"}, {"date": "2018-08-29", "symbol": "PWZYF", "eps": 0.91, "epsEstimated": 0.85, "time": "bmo", "revenue": null, "revenueEstimated": null, "fiscalDateEnding": "2018-06-30", "updatedFromDate": "2023-05-17"}, {"date": "2018-08-29", "symbol": "RGLSF", "eps": null, "epsEstimated": null, "time": "bmo", "revenue": null, "revenueEstimated": null, "fiscalDateEnding": "2018-09-30", "updatedFromDate": "2023-05-17"}, {"date": "2018-08-29", "symbol": "BF.A", "eps": 0.41, "epsEstimated": null, "time": "bmo", "revenue": null, "revenueEstimated": null, "fiscalDateEnding": "2018-06-30", "updatedFromDate": "2023-09-29"}, {"date": "2018-08-29", "symbol": "002780.SZ", "eps": 0.00519, "epsEstimated": null, "time": "bmo", "revenue": 106925198.26, "revenueEstimated": null, "fiscalDateEnding": "2018-06-29", "updatedFromDate": "2023-05-17"}, {"date": "2018-08-29", "symbol": "GRIN", "eps": -0.70568, "epsEstimated": null, "time": "bmo", "revenue": 150841000, "revenueEstimated": null, "fiscalDateEnding": "2018-06-29", "updatedFromDate": "2023-09-29"}, {"date": "2018-08-29", "symbol": "IZAFE-B.ST", "eps": -0.30274, "epsEstimated": null, "time": "bmo", "revenue": null, "revenueEstimated": null, "fiscalDateEnding": "2018-06-29", "updatedFromDate": "2023-05-17"}, {"date": "2018-08-29", "symbol": "FESTI.IC", "eps": 2.69, "epsEstimated": null, "time": "bmo", "revenue": 10931549000, "revenueEstimated": null, "fiscalDateEnding": "2018-06-29", "updatedFromDate": "2023-05-17"}, {"date": "2018-08-29", "symbol": "YTLPF", "eps": null, "epsEstimated": null, "time": "bmo", "revenue": null, "revenueEstimated": null, "fiscalDateEnding": "2018-06-30", "updatedFromDate": "2023-05-17"}, {"date": "2018-08-29", "symbol": "002065.SZ", "eps": 0.06, "epsEstimated": null, "time": "bmo", "revenue": 1723962640.02, "revenueEstimated": null, "fiscalDateEnding": "2018-06-29", "updatedFromDate": "2023-05-17"}, {"date": "2018-08-29", "symbol": "TN.CN", "eps": -0.01703, "epsEstimated": null, "time": "bmo", "revenue": null, "revenueEstimated": null, "fiscalDateEnding": "2018-05-29", "updatedFromDate": "2023-10-17"}, {"date": "2018-08-29", "symbol": "600117.SS", "eps": 0.00118, "epsEstimated": null, "time": "bmo", "revenue": 1729461111.51, "revenueEstimated": null, "fiscalDateEnding": "2018-06-29", "updatedFromDate": "2023-05-17"}, {"date": "2018-08-29", "symbol": "DMI.V", "eps": null, "epsEstimated": null, "time": "bmo", "revenue": null, "revenueEstimated": null, "fiscalDateEnding": "2018-12-31", "updatedFromDate": "2023-05-17"}, {"date": "2018-08-29", "symbol": "000158.SZ", "eps": 0.03121, "epsEstimated": null, "time": "bmo", "revenue": 1949496029.56, "revenueEstimated": null, "fiscalDateEnding": "2018-06-29", "updatedFromDate": "2023-05-17"}, {"date": "2018-08-29", "symbol": "BOPFF", "eps": null, "epsEstimated": null, "time": "bmo", "revenue": null, "revenueEstimated": null, "fiscalDateEnding": "2018-12-31", "updatedFromDate": "2023-05-17"}, {"date": "2018-08-29", "symbol": "600191.SS", "eps": -0.05492, "epsEstimated": null, "time": "bmo", "revenue": 1221245, "revenueEstimated": null, "fiscalDateEnding": "2018-06-29", "updatedFromDate": "2023-05-17"}, {"date": "2018-08-29", "symbol": "603043.SS", "eps": 0.03988, "epsEstimated": null, "time": "bmo", "revenue": 346683964.13, "revenueEstimated": null, "fiscalDateEnding": "2018-06-29", "updatedFromDate": "2023-05-17"}, {"date": "2018-08-29", "symbol": "EXPR", "eps": 0.6, "epsEstimated": -0.2, "time": "bmo", "revenue": 451271000, "revenueEstimated": null, "fiscalDateEnding": "2018-05-29", "updatedFromDate": "2023-10-10"}, {"date": "2018-08-29", "symbol": "8050.SR", "eps": 0.995, "epsEstimated": null, "time": "bmo", "revenue": 186825000, "revenueEstimated": null, "fiscalDateEnding": "2018-06-29", "updatedFromDate": "2023-05-17"}, {"date": "2018-08-29", "symbol": "000402.SZ", "eps": 0.11, "epsEstimated": 0.24, "time": "bmo", "revenue": 3201898201.31, "revenueEstimated": null, "fiscalDateEnding": "2018-06-29", "updatedFromDate": "2023-08-16"}, {"date": "2018-08-29", "symbol": "002112.SZ", "eps": -0.05637, "epsEstimated": null, "time": "bmo", "revenue": 156871442.04, "revenueEstimated": null, "fiscalDateEnding": "2018-06-29", "updatedFromDate": "2023-05-17"}, {"date": "2018-08-29", "symbol": "DIGIGR.HE", "eps": -0.00207, "epsEstimated": null, "time": "bmo", "revenue": 5803000, "revenueEstimated": null, "fiscalDateEnding": "2018-05-29", "updatedFromDate": "2023-05-17"}, {"date": "2018-08-29", "symbol": "002374.SZ", "eps": 0.03, "epsEstimated": null, "time": "bmo", "revenue": 350097921.77, "revenueEstimated": null, "fiscalDateEnding": "2018-06-29", "updatedFromDate": "2023-05-17"}, {"date": "2018-08-29", "symbol": "002732.SZ", "eps": 0.21, "epsEstimated": null, "time": "bmo", "revenue": 355302887.44, "revenueEstimated": null, "fiscalDateEnding": "2018-06-29", "updatedFromDate": "2023-05-17"}, {"date": "2018-08-29", "symbol": "MSCLF", "eps": null, "epsEstimated": null, "time": "bmo", "revenue": null, "revenueEstimated": null, "fiscalDateEnding": "2018-06-30", "updatedFromDate": "2023-09-29"}, {"date": "2018-08-29", "symbol": "300251.SZ", "eps": 0.04, "epsEstimated": 0.07, "time": "bmo", "revenue": 320187442.47, "revenueEstimated": null, "fiscalDateEnding": "2018-06-29", "updatedFromDate": "2023-08-16"}, {"date": "2018-08-29", "symbol": "TLYS", "eps": 0.29, "epsEstimated": 0.26, "time": "amc", "revenue": 130303000, "revenueEstimated": 141117241.37931037, "fiscalDateEnding": "2018-05-29", "updatedFromDate": "2023-10-10"}, {"date": "2018-08-29", "symbol": "002019.SZ", "eps": 0.18, "epsEstimated": null, "time": "bmo", "revenue": 1072705607.36, "revenueEstimated": null, "fiscalDateEnding": "2018-06-29", "updatedFromDate": "2023-05-17"}, {"date": "2018-08-29", "symbol": "TAYD", "eps": 0.04, "epsEstimated": null, "time": "bmo", "revenue": 6410815, "revenueEstimated": null, "fiscalDateEnding": "2018-05-30", "updatedFromDate": "2023-09-29"}, {"date": "2018-08-29", "symbol": "601515.SS", "eps": 0.11, "epsEstimated": null, "time": "bmo", "revenue": 814827396.27, "revenueEstimated": null, "fiscalDateEnding": "2018-06-29", "updatedFromDate": "2023-05-17"}, {"date": "2018-08-29", "symbol": "034590.KS", "eps": -33.23096, "epsEstimated": null, "time": "bmo", "revenue": 79882295000, "revenueEstimated": null, "fiscalDateEnding": "2018-09-29", "updatedFromDate": "2023-05-17"}, {"date": "2018-08-29", "symbol": "ECNLF", "eps": null, "epsEstimated": null, "time": "bmo", "revenue": null, "revenueEstimated": null, "fiscalDateEnding": "2018-06-30", "updatedFromDate": "2023-05-17"}, {"date": "2018-08-29", "symbol": "300706.SZ", "eps": null, "epsEstimated": null, "time": "bmo", "revenue": null, "revenueEstimated": null, "fiscalDateEnding": "2018-06-30", "updatedFromDate": "2023-05-17"}, {"date": "2018-08-29", "symbol": "002231.SZ", "eps": -0.00566, "epsEstimated": null, "time": "bmo", "revenue": 74804892.38, "revenueEstimated": null, "fiscalDateEnding": "2018-06-29", "updatedFromDate": "2023-05-17"}, {"date": "2018-08-29", "symbol": "002743.SZ", "eps": 0.09475, "epsEstimated": null, "time": "bmo", "revenue": 747447300.79, "revenueEstimated": null, "fiscalDateEnding": "2018-06-29", "updatedFromDate": "2023-05-17"}, {"date": "2018-08-29", "symbol": "PLNHF", "eps": -0.0406, "epsEstimated": null, "time": "amc", "revenue": 4426197, "revenueEstimated": null, "fiscalDateEnding": "2018-06-30", "updatedFromDate": "2023-05-17"}, {"date": "2018-08-29", "symbol": "EMHTF", "eps": -0.04319, "epsEstimated": null, "time": "bmo", "revenue": 284262, "revenueEstimated": null, "fiscalDateEnding": "2018-06-29", "updatedFromDate": "2023-05-17"}, {"date": "2018-08-29", "symbol": "603387.SS", "eps": 0.1753, "epsEstimated": null, "time": "bmo", "revenue": 166046187.52, "revenueEstimated": null, "fiscalDateEnding": "2018-06-29", "updatedFromDate": "2023-05-17"}, {"date": "2018-08-29", "symbol": "000558.SZ", "eps": 0.00739, "epsEstimated": null, "time": "bmo", "revenue": 377158165.26, "revenueEstimated": null, "fiscalDateEnding": "2018-06-29", "updatedFromDate": "2023-05-17"}, {"date": "2018-08-29", "symbol": "LND", "eps": 0.11, "epsEstimated": null, "time": "bmo", "revenue": 147194000, "revenueEstimated": null, "fiscalDateEnding": "2018-06-30", "updatedFromDate": "2023-09-29"}, {"date": "2018-08-29", "symbol": "LKOH.ME", "eps": 255.54, "epsEstimated": null, "time": "bmo", "revenue": 2154121000000, "revenueEstimated": null, "fiscalDateEnding": "2018-05-29", "updatedFromDate": "2023-05-17"}, {"date": "2018-08-29", "symbol": "002345.SZ", "eps": 0.08, "epsEstimated": null, "time": "bmo", "revenue": 784599505, "revenueEstimated": null, "fiscalDateEnding": "2018-06-29", "updatedFromDate": "2023-05-17"}, {"date": "2018-08-29", "symbol": "300113.SZ", "eps": 0.19, "epsEstimated": null, "time": "bmo", "revenue": 529453479.54, "revenueEstimated": null, "fiscalDateEnding": "2018-05-29", "updatedFromDate": "2023-05-17"}, {"date": "2018-08-29", "symbol": "603301.SS", "eps": 0.2181, "epsEstimated": null, "time": "bmo", "revenue": 385124027.97, "revenueEstimated": null, "fiscalDateEnding": "2018-06-29", "updatedFromDate": "2023-05-17"}, {"date": "2018-08-29", "symbol": "HPQ.V", "eps": -0.00229, "epsEstimated": null, "time": "bmo", "revenue": null, "revenueEstimated": null, "fiscalDateEnding": "2018-09-29", "updatedFromDate": "2023-05-17"}, {"date": "2018-08-29", "symbol": "MAHA-A.ST", "eps": 0.019, "epsEstimated": null, "time": "bmo", "revenue": 7859000, "revenueEstimated": null, "fiscalDateEnding": "2018-06-30", "updatedFromDate": "2023-08-17"}, {"date": "2018-08-29", "symbol": "601018.SS", "eps": 0.06, "epsEstimated": null, "time": "bmo", "revenue": 5776634000, "revenueEstimated": null, "fiscalDateEnding": "2018-06-29", "updatedFromDate": "2023-05-17"}, {"date": "2018-08-29", "symbol": "RCLF.CN", "eps": -0.00365, "epsEstimated": null, "time": "bmo", "revenue": null, "revenueEstimated": null, "fiscalDateEnding": "2018-05-29", "updatedFromDate": "2023-10-17"}, {"date": "2018-08-29", "symbol": "CRM", "eps": 0.71, "epsEstimated": 0.47, "time": "amc", "revenue": 3281000000, "revenueEstimated": 2171929577.464789, "fiscalDateEnding": "2018-07-30", "updatedFromDate": "2023-09-29"}, {"date": "2018-08-29", "symbol": "000597.SZ", "eps": 0.06087, "epsEstimated": null, "time": "bmo", "revenue": 1769709832.04, "revenueEstimated": null, "fiscalDateEnding": "2018-06-29", "updatedFromDate": "2023-05-17"}, {"date": "2018-08-29", "symbol": "GEF.B", "eps": 1.72, "epsEstimated": null, "time": "amc", "revenue": null, "revenueEstimated": null, "fiscalDateEnding": "2018-06-30", "updatedFromDate": "2023-09-29"}, {"date": "2018-08-29", "symbol": "300622.SZ", "eps": null, "epsEstimated": null, "time": "bmo", "revenue": null, "revenueEstimated": null, "fiscalDateEnding": "2018-06-30", "updatedFromDate": "2023-05-17"}, {"date": "2018-08-29", "symbol": "600125.SS", "eps": 0.11, "epsEstimated": 0.08, "time": "bmo", "revenue": 4788461901.33, "revenueEstimated": null, "fiscalDateEnding": "2018-06-30", "updatedFromDate": "2023-08-25"}, {"date": "2018-08-29", "symbol": "HIVE", "eps": -0.5801, "epsEstimated": null, "time": "bmo", "revenue": 2021029, "revenueEstimated": null, "fiscalDateEnding": "2018-05-29", "updatedFromDate": "2023-10-10"}, {"date": "2018-08-29", "symbol": "BFSAF", "eps": 0.68, "epsEstimated": 0.79, "time": "bmo", "revenue": null, "revenueEstimated": null, "fiscalDateEnding": "2018-06-30", "updatedFromDate": "2023-05-17"}, {"date": "2018-08-29", "symbol": "CLIME-B.ST", "eps": -0.57776, "epsEstimated": null, "time": "bmo", "revenue": 12164000, "revenueEstimated": null, "fiscalDateEnding": "2018-06-29", "updatedFromDate": "2023-05-17"}, {"date": "2018-08-29", "symbol": "002346.SZ", "eps": 0.06292, "epsEstimated": null, "time": "bmo", "revenue": 126806980.72, "revenueEstimated": null, "fiscalDateEnding": "2018-06-29", "updatedFromDate": "2023-05-17"}, {"date": "2018-08-29", "symbol": "CLRYF", "eps": null, "epsEstimated": null, "time": "bmo", "revenue": null, "revenueEstimated": null, "fiscalDateEnding": "2018-06-30", "updatedFromDate": "2023-05-17"}, {"date": "2018-08-29", "symbol": "GEBHF", "eps": 0.11, "epsEstimated": 0.16, "time": "bmo", "revenue": null, "revenueEstimated": null, "fiscalDateEnding": "2018-06-30", "updatedFromDate": "2023-05-17"}, {"date": "2018-08-29", "symbol": "DKS", "eps": 1.2, "epsEstimated": 1.04, "time": "bmo", "revenue": 1920677000, "revenueEstimated": 1923458333.3333335, "fiscalDateEnding": "2018-05-29", "updatedFromDate": "2023-10-10"}, {"date": "2018-08-29", "symbol": "SFPN.SW", "eps": null, "epsEstimated": null, "time": "bmo", "revenue": null, "revenueEstimated": null, "fiscalDateEnding": "2018-05-29", "updatedFromDate": "2023-05-17"}, {"date": "2018-08-29", "symbol": "600000.SS", "eps": 0.49, "epsEstimated": 0.63, "time": "bmo", "revenue": 42569000000, "revenueEstimated": null, "fiscalDateEnding": "2018-06-29", "updatedFromDate": "2023-05-17"}, {"date": "2018-08-29", "symbol": "CHAL.CN", "eps": 0.1296, "epsEstimated": null, "time": "bmo", "revenue": 3681636, "revenueEstimated": null, "fiscalDateEnding": "2018-06-30", "updatedFromDate": "2023-10-16"}, {"date": "2018-08-29", "symbol": "CCGDF", "eps": null, "epsEstimated": null, "time": "bmo", "revenue": null, "revenueEstimated": null, "fiscalDateEnding": "2018-06-30", "updatedFromDate": "2023-05-17"}, {"date": "2018-08-29", "symbol": "603970.SS", "eps": 0.3053, "epsEstimated": null, "time": "bmo", "revenue": 1276880073.88, "revenueEstimated": null, "fiscalDateEnding": "2018-06-29", "updatedFromDate": "2023-05-17"}, {"date": "2018-08-29", "symbol": "SRGMF", "eps": -0.01, "epsEstimated": -0.01, "time": "bmo", "revenue": null, "revenueEstimated": null, "fiscalDateEnding": "2018-06-30", "updatedFromDate": "2023-05-17"}, {"date": "2018-08-29", "symbol": "GEF", "eps": 1.2, "epsEstimated": 1.08, "time": "amc", "revenue": 1012100000, "revenueEstimated": 910890000.0000001, "fiscalDateEnding": "2018-07-30", "updatedFromDate": "2023-09-29"}, {"date": "2018-08-29", "symbol": "601001.SS", "eps": 0.21, "epsEstimated": null, "time": "bmo", "revenue": 2543145673.07, "revenueEstimated": null, "fiscalDateEnding": "2018-06-29", "updatedFromDate": "2023-05-17"}, {"date": "2018-08-29", "symbol": "BUSXF", "eps": 0.03, "epsEstimated": 0.015, "time": "bmo", "revenue": null, "revenueEstimated": null, "fiscalDateEnding": "2018-06-30", "updatedFromDate": "2023-05-17"}, {"date": "2018-08-29", "symbol": "002841.SZ", "eps": 0.4027, "epsEstimated": null, "time": "bmo", "revenue": 3558513848.65, "revenueEstimated": null, "fiscalDateEnding": "2018-06-29", "updatedFromDate": "2023-08-16"}, {"date": "2018-08-29", "symbol": "1359.HK", "eps": null, "epsEstimated": null, "time": "bmo", "revenue": null, "revenueEstimated": null, "fiscalDateEnding": "2018-05-29", "updatedFromDate": "2023-05-17"}, {"date": "2018-08-29", "symbol": "ECNL.MI", "eps": null, "epsEstimated": null, "time": "bmo", "revenue": null, "revenueEstimated": null, "fiscalDateEnding": "2018-06-30", "updatedFromDate": "2023-08-16"}, {"date": "2018-08-29", "symbol": "AAU.V", "eps": null, "epsEstimated": null, "time": "bmo", "revenue": null, "revenueEstimated": null, "fiscalDateEnding": "2018-12-31", "updatedFromDate": "2023-05-17"}, {"date": "2018-08-29", "symbol": "1508.HK", "eps": null, "epsEstimated": null, "time": "bmo", "revenue": null, "revenueEstimated": null, "fiscalDateEnding": "2018-05-29", "updatedFromDate": "2023-05-17"}, {"date": "2018-08-29", "symbol": "HISEF", "eps": null, "epsEstimated": null, "time": "bmo", "revenue": null, "revenueEstimated": null, "fiscalDateEnding": "2018-06-30", "updatedFromDate": "2023-05-17"}, {"date": "2018-08-29", "symbol": "000880.SZ", "eps": 0.07832, "epsEstimated": null, "time": "bmo", "revenue": 645865599.43, "revenueEstimated": null, "fiscalDateEnding": "2018-06-29", "updatedFromDate": "2023-05-17"}, {"date": "2018-08-29", "symbol": "000543.SZ", "eps": 0.03205, "epsEstimated": null, "time": "bmo", "revenue": 2855637769.31, "revenueEstimated": null, "fiscalDateEnding": "2018-06-29", "updatedFromDate": "2023-05-17"}, {"date": "2018-08-29", "symbol": "LGNRF", "eps": null, "epsEstimated": 1.02, "time": "bmo", "revenue": null, "revenueEstimated": null, "fiscalDateEnding": "2018-06-30", "updatedFromDate": "2023-05-17"}, {"date": "2018-08-29", "symbol": "DWWEF", "eps": null, "epsEstimated": null, "time": "amc", "revenue": null, "revenueEstimated": null, "fiscalDateEnding": "2018-12-31", "updatedFromDate": "2023-05-17"}, {"date": "2018-08-29", "symbol": "HIPEF", "eps": null, "epsEstimated": null, "time": "bmo", "revenue": null, "revenueEstimated": null, "fiscalDateEnding": "2018-06-30", "updatedFromDate": "2023-05-17"}, {"date": "2018-08-29", "symbol": "ALLK", "eps": 4.17, "epsEstimated": 0.27, "time": "bmo", "revenue": null, "revenueEstimated": null, "fiscalDateEnding": "2018-06-29", "updatedFromDate": "2023-09-29"}, {"date": "2018-08-29", "symbol": "RVU.WA", "eps": -0.19403, "epsEstimated": null, "time": "bmo", "revenue": 19384656, "revenueEstimated": null, "fiscalDateEnding": "2018-05-29", "updatedFromDate": "2023-05-17"}, {"date": "2018-08-29", "symbol": "HRPMF", "eps": null, "epsEstimated": null, "time": "bmo", "revenue": null, "revenueEstimated": null, "fiscalDateEnding": "2018-06-30", "updatedFromDate": "2023-05-17"}, {"date": "2018-08-29", "symbol": "002074.SZ", "eps": 0.27, "epsEstimated": 0.16, "time": "bmo", "revenue": 1546909644.04, "revenueEstimated": null, "fiscalDateEnding": "2018-06-29", "updatedFromDate": "2023-08-16"}, {"date": "2018-08-29", "symbol": "600284.SS", "eps": 0.1284, "epsEstimated": null, "time": "bmo", "revenue": 693530028, "revenueEstimated": null, "fiscalDateEnding": "2018-06-29", "updatedFromDate": "2023-05-17"}, {"date": "2018-08-29", "symbol": "FLEXM.ST", "eps": -0.00732, "epsEstimated": null, "time": "bmo", "revenue": 1038408, "revenueEstimated": null, "fiscalDateEnding": "2018-06-30", "updatedFromDate": "2023-10-16"}, {"date": "2018-08-29", "symbol": "600882.SS", "eps": 0.03, "epsEstimated": null, "time": "bmo", "revenue": 275032509.84, "revenueEstimated": null, "fiscalDateEnding": "2018-06-30", "updatedFromDate": "2023-08-17"}, {"date": "2018-08-29", "symbol": "RMRDF", "eps": null, "epsEstimated": null, "time": "bmo", "revenue": null, "revenueEstimated": null, "fiscalDateEnding": "2018-06-30", "updatedFromDate": "2023-05-17"}, {"date": "2018-08-29", "symbol": "000524.SZ", "eps": 0.09267, "epsEstimated": null, "time": "bmo", "revenue": 1538428242.28, "revenueEstimated": null, "fiscalDateEnding": "2018-06-29", "updatedFromDate": "2023-05-17"}, {"date": "2018-08-29", "symbol": "000528.SZ", "eps": 0.2, "epsEstimated": 0.25, "time": "bmo", "revenue": 5281521187.87, "revenueEstimated": null, "fiscalDateEnding": "2018-06-29", "updatedFromDate": "2023-05-17"}, {"date": "2018-08-29", "symbol": "HVBTF", "eps": -0.01, "epsEstimated": -0.00333, "time": "bmo", "revenue": null, "revenueEstimated": null, "fiscalDateEnding": "2018-06-30", "updatedFromDate": "2023-05-17"}, {"date": "2018-08-29", "symbol": "6099.HK", "eps": 0.07, "epsEstimated": 0.27, "time": "bmo", "revenue": 1931177105.61, "revenueEstimated": null, "fiscalDateEnding": "2018-06-29", "updatedFromDate": "2023-08-16"}, {"date": "2018-08-29", "symbol": "RFLFF", "eps": null, "epsEstimated": null, "time": "bmo", "revenue": null, "revenueEstimated": null, "fiscalDateEnding": "2018-09-30", "updatedFromDate": "2023-05-17"}, {"date": "2018-08-29", "symbol": "PLTH.CN", "eps": -0.0406, "epsEstimated": null, "time": "bmo", "revenue": 4426197, "revenueEstimated": null, "fiscalDateEnding": "2018-06-30", "updatedFromDate": "2023-10-16"}, {"date": "2018-08-29", "symbol": "SNNVF", "eps": -0.16, "epsEstimated": -0.27, "time": "bmo", "revenue": null, "revenueEstimated": null, "fiscalDateEnding": "2018-06-30", "updatedFromDate": "2023-05-17"}, {"date": "2018-08-29", "symbol": "PVH", "eps": 2.18, "epsEstimated": 2.11, "time": "amc", "revenue": 2356300000, "revenueEstimated": 2248059633.027523, "fiscalDateEnding": "2018-05-29", "updatedFromDate": "2023-10-10"}, {"date": "2018-08-29", "symbol": "002016.SZ", "eps": 0.05, "epsEstimated": null, "time": "bmo", "revenue": 94318227.81, "revenueEstimated": null, "fiscalDateEnding": "2018-06-29", "updatedFromDate": "2023-05-17"}, {"date": "2018-08-29", "symbol": "600732.SS", "eps": -0.01662, "epsEstimated": null, "time": "bmo", "revenue": 11289923.82, "revenueEstimated": null, "fiscalDateEnding": "2018-06-29", "updatedFromDate": "2023-05-17"}, {"date": "2018-08-29", "symbol": "000681.SZ", "eps": 0.14, "epsEstimated": null, "time": "bmo", "revenue": 326253546.36, "revenueEstimated": null, "fiscalDateEnding": "2018-06-29", "updatedFromDate": "2023-05-17"}, {"date": "2018-08-29", "symbol": "KHRN.V", "eps": null, "epsEstimated": null, "time": "bmo", "revenue": null, "revenueEstimated": null, "fiscalDateEnding": "2018-06-30", "updatedFromDate": "2023-08-16"}, {"date": "2018-08-29", "symbol": "002332.SZ", "eps": 0.09, "epsEstimated": null, "time": "bmo", "revenue": 928874919.85, "revenueEstimated": null, "fiscalDateEnding": "2018-06-29", "updatedFromDate": "2023-05-17"}, {"date": "2018-08-29", "symbol": "PNG.V", "eps": 0.00606, "epsEstimated": null, "time": "bmo", "revenue": 3726647, "revenueEstimated": null, "fiscalDateEnding": "2018-06-30", "updatedFromDate": "2023-10-16"}, {"date": "2018-08-29", "symbol": "600094.SS", "eps": 0.09228, "epsEstimated": null, "time": "bmo", "revenue": 3313539801.43, "revenueEstimated": null, "fiscalDateEnding": "2018-06-29", "updatedFromDate": "2023-05-17"}, {"date": "2018-08-29", "symbol": "EAST.ST", "eps": null, "epsEstimated": null, "time": "bmo", "revenue": null, "revenueEstimated": null, "fiscalDateEnding": "2018-06-30", "updatedFromDate": "2023-05-17"}, {"date": "2018-08-29", "symbol": "3396.HK", "eps": null, "epsEstimated": 1.02, "time": "bmo", "revenue": null, "revenueEstimated": null, "fiscalDateEnding": "2018-06-30", "updatedFromDate": "2023-05-17"}, {"date": "2018-08-29", "symbol": "002466.SZ", "eps": 0.48, "epsEstimated": 0.49, "time": "bmo", "revenue": 1620474078.84, "revenueEstimated": null, "fiscalDateEnding": "2018-06-29", "updatedFromDate": "2023-08-16"}, {"date": "2018-08-29", "symbol": "000609.SZ", "eps": 0.02, "epsEstimated": null, "time": "bmo", "revenue": 8614758.32, "revenueEstimated": null, "fiscalDateEnding": "2018-06-29", "updatedFromDate": "2023-05-17"}, {"date": "2018-08-29", "symbol": "LUKOY", "eps": 3.81, "epsEstimated": null, "time": "bmo", "revenue": null, "revenueEstimated": null, "fiscalDateEnding": "2018-06-30", "updatedFromDate": "2023-09-29"}, {"date": "2018-08-29", "symbol": "002791.SZ", "eps": 0.1867, "epsEstimated": null, "time": "bmo", "revenue": 972689154.56, "revenueEstimated": null, "fiscalDateEnding": "2018-06-29", "updatedFromDate": "2023-08-16"}, {"date": "2018-08-29", "symbol": "IRLAB-A.ST", "eps": -0.6423, "epsEstimated": null, "time": "bmo", "revenue": null, "revenueEstimated": null, "fiscalDateEnding": "2018-06-30", "updatedFromDate": "2023-08-16"}, {"date": "2018-08-29", "symbol": "2881.TW", "eps": 1.3, "epsEstimated": 1.25, "time": "bmo", "revenue": 120281581000, "revenueEstimated": null, "fiscalDateEnding": "2018-05-29", "updatedFromDate": "2023-05-17"}, {"date": "2018-08-29", "symbol": "300465.SZ", "eps": 0.03195, "epsEstimated": null, "time": "bmo", "revenue": 355741389.94, "revenueEstimated": null, "fiscalDateEnding": "2018-06-29", "updatedFromDate": "2023-05-17"}, {"date": "2018-08-29", "symbol": "600418.SS", "eps": -0.02, "epsEstimated": -0.00782, "time": "bmo", "revenue": 10845329125.83, "revenueEstimated": null, "fiscalDateEnding": "2018-06-29", "updatedFromDate": "2023-08-16"}, {"date": "2018-08-29", "symbol": "ATBPF", "eps": -0.12996, "epsEstimated": null, "time": "bmo", "revenue": 2543088, "revenueEstimated": null, "fiscalDateEnding": "2018-06-30", "updatedFromDate": "2023-09-29"}, {"date": "2018-08-29", "symbol": "MLYNF", "eps": 0.18, "epsEstimated": 0.18, "time": "bmo", "revenue": null, "revenueEstimated": null, "fiscalDateEnding": "2018-06-30", "updatedFromDate": "2023-05-17"}, {"date": "2018-08-29", "symbol": "000034.SZ", "eps": 0.24, "epsEstimated": null, "time": "bmo", "revenue": 20307694413.03, "revenueEstimated": null, "fiscalDateEnding": "2018-05-29", "updatedFromDate": "2023-05-17"}, {"date": "2018-08-29", "symbol": "603197.SS", "eps": 0.2213, "epsEstimated": null, "time": "bmo", "revenue": 552094428.09, "revenueEstimated": null, "fiscalDateEnding": "2018-06-29", "updatedFromDate": "2023-05-17"}, {"date": "2018-08-29", "symbol": "TORM", "eps": -0.27, "epsEstimated": null, "time": "amc", "revenue": null, "revenueEstimated": null, "fiscalDateEnding": "2018-06-30", "updatedFromDate": "2023-09-29"}, {"date": "2018-08-29", "symbol": "EEZY.HE", "eps": -0.25723, "epsEstimated": null, "time": "bmo", "revenue": 32430000, "revenueEstimated": null, "fiscalDateEnding": "2018-06-29", "updatedFromDate": "2023-08-16"}, {"date": "2018-08-29", "symbol": "002304.SZ", "eps": 1.01, "epsEstimated": 0.92, "time": "bmo", "revenue": 5004992728.51, "revenueEstimated": null, "fiscalDateEnding": "2018-06-29", "updatedFromDate": "2023-08-16"}, {"date": "2018-08-29", "symbol": "603878.SS", "eps": 0.1504, "epsEstimated": null, "time": "bmo", "revenue": 558657813.9, "revenueEstimated": null, "fiscalDateEnding": "2018-06-29", "updatedFromDate": "2023-05-17"}, {"date": "2018-08-29", "symbol": "RKCLF", "eps": null, "epsEstimated": null, "time": "bmo", "revenue": null, "revenueEstimated": null, "fiscalDateEnding": "2018-12-31", "updatedFromDate": "2023-05-17"}, {"date": "2018-08-29", "symbol": "ELE.V", "eps": null, "epsEstimated": null, "time": "bmo", "revenue": null, "revenueEstimated": null, "fiscalDateEnding": "2018-06-30", "updatedFromDate": "2023-08-16"}, {"date": "2018-08-29", "symbol": "000785.SZ", "eps": 0.13, "epsEstimated": null, "time": "bmo", "revenue": 936565087.99, "revenueEstimated": null, "fiscalDateEnding": "2018-06-29", "updatedFromDate": "2023-05-17"}, {"date": "2018-08-29", "symbol": "RHBAF", "eps": null, "epsEstimated": null, "time": "bmo", "revenue": null, "revenueEstimated": null, "fiscalDateEnding": "2018-06-30", "updatedFromDate": "2023-05-17"}, {"date": "2018-08-29", "symbol": "EKTAF", "eps": 0.43, "epsEstimated": 0.47, "time": "bmo", "revenue": null, "revenueEstimated": null, "fiscalDateEnding": "2018-05-29", "updatedFromDate": "2023-10-17"}, {"date": "2018-08-29", "symbol": "HIVE.V", "eps": -0.05, "epsEstimated": 0.05, "time": "bmo", "revenue": 7421228, "revenueEstimated": null, "fiscalDateEnding": "2018-05-29", "updatedFromDate": "2023-10-17"}, {"date": "2018-08-29", "symbol": "300225.SZ", "eps": -0.00476, "epsEstimated": null, "time": "bmo", "revenue": 192028959.43, "revenueEstimated": null, "fiscalDateEnding": "2018-06-29", "updatedFromDate": "2023-05-17"}, {"date": "2018-08-29", "symbol": "QUIS.V", "eps": -0.01154, "epsEstimated": null, "time": "bmo", "revenue": null, "revenueEstimated": null, "fiscalDateEnding": "2018-06-30", "updatedFromDate": "2023-10-16"}, {"date": "2018-08-29", "symbol": "LSAK", "eps": 0.28, "epsEstimated": 0.27, "time": "bmo", "revenue": 149194000, "revenueEstimated": null, "fiscalDateEnding": "2018-06-29", "updatedFromDate": "2023-10-16"}, {"date": "2018-08-29", "symbol": "601019.SS", "eps": 0.2609, "epsEstimated": null, "time": "bmo", "revenue": 2560951119.26, "revenueEstimated": null, "fiscalDateEnding": "2018-06-29", "updatedFromDate": "2023-05-17"}, {"date": "2018-08-29", "symbol": "600487.SS", "eps": 0.36, "epsEstimated": 0.37, "time": "bmo", "revenue": 8944308801.96, "revenueEstimated": null, "fiscalDateEnding": "2018-06-29", "updatedFromDate": "2023-08-16"}, {"date": "2018-08-29", "symbol": "000408.SZ", "eps": 0.1748, "epsEstimated": null, "time": "bmo", "revenue": 876093650.64, "revenueEstimated": null, "fiscalDateEnding": "2018-06-29", "updatedFromDate": "2023-05-17"}, {"date": "2018-08-29", "symbol": "NHHHF", "eps": null, "epsEstimated": null, "time": "bmo", "revenue": null, "revenueEstimated": null, "fiscalDateEnding": "2018-09-30", "updatedFromDate": "2023-05-17"}, {"date": "2018-08-29", "symbol": "000541.SZ", "eps": 0.0675, "epsEstimated": null, "time": "bmo", "revenue": 820735540.1, "revenueEstimated": null, "fiscalDateEnding": "2018-05-29", "updatedFromDate": "2023-05-17"}, {"date": "2018-08-29", "symbol": "603797.SS", "eps": 0.04444, "epsEstimated": null, "time": "bmo", "revenue": 59861086.07, "revenueEstimated": null, "fiscalDateEnding": "2018-06-29", "updatedFromDate": "2023-05-17"}, {"date": "2018-08-29", "symbol": "RSS.V", "eps": null, "epsEstimated": null, "time": "bmo", "revenue": null, "revenueEstimated": null, "fiscalDateEnding": "2018-06-30", "updatedFromDate": "2023-05-17"}, {"date": "2018-08-29", "symbol": "TCS.IL", "eps": 33.38, "epsEstimated": 37.89, "time": "bmo", "revenue": null, "revenueEstimated": null, "fiscalDateEnding": "2018-06-30", "updatedFromDate": "2023-08-16"}, {"date": "2018-08-29", "symbol": "IMBI", "eps": -1.3479, "epsEstimated": -0.17, "time": "bmo", "revenue": 131503000, "revenueEstimated": null, "fiscalDateEnding": "2018-05-29", "updatedFromDate": "2023-10-10"}, {"date": "2018-08-29", "symbol": "002792.SZ", "eps": 0.1339, "epsEstimated": null, "time": "bmo", "revenue": 395261792.68, "revenueEstimated": null, "fiscalDateEnding": "2018-06-29", "updatedFromDate": "2023-05-17"}, {"date": "2018-08-29", "symbol": "LITOF", "eps": null, "epsEstimated": null, "time": "bmo", "revenue": null, "revenueEstimated": null, "fiscalDateEnding": "2018-12-31", "updatedFromDate": "2023-08-16"}, {"date": "2018-08-29", "symbol": "300207.SZ", "eps": 0.07, "epsEstimated": 0.12, "time": "bmo", "revenue": 4017632722.61, "revenueEstimated": null, "fiscalDateEnding": "2018-06-29", "updatedFromDate": "2023-05-17"}, {"date": "2018-08-29", "symbol": "A04.SI", "eps": null, "epsEstimated": null, "time": "bmo", "revenue": null, "revenueEstimated": null, "fiscalDateEnding": "2018-06-30", "updatedFromDate": "2023-05-23"}, {"date": "2018-08-29", "symbol": "REG.V", "eps": -0.01763, "epsEstimated": null, "time": "bmo", "revenue": null, "revenueEstimated": null, "fiscalDateEnding": "2018-06-30", "updatedFromDate": "2023-10-16"}, {"date": "2018-08-29", "symbol": "REPCF", "eps": -0.02795, "epsEstimated": null, "time": "bmo", "revenue": null, "revenueEstimated": null, "fiscalDateEnding": "2018-06-29", "updatedFromDate": "2023-05-17"}, {"date": "2018-08-29", "symbol": "ISN.SW", "eps": null, "epsEstimated": null, "time": "bmo", "revenue": null, "revenueEstimated": null, "fiscalDateEnding": "2018-05-29", "updatedFromDate": "2023-05-17"}, {"date": "2018-08-29", "symbol": "VBNK", "eps": 0.2, "epsEstimated": 0.17, "time": "bmo", "revenue": 12982000, "revenueEstimated": null, "fiscalDateEnding": "2018-07-31", "updatedFromDate": "2023-09-29"}, {"date": "2018-08-29", "symbol": "SNN.CN", "eps": -0.16, "epsEstimated": -0.27, "time": "bmo", "revenue": 4469000, "revenueEstimated": null, "fiscalDateEnding": "2018-06-29", "updatedFromDate": "2023-05-17"}, {"date": "2018-08-29", "symbol": "CHS", "eps": 0.13, "epsEstimated": 0.12, "time": "bmo", "revenue": 517728000, "revenueEstimated": 502799999.99999994, "fiscalDateEnding": "2018-05-29", "updatedFromDate": "2023-10-10"}, {"date": "2018-08-29", "symbol": "002512.SZ", "eps": -0.13396, "epsEstimated": null, "time": "bmo", "revenue": 781575123.1, "revenueEstimated": null, "fiscalDateEnding": "2018-06-29", "updatedFromDate": "2023-05-17"}, {"date": "2018-08-29", "symbol": "601179.SS", "eps": 0.02, "epsEstimated": 0.58, "time": "bmo", "revenue": 3356688505.98, "revenueEstimated": null, "fiscalDateEnding": "2018-06-29", "updatedFromDate": "2023-05-17"}, {"date": "2018-08-29", "symbol": "600267.SS", "eps": 0.00413, "epsEstimated": null, "time": "bmo", "revenue": 2509725417.21, "revenueEstimated": null, "fiscalDateEnding": "2018-06-29", "updatedFromDate": "2023-05-17"}, {"date": "2018-08-29", "symbol": "300468.SZ", "eps": 0.04, "epsEstimated": null, "time": "bmo", "revenue": null, "revenueEstimated": null, "fiscalDateEnding": "2018-06-30", "updatedFromDate": "2023-05-17"}, {"date": "2018-08-29", "symbol": "002004.SZ", "eps": 0.1113, "epsEstimated": null, "time": "bmo", "revenue": 2341694798.09, "revenueEstimated": null, "fiscalDateEnding": "2018-06-29", "updatedFromDate": "2023-05-17"}, {"date": "2018-08-29", "symbol": "102460.KS", "eps": 23.45, "epsEstimated": null, "time": "bmo", "revenue": 30710223000, "revenueEstimated": null, "fiscalDateEnding": "2018-09-29", "updatedFromDate": "2023-05-17"}, {"date": "2018-08-29", "symbol": "300002.SZ", "eps": -0.04602, "epsEstimated": null, "time": "bmo", "revenue": 326683089.05, "revenueEstimated": null, "fiscalDateEnding": "2018-06-29", "updatedFromDate": "2023-05-17"}, {"date": "2018-08-29", "symbol": "600219.SS", "eps": 0.05, "epsEstimated": 0.05, "time": "bmo", "revenue": 5113111661.61, "revenueEstimated": null, "fiscalDateEnding": "2018-06-29", "updatedFromDate": "2023-08-16"}, {"date": "2018-08-29", "symbol": "002734.SZ", "eps": 0.12, "epsEstimated": null, "time": "bmo", "revenue": 365919641.01, "revenueEstimated": null, "fiscalDateEnding": "2018-05-29", "updatedFromDate": "2023-05-17"}, {"date": "2018-08-29", "symbol": "VEV", "eps": 0.03, "epsEstimated": 0.015, "time": "amc", "revenue": 19232279.501217, "revenueEstimated": null, "fiscalDateEnding": "2018-06-30", "updatedFromDate": "2023-09-29"}, {"date": "2018-08-29", "symbol": "900140.KS", "eps": -71.02804, "epsEstimated": null, "time": "bmo", "revenue": 62774695000, "revenueEstimated": null, "fiscalDateEnding": "2018-09-29", "updatedFromDate": "2023-05-17"}, {"date": "2018-08-29", "symbol": "BDGXF", "eps": null, "epsEstimated": null, "time": "bmo", "revenue": null, "revenueEstimated": null, "fiscalDateEnding": "2018-06-30", "updatedFromDate": "2023-08-16"}, {"date": "2018-08-29", "symbol": "ASND", "eps": -0.66, "epsEstimated": -1.03, "time": "amc", "revenue": 18000, "revenueEstimated": 25000, "fiscalDateEnding": "2018-06-30", "updatedFromDate": "2023-09-29"}, {"date": "2018-08-29", "symbol": "NDVAF", "eps": null, "epsEstimated": null, "time": "bmo", "revenue": null, "revenueEstimated": null, "fiscalDateEnding": "2018-06-30", "updatedFromDate": "2023-08-16"}, {"date": "2018-08-29", "symbol": "SSA.L", "eps": -2.85, "epsEstimated": 9.99, "time": "bmo", "revenue": 204634000000, "revenueEstimated": null, "fiscalDateEnding": "2018-09-29", "updatedFromDate": "2023-08-16"}, {"date": "2018-08-29", "symbol": "002156.SZ", "eps": 0.06, "epsEstimated": null, "time": "bmo", "revenue": 1837887038.83, "revenueEstimated": null, "fiscalDateEnding": "2018-06-30", "updatedFromDate": "2023-08-17"}, {"date": "2018-08-29", "symbol": "000555.SZ", "eps": 0.23, "epsEstimated": null, "time": "bmo", "revenue": 1949551183.47, "revenueEstimated": null, "fiscalDateEnding": "2018-06-29", "updatedFromDate": "2023-05-17"}, {"date": "2018-08-29", "symbol": "000887.SZ", "eps": 0.27, "epsEstimated": 0.25, "time": "bmo", "revenue": 3056785144.39, "revenueEstimated": null, "fiscalDateEnding": "2018-06-29", "updatedFromDate": "2023-05-17"}, {"date": "2018-08-29", "symbol": "IROQ", "eps": 0.14, "epsEstimated": null, "time": "amc", "revenue": 5375000, "revenueEstimated": null, "fiscalDateEnding": "2018-06-29", "updatedFromDate": "2023-09-29"}, {"date": "2018-08-29", "symbol": "AWLNF", "eps": -0.05, "epsEstimated": -0.04, "time": "bmo", "revenue": null, "revenueEstimated": null, "fiscalDateEnding": "2018-06-30", "updatedFromDate": "2023-08-16"}, {"date": "2018-08-29", "symbol": "300413.SZ", "eps": 0.82, "epsEstimated": null, "time": "bmo", "revenue": 4253664276.72, "revenueEstimated": null, "fiscalDateEnding": "2018-06-29", "updatedFromDate": "2023-05-17"}, {"date": "2018-08-29", "symbol": "AFLT.ME", "eps": 20.63, "epsEstimated": null, "time": "bmo", "revenue": 200523000000, "revenueEstimated": null, "fiscalDateEnding": "2018-05-29", "updatedFromDate": "2023-05-17"}, {"date": "2018-08-29", "symbol": "FBSFF", "eps": null, "epsEstimated": null, "time": "bmo", "revenue": null, "revenueEstimated": null, "fiscalDateEnding": "2018-12-31", "updatedFromDate": "2023-05-17"}, {"date": "2018-08-29", "symbol": "PKCOF", "eps": 23.71, "epsEstimated": 24.51, "time": "bmo", "revenue": 73486000000, "revenueEstimated": null, "fiscalDateEnding": "2018-07-30", "updatedFromDate": "2023-08-16"}, {"date": "2018-08-29", "symbol": "300166.SZ", "eps": 0.07, "epsEstimated": null, "time": "bmo", "revenue": 348258997.12, "revenueEstimated": null, "fiscalDateEnding": "2018-06-30", "updatedFromDate": "2023-08-25"}, {"date": "2018-08-29", "symbol": "ILC.V", "eps": null, "epsEstimated": null, "time": "bmo", "revenue": null, "revenueEstimated": null, "fiscalDateEnding": "2018-06-30", "updatedFromDate": "2023-05-17"}, {"date": "2018-08-29", "symbol": "600488.SS", "eps": 0.05, "epsEstimated": null, "time": "bmo", "revenue": 571119289.38, "revenueEstimated": null, "fiscalDateEnding": "2018-09-29", "updatedFromDate": "2023-05-17"}, {"date": "2018-08-29", "symbol": "002286.SZ", "eps": 0.06378, "epsEstimated": null, "time": "bmo", "revenue": 431816020.27, "revenueEstimated": null, "fiscalDateEnding": "2018-06-29", "updatedFromDate": "2023-05-17"}, {"date": "2018-08-29", "symbol": "601928.SS", "eps": 0.2, "epsEstimated": 0.19, "time": "bmo", "revenue": 2480652852.42, "revenueEstimated": null, "fiscalDateEnding": "2018-05-29", "updatedFromDate": "2023-05-17"}, {"date": "2018-08-29", "symbol": "2768.HK", "eps": null, "epsEstimated": null, "time": "bmo", "revenue": null, "revenueEstimated": null, "fiscalDateEnding": "2018-06-30", "updatedFromDate": "2023-05-17"}, {"date": "2018-08-29", "symbol": "002133.SZ", "eps": 0.07496, "epsEstimated": null, "time": "bmo", "revenue": 564765913.82, "revenueEstimated": null, "fiscalDateEnding": "2018-06-29", "updatedFromDate": "2023-05-17"}, {"date": "2018-08-29", "symbol": "000776.SZ", "eps": 0.18, "epsEstimated": 0.32, "time": "bmo", "revenue": 3614603570.55, "revenueEstimated": null, "fiscalDateEnding": "2018-05-29", "updatedFromDate": "2023-05-17"}, {"date": "2018-08-29", "symbol": "601375.SS", "eps": 0.01295, "epsEstimated": null, "time": "bmo", "revenue": 406828465.02, "revenueEstimated": null, "fiscalDateEnding": "2018-06-29", "updatedFromDate": "2023-05-17"}, {"date": "2018-08-29", "symbol": "MOHCF", "eps": 0.97, "epsEstimated": 0.55, "time": "bmo", "revenue": null, "revenueEstimated": null, "fiscalDateEnding": "2018-06-30", "updatedFromDate": "2023-08-17"}, {"date": "2018-08-29", "symbol": "600628.SS", "eps": 0.11, "epsEstimated": null, "time": "bmo", "revenue": 612264607.99, "revenueEstimated": null, "fiscalDateEnding": "2018-06-29", "updatedFromDate": "2023-05-17"}, {"date": "2018-08-29", "symbol": "1776.HK", "eps": 0.18, "epsEstimated": 0.32, "time": "bmo", "revenue": 3610163767.9, "revenueEstimated": null, "fiscalDateEnding": "2018-06-29", "updatedFromDate": "2023-08-16"}, {"date": "2018-08-29", "symbol": "JSFCF", "eps": -2.85, "epsEstimated": 9.99, "time": "bmo", "revenue": null, "revenueEstimated": null, "fiscalDateEnding": "2018-06-30", "updatedFromDate": "2023-08-16"}, {"date": "2018-08-29", "symbol": "000875.SZ", "eps": 0.01, "epsEstimated": null, "time": "bmo", "revenue": 1517026480.09, "revenueEstimated": null, "fiscalDateEnding": "2018-06-29", "updatedFromDate": "2023-05-17"}, {"date": "2018-08-29", "symbol": "AAUGF", "eps": null, "epsEstimated": null, "time": "bmo", "revenue": null, "revenueEstimated": null, "fiscalDateEnding": "2018-12-31", "updatedFromDate": "2023-05-17"}, {"date": "2018-08-29", "symbol": "0493.HK", "eps": -0.06666, "epsEstimated": null, "time": "bmo", "revenue": 16089007750, "revenueEstimated": null, "fiscalDateEnding": "2018-05-29", "updatedFromDate": "2023-10-16"}, {"date": "2018-08-29", "symbol": "ESLGF", "eps": null, "epsEstimated": null, "time": "bmo", "revenue": null, "revenueEstimated": null, "fiscalDateEnding": "2018-06-30", "updatedFromDate": "2023-05-17"}, {"date": "2018-08-29", "symbol": "KFFB", "eps": 0.00143, "epsEstimated": null, "time": "bmo", "revenue": 2461000, "revenueEstimated": null, "fiscalDateEnding": "2018-06-29", "updatedFromDate": "2023-09-29"}, {"date": "2018-08-29", "symbol": "JG.V", "eps": null, "epsEstimated": null, "time": "bmo", "revenue": null, "revenueEstimated": null, "fiscalDateEnding": "2018-06-30", "updatedFromDate": "2023-05-17"}, {"date": "2018-08-29", "symbol": "FL.V", "eps": -0.00115, "epsEstimated": null, "time": "bmo", "revenue": null, "revenueEstimated": null, "fiscalDateEnding": "2018-05-29", "updatedFromDate": "2023-10-17"}, {"date": "2018-08-29", "symbol": "002542.SZ", "eps": 0.02527, "epsEstimated": null, "time": "bmo", "revenue": 856383135.55, "revenueEstimated": null, "fiscalDateEnding": "2018-06-29", "updatedFromDate": "2023-05-17"}, {"date": "2018-08-29", "symbol": "MSCL.V", "eps": null, "epsEstimated": null, "time": "bmo", "revenue": null, "revenueEstimated": null, "fiscalDateEnding": "2018-06-30", "updatedFromDate": "2023-08-25"}, {"date": "2018-08-29", "symbol": "600121.SS", "eps": 0.05, "epsEstimated": null, "time": "bmo", "revenue": 1262898772.34, "revenueEstimated": null, "fiscalDateEnding": "2018-06-29", "updatedFromDate": "2023-05-17"}, {"date": "2018-08-29", "symbol": "002115.SZ", "eps": 0.07, "epsEstimated": 0.06, "time": "bmo", "revenue": 908871181.19, "revenueEstimated": null, "fiscalDateEnding": "2018-06-29", "updatedFromDate": "2023-05-17"}, {"date": "2018-08-29", "symbol": "MYTEF", "eps": 0.03, "epsEstimated": 0.05, "time": "bmo", "revenue": null, "revenueEstimated": null, "fiscalDateEnding": "2018-06-30", "updatedFromDate": "2023-05-17"}, {"date": "2018-08-29", "symbol": "ASRNL.AS", "eps": null, "epsEstimated": null, "time": "bmo", "revenue": null, "revenueEstimated": null, "fiscalDateEnding": "2018-05-29", "updatedFromDate": "2023-05-17"}, {"date": "2018-08-29", "symbol": "AEO", "eps": 0.34, "epsEstimated": 0.31, "time": "bmo", "revenue": 886290000, "revenueEstimated": 879761764.7058822, "fiscalDateEnding": "2018-05-29", "updatedFromDate": "2023-10-10"}, {"date": "2018-08-29", "symbol": "VVCIF", "eps": null, "epsEstimated": null, "time": "amc", "revenue": null, "revenueEstimated": null, "fiscalDateEnding": "2018-06-30", "updatedFromDate": "2023-05-17"}, {"date": "2018-08-29", "symbol": "MOH.AT", "eps": 0.97, "epsEstimated": 0.55, "time": "bmo", "revenue": 2376240000, "revenueEstimated": null, "fiscalDateEnding": "2018-06-30", "updatedFromDate": "2023-08-25"}, {"date": "2018-08-29", "symbol": "0921.HK", "eps": 0.27, "epsEstimated": null, "time": "bmo", "revenue": 8437634566.46, "revenueEstimated": null, "fiscalDateEnding": "2018-05-29", "updatedFromDate": "2023-05-17"}, {"date": "2018-08-29", "symbol": "CLAZF", "eps": null, "epsEstimated": null, "time": "bmo", "revenue": null, "revenueEstimated": null, "fiscalDateEnding": "2018-06-30", "updatedFromDate": "2023-05-17"}, {"date": "2018-08-29", "symbol": "600897.SS", "eps": 0.47, "epsEstimated": 0.39, "time": "bmo", "revenue": 451460842.94, "revenueEstimated": null, "fiscalDateEnding": "2018-06-29", "updatedFromDate": "2023-05-17"}, {"date": "2018-08-29", "symbol": "DY", "eps": 1.05, "epsEstimated": 1.08, "time": "bmo", "revenue": 799470000, "revenueEstimated": 822342857.1428572, "fiscalDateEnding": "2018-07-27", "updatedFromDate": "2023-09-29"}, {"date": "2018-08-29", "symbol": "0861.HK", "eps": null, "epsEstimated": null, "time": "bmo", "revenue": null, "revenueEstimated": null, "fiscalDateEnding": "2018-05-29", "updatedFromDate": "2023-10-16"}, {"date": "2018-08-29", "symbol": "VIVO.TO", "eps": -0.0405, "epsEstimated": -0.02025, "time": "bmo", "revenue": 2286690, "revenueEstimated": null, "fiscalDateEnding": "2018-05-29", "updatedFromDate": "2023-05-17"}, {"date": "2018-08-29", "symbol": "600428.SS", "eps": 0.02, "epsEstimated": null, "time": "bmo", "revenue": 2112267796.26, "revenueEstimated": null, "fiscalDateEnding": "2018-05-29", "updatedFromDate": "2023-05-17"}, {"date": "2018-08-29", "symbol": "SGML.V", "eps": 0.02, "epsEstimated": null, "time": "bmo", "revenue": null, "revenueEstimated": null, "fiscalDateEnding": "2018-06-30", "updatedFromDate": "2023-10-16"}, {"date": "2018-08-29", "symbol": "603127.SS", "eps": 0.04462, "epsEstimated": null, "time": "bmo", "revenue": 83491499.09, "revenueEstimated": null, "fiscalDateEnding": "2018-06-29", "updatedFromDate": "2023-08-16"}, {"date": "2018-08-29", "symbol": "600389.SS", "eps": 0.33, "epsEstimated": null, "time": "bmo", "revenue": 975719104.57, "revenueEstimated": null, "fiscalDateEnding": "2018-06-29", "updatedFromDate": "2023-05-17"}, {"date": "2018-08-29", "symbol": "QUISF", "eps": null, "epsEstimated": null, "time": "amc", "revenue": null, "revenueEstimated": null, "fiscalDateEnding": "2018-06-30", "updatedFromDate": "2023-08-16"}, {"date": "2018-08-29", "symbol": "SHD.WA", "eps": -0.02524, "epsEstimated": null, "time": "bmo", "revenue": 7670000, "revenueEstimated": null, "fiscalDateEnding": "2018-06-30", "updatedFromDate": "2023-10-16"}, {"date": "2018-08-29", "symbol": "BIGG.CN", "eps": -0.02001, "epsEstimated": null, "time": "bmo", "revenue": 58926, "revenueEstimated": null, "fiscalDateEnding": "2018-06-30", "updatedFromDate": "2023-10-16"}, {"date": "2018-08-29", "symbol": "002906.SZ", "eps": 0.01529, "epsEstimated": null, "time": "bmo", "revenue": 841197480.89, "revenueEstimated": null, "fiscalDateEnding": "2018-06-29", "updatedFromDate": "2023-05-17"}, {"date": "2018-08-29", "symbol": "601717.SS", "eps": 0.1739, "epsEstimated": null, "time": "bmo", "revenue": 10215845236.2, "revenueEstimated": null, "fiscalDateEnding": "2018-06-29", "updatedFromDate": "2023-05-17"}, {"date": "2018-08-29", "symbol": "600429.SS", "eps": 0.05962, "epsEstimated": null, "time": "bmo", "revenue": 2041940255.85, "revenueEstimated": null, "fiscalDateEnding": "2018-06-29", "updatedFromDate": "2023-05-17"}, {"date": "2018-08-29", "symbol": "1518.HK", "eps": null, "epsEstimated": null, "time": "bmo", "revenue": null, "revenueEstimated": null, "fiscalDateEnding": "2018-05-29", "updatedFromDate": "2023-05-17"}, {"date": "2018-08-29", "symbol": "PTEFF", "eps": -0.02, "epsEstimated": -0.005, "time": "bmo", "revenue": null, "revenueEstimated": null, "fiscalDateEnding": "2018-09-30", "updatedFromDate": "2023-05-17"}, {"date": "2018-08-29", "symbol": "JIN.OL", "eps": 0.05928, "epsEstimated": null, "time": "bmo", "revenue": 18303000, "revenueEstimated": null, "fiscalDateEnding": "2018-05-29", "updatedFromDate": "2023-05-17"}, {"date": "2018-08-29", "symbol": "300206.SZ", "eps": 0.07, "epsEstimated": null, "time": "bmo", "revenue": 254496011.38, "revenueEstimated": null, "fiscalDateEnding": "2018-06-29", "updatedFromDate": "2023-05-17"}, {"date": "2018-08-29", "symbol": "UEPS", "eps": 0.28, "epsEstimated": 0.27, "time": "amc", "revenue": 149200000, "revenueEstimated": 143871428.57142857, "fiscalDateEnding": "2018-06-29", "updatedFromDate": "2023-08-16"}, {"date": "2018-08-29", "symbol": "000987.SZ", "eps": 0.02557, "epsEstimated": null, "time": "bmo", "revenue": 955464958.41, "revenueEstimated": null, "fiscalDateEnding": "2018-06-29", "updatedFromDate": "2023-05-17"}, {"date": "2018-08-29", "symbol": "GAYMF", "eps": null, "epsEstimated": null, "time": "bmo", "revenue": null, "revenueEstimated": null, "fiscalDateEnding": "2018-06-30", "updatedFromDate": "2023-05-17"}, {"date": "2018-08-29", "symbol": "3369.HK", "eps": 0.04, "epsEstimated": null, "time": "bmo", "revenue": 1714461182.1, "revenueEstimated": null, "fiscalDateEnding": "2018-05-29", "updatedFromDate": "2023-05-17"}, {"date": "2018-08-29", "symbol": "EMO.V", "eps": -0.01882, "epsEstimated": null, "time": "bmo", "revenue": null, "revenueEstimated": null, "fiscalDateEnding": "2018-06-30", "updatedFromDate": "2023-10-16"}, {"date": "2018-08-29", "symbol": "601872.SS", "eps": 0.01, "epsEstimated": null, "time": "bmo", "revenue": 1294099584.85, "revenueEstimated": null, "fiscalDateEnding": "2018-06-29", "updatedFromDate": "2023-05-17"}, {"date": "2018-08-29", "symbol": "RSASF", "eps": -0.02, "epsEstimated": null, "time": "bmo", "revenue": 171932, "revenueEstimated": null, "fiscalDateEnding": "2018-06-30", "updatedFromDate": "2023-09-29"}, {"date": "2018-08-29", "symbol": "600010.SS", "eps": 0.01701, "epsEstimated": null, "time": "bmo", "revenue": 18694285680.33, "revenueEstimated": null, "fiscalDateEnding": "2018-06-29", "updatedFromDate": "2023-05-17"}, {"date": "2018-08-29", "symbol": "ZNNMF", "eps": null, "epsEstimated": null, "time": "bmo", "revenue": null, "revenueEstimated": null, "fiscalDateEnding": "2018-06-30", "updatedFromDate": "2023-05-17"}, {"date": "2018-08-29", "symbol": "QHL.AX", "eps": 0.01112, "epsEstimated": null, "time": "bmo", "revenue": 18318750, "revenueEstimated": null, "fiscalDateEnding": "2018-05-29", "updatedFromDate": "2023-10-17"}, {"date": "2018-08-29", "symbol": "SMEBF", "eps": null, "epsEstimated": null, "time": "bmo", "revenue": null, "revenueEstimated": null, "fiscalDateEnding": "2018-09-30", "updatedFromDate": "2023-05-17"}, {"date": "2018-08-29", "symbol": "300029.SZ", "eps": null, "epsEstimated": null, "time": "bmo", "revenue": null, "revenueEstimated": null, "fiscalDateEnding": "2018-06-30", "updatedFromDate": "2023-05-31"}, {"date": "2018-08-29", "symbol": "TOR.WA", "eps": -0.07653, "epsEstimated": null, "time": "bmo", "revenue": 333396000, "revenueEstimated": null, "fiscalDateEnding": "2018-06-29", "updatedFromDate": "2023-05-17"}, {"date": "2018-08-29", "symbol": "300625.SZ", "eps": 0.21, "epsEstimated": null, "time": "bmo", "revenue": null, "revenueEstimated": null, "fiscalDateEnding": "2018-06-30", "updatedFromDate": "2023-05-17"}, {"date": "2018-08-29", "symbol": "AKTS", "eps": 0.3, "epsEstimated": 0.22, "time": "bmo", "revenue": 177964, "revenueEstimated": 132000, "fiscalDateEnding": "2018-06-29", "updatedFromDate": "2023-09-29"}, {"date": "2018-08-29", "symbol": "603258.SS", "eps": 0.1221, "epsEstimated": null, "time": "bmo", "revenue": 90846987.35, "revenueEstimated": null, "fiscalDateEnding": "2018-06-29", "updatedFromDate": "2023-05-17"}, {"date": "2018-08-29", "symbol": "CHPGF", "eps": null, "epsEstimated": null, "time": "amc", "revenue": null, "revenueEstimated": null, "fiscalDateEnding": "2018-06-30", "updatedFromDate": "2023-05-17"}, {"date": "2018-08-29", "symbol": "002325.SZ", "eps": 0.04751, "epsEstimated": null, "time": "bmo", "revenue": 1179841438.89, "revenueEstimated": null, "fiscalDateEnding": "2018-06-29", "updatedFromDate": "2023-05-17"}, {"date": "2018-08-29", "symbol": "OROXF", "eps": null, "epsEstimated": null, "time": "bmo", "revenue": null, "revenueEstimated": null, "fiscalDateEnding": "2018-09-30", "updatedFromDate": "2023-09-29"}, {"date": "2018-08-29", "symbol": "300049.SZ", "eps": null, "epsEstimated": null, "time": "bmo", "revenue": null, "revenueEstimated": null, "fiscalDateEnding": "2018-06-30", "updatedFromDate": "2023-05-31"}, {"date": "2018-08-29", "symbol": "BFB", "eps": 0.41, "epsEstimated": 0.39, "time": "bmo", "revenue": 766000000, "revenueEstimated": 728634146.3414634, "fiscalDateEnding": "2018-07-30", "updatedFromDate": "2023-08-16"}, {"date": "2018-08-29", "symbol": "600018.SS", "eps": 0.08, "epsEstimated": 0.11, "time": "bmo", "revenue": 8866014693.83, "revenueEstimated": null, "fiscalDateEnding": "2018-06-30", "updatedFromDate": "2023-05-17"}, {"date": "2018-08-29", "symbol": "600578.SS", "eps": 0.0215, "epsEstimated": null, "time": "bmo", "revenue": 2655544519.1, "revenueEstimated": null, "fiscalDateEnding": "2018-06-29", "updatedFromDate": "2023-05-17"}, {"date": "2018-08-29", "symbol": "300062.SZ", "eps": null, "epsEstimated": null, "time": "bmo", "revenue": null, "revenueEstimated": null, "fiscalDateEnding": "2018-06-30", "updatedFromDate": "2023-05-31"}, {"date": "2018-08-29", "symbol": "603218.SS", "eps": 0.09377, "epsEstimated": null, "time": "bmo", "revenue": 574689585.96, "revenueEstimated": null, "fiscalDateEnding": "2018-06-29", "updatedFromDate": "2023-08-16"}, {"date": "2018-08-29", "symbol": "BOUYY", "eps": 0.67, "epsEstimated": null, "time": "bmo", "revenue": null, "revenueEstimated": null, "fiscalDateEnding": "2018-06-30", "updatedFromDate": "2023-05-17"}, {"date": "2018-08-29", "symbol": "000869.SZ", "eps": 0.23, "epsEstimated": 0.23, "time": "bmo", "revenue": 1024172088, "revenueEstimated": null, "fiscalDateEnding": "2018-06-29", "updatedFromDate": "2023-05-17"}, {"date": "2018-08-29", "symbol": "300077.SZ", "eps": null, "epsEstimated": null, "time": "bmo", "revenue": null, "revenueEstimated": null, "fiscalDateEnding": "2018-06-30", "updatedFromDate": "2023-05-31"}, {"date": "2018-08-29", "symbol": "300244.SZ", "eps": 0.26, "epsEstimated": null, "time": "bmo", "revenue": 1745750671.95, "revenueEstimated": null, "fiscalDateEnding": "2018-06-29", "updatedFromDate": "2023-08-16"}, {"date": "2018-08-29", "symbol": "SLVTF", "eps": null, "epsEstimated": null, "time": "bmo", "revenue": null, "revenueEstimated": null, "fiscalDateEnding": "2018-12-31", "updatedFromDate": "2023-05-17"}, {"date": "2018-08-29", "symbol": "SHWGF", "eps": null, "epsEstimated": null, "time": "bmo", "revenue": null, "revenueEstimated": null, "fiscalDateEnding": "2018-06-30", "updatedFromDate": "2023-05-17"}, {"date": "2018-08-29", "symbol": "GLDFF", "eps": null, "epsEstimated": null, "time": "bmo", "revenue": null, "revenueEstimated": null, "fiscalDateEnding": "2018-06-30", "updatedFromDate": "2023-05-17"}, {"date": "2018-08-29", "symbol": "JGLDF", "eps": null, "epsEstimated": null, "time": "bmo", "revenue": null, "revenueEstimated": null, "fiscalDateEnding": "2018-06-30", "updatedFromDate": "2023-05-17"}, {"date": "2018-08-29", "symbol": "600061.SS", "eps": 0.08, "epsEstimated": null, "time": "bmo", "revenue": 2227976541.71, "revenueEstimated": null, "fiscalDateEnding": "2018-05-29", "updatedFromDate": "2023-05-17"}, {"date": "2018-08-29", "symbol": "300758.SZ", "eps": null, "epsEstimated": null, "time": "bmo", "revenue": null, "revenueEstimated": null, "fiscalDateEnding": "2018-06-30", "updatedFromDate": "2023-05-17"}, {"date": "2018-08-29", "symbol": "300091.SZ", "eps": null, "epsEstimated": null, "time": "bmo", "revenue": null, "revenueEstimated": null, "fiscalDateEnding": "2018-06-30", "updatedFromDate": "2023-05-31"}, {"date": "2018-08-29", "symbol": "300097.SZ", "eps": 0.18, "epsEstimated": null, "time": "bmo", "revenue": null, "revenueEstimated": null, "fiscalDateEnding": "2018-06-30", "updatedFromDate": "2023-05-31"}, {"date": "2018-08-29", "symbol": "601800.SS", "eps": 0.24, "epsEstimated": 0.28, "time": "bmo", "revenue": 115125627053, "revenueEstimated": null, "fiscalDateEnding": "2018-06-29", "updatedFromDate": "2023-08-16"}, {"date": "2018-08-29", "symbol": "600075.SS", "eps": 0.07, "epsEstimated": null, "time": "bmo", "revenue": 1302273037.35, "revenueEstimated": null, "fiscalDateEnding": "2018-06-29", "updatedFromDate": "2023-05-17"}, {"date": "2018-08-29", "symbol": "SRG.V", "eps": -0.01179, "epsEstimated": null, "time": "bmo", "revenue": null, "revenueEstimated": null, "fiscalDateEnding": "2018-06-30", "updatedFromDate": "2023-10-16"}, {"date": "2018-08-29", "symbol": "IVUFF", "eps": null, "epsEstimated": null, "time": "bmo", "revenue": null, "revenueEstimated": null, "fiscalDateEnding": "2018-06-30", "updatedFromDate": "2023-05-17"}, {"date": "2018-08-29", "symbol": "300108.SZ", "eps": null, "epsEstimated": null, "time": "bmo", "revenue": null, "revenueEstimated": null, "fiscalDateEnding": "2018-06-30", "updatedFromDate": "2023-05-31"}, {"date": "2018-08-29", "symbol": "002905.SZ", "eps": 0.08246, "epsEstimated": null, "time": "bmo", "revenue": 425229665.85, "revenueEstimated": null, "fiscalDateEnding": "2018-06-29", "updatedFromDate": "2023-08-16"}, {"date": "2018-08-29", "symbol": "300111.SZ", "eps": null, "epsEstimated": null, "time": "bmo", "revenue": null, "revenueEstimated": null, "fiscalDateEnding": "2018-06-30", "updatedFromDate": "2023-05-31"}, {"date": "2018-08-29", "symbol": "ELEMF", "eps": null, "epsEstimated": null, "time": "bmo", "revenue": null, "revenueEstimated": null, "fiscalDateEnding": "2018-06-30", "updatedFromDate": "2023-08-16"}, {"date": "2018-08-29", "symbol": "300139.SZ", "eps": null, "epsEstimated": null, "time": "bmo", "revenue": null, "revenueEstimated": null, "fiscalDateEnding": "2018-06-30", "updatedFromDate": "2023-05-31"}, {"date": "2018-08-29", "symbol": "300134.SZ", "eps": -0.07, "epsEstimated": null, "time": "bmo", "revenue": null, "revenueEstimated": null, "fiscalDateEnding": "2018-06-30", "updatedFromDate": "2023-05-31"}, {"date": "2018-08-29", "symbol": "RP.V", "eps": null, "epsEstimated": null, "time": "bmo", "revenue": null, "revenueEstimated": null, "fiscalDateEnding": "2018-06-30", "updatedFromDate": "2023-05-17"}, {"date": "2018-08-29", "symbol": "300137.SZ", "eps": 0.11, "epsEstimated": 0.08, "time": "bmo", "revenue": null, "revenueEstimated": null, "fiscalDateEnding": "2018-06-30", "updatedFromDate": "2023-05-31"}, {"date": "2018-08-29", "symbol": "BRGGD", "eps": null, "epsEstimated": null, "time": "bmo", "revenue": null, "revenueEstimated": null, "fiscalDateEnding": "2018-06-30", "updatedFromDate": "2023-05-17"}, {"date": "2018-08-29", "symbol": "000506.SZ", "eps": 0.02158, "epsEstimated": null, "time": "bmo", "revenue": 103423268.5, "revenueEstimated": null, "fiscalDateEnding": "2018-06-29", "updatedFromDate": "2023-05-17"}, {"date": "2018-08-29", "symbol": "002886.SZ", "eps": 0.03961, "epsEstimated": null, "time": "bmo", "revenue": 201606469.47, "revenueEstimated": null, "fiscalDateEnding": "2018-06-29", "updatedFromDate": "2023-05-17"}, {"date": "2018-08-29", "symbol": "300141.SZ", "eps": null, "epsEstimated": null, "time": "bmo", "revenue": null, "revenueEstimated": null, "fiscalDateEnding": "2018-06-30", "updatedFromDate": "2023-05-31"}, {"date": "2018-08-29", "symbol": "600439.SS", "eps": 0.07, "epsEstimated": null, "time": "bmo", "revenue": 525401265.32, "revenueEstimated": null, "fiscalDateEnding": "2018-06-29", "updatedFromDate": "2023-05-17"}, {"date": "2018-08-29", "symbol": "SNDVF", "eps": 2.21, "epsEstimated": 1.82, "time": "bmo", "revenue": null, "revenueEstimated": null, "fiscalDateEnding": "2018-06-30", "updatedFromDate": "2023-08-16"}, {"date": "2018-08-29", "symbol": "601555.SS", "eps": -0.01, "epsEstimated": 0.11, "time": "bmo", "revenue": 706070156.49, "revenueEstimated": null, "fiscalDateEnding": "2018-06-29", "updatedFromDate": "2023-08-16"}, {"date": "2018-08-29", "symbol": "300203.SZ", "eps": 0.29, "epsEstimated": 0.12, "time": "bmo", "revenue": null, "revenueEstimated": null, "fiscalDateEnding": "2018-06-30", "updatedFromDate": "2023-05-31"}, {"date": "2018-08-29", "symbol": "LENTY", "eps": null, "epsEstimated": null, "time": "bmo", "revenue": null, "revenueEstimated": null, "fiscalDateEnding": "2018-06-30", "updatedFromDate": "2023-05-17"}, {"date": "2018-08-29", "symbol": "300317.SZ", "eps": null, "epsEstimated": null, "time": "bmo", "revenue": null, "revenueEstimated": null, "fiscalDateEnding": "2018-06-30", "updatedFromDate": "2023-05-31"}, {"date": "2018-08-29", "symbol": "MOLN.SW", "eps": -0.4374, "epsEstimated": null, "time": "bmo", "revenue": 2588750, "revenueEstimated": null, "fiscalDateEnding": "2018-06-29", "updatedFromDate": "2023-08-16"}, {"date": "2018-08-29", "symbol": "FLT.V", "eps": -0.02, "epsEstimated": -0.009, "time": "bmo", "revenue": null, "revenueEstimated": null, "fiscalDateEnding": "2018-06-29", "updatedFromDate": "2023-08-16"}, {"date": "2018-08-29", "symbol": "601965.SS", "eps": 0.08938, "epsEstimated": null, "time": "bmo", "revenue": 805542704.18, "revenueEstimated": null, "fiscalDateEnding": "2018-06-29", "updatedFromDate": "2023-05-17"}, {"date": "2018-08-29", "symbol": "603619.SS", "eps": 0.05618, "epsEstimated": null, "time": "bmo", "revenue": 303206083.51, "revenueEstimated": null, "fiscalDateEnding": "2018-06-29", "updatedFromDate": "2023-05-17"}, {"date": "2018-08-29", "symbol": "KRI.WA", "eps": -1.33318, "epsEstimated": null, "time": "bmo", "revenue": 26000, "revenueEstimated": null, "fiscalDateEnding": "2018-05-29", "updatedFromDate": "2023-10-17"}, {"date": "2018-08-29", "symbol": "SUW.WA", "eps": 0.808, "epsEstimated": null, "time": "bmo", "revenue": 46422000, "revenueEstimated": null, "fiscalDateEnding": "2018-06-29", "updatedFromDate": "2023-10-16"}, {"date": "2018-08-29", "symbol": "BJGBF", "eps": null, "epsEstimated": null, "time": "bmo", "revenue": null, "revenueEstimated": null, "fiscalDateEnding": "2018-06-30", "updatedFromDate": "2023-05-17"}, {"date": "2018-08-29", "symbol": "CLASF", "eps": null, "epsEstimated": null, "time": "bmo", "revenue": null, "revenueEstimated": null, "fiscalDateEnding": "2018-06-30", "updatedFromDate": "2023-05-17"}, {"date": "2018-08-29", "symbol": "002753.SZ", "eps": 0.28, "epsEstimated": null, "time": "bmo", "revenue": 662493576.82, "revenueEstimated": null, "fiscalDateEnding": "2018-06-29", "updatedFromDate": "2023-05-17"}, {"date": "2018-08-29", "symbol": "000921.SZ", "eps": 0.3755, "epsEstimated": null, "time": "bmo", "revenue": 11396536990.93, "revenueEstimated": null, "fiscalDateEnding": "2018-06-29", "updatedFromDate": "2023-08-16"}, {"date": "2018-08-29", "symbol": "300253.SZ", "eps": 0.04, "epsEstimated": null, "time": "bmo", "revenue": 341210392.96, "revenueEstimated": null, "fiscalDateEnding": "2018-06-29", "updatedFromDate": "2023-08-16"}, {"date": "2018-08-29", "symbol": "BOUYF", "eps": 0.67, "epsEstimated": null, "time": "bmo", "revenue": 8917000000, "revenueEstimated": null, "fiscalDateEnding": "2018-06-30", "updatedFromDate": "2023-09-29"}, {"date": "2018-08-29", "symbol": "BLEVF", "eps": null, "epsEstimated": null, "time": "bmo", "revenue": null, "revenueEstimated": null, "fiscalDateEnding": "2018-12-31", "updatedFromDate": "2023-05-17"}, {"date": "2018-08-29", "symbol": "000151.SZ", "eps": 0.1512, "epsEstimated": null, "time": "bmo", "revenue": 105408266.1, "revenueEstimated": null, "fiscalDateEnding": "2018-06-29", "updatedFromDate": "2023-05-17"}, {"date": "2018-08-29", "symbol": "601127.SS", "eps": 0.01755, "epsEstimated": null, "time": "bmo", "revenue": 4196491556.25, "revenueEstimated": null, "fiscalDateEnding": "2018-06-29", "updatedFromDate": "2023-08-16"}, {"date": "2018-08-29", "symbol": "603788.SS", "eps": 0.32, "epsEstimated": null, "time": "bmo", "revenue": 279661282.95, "revenueEstimated": null, "fiscalDateEnding": "2018-05-29", "updatedFromDate": "2023-05-17"}, {"date": "2018-08-29", "symbol": "002396.SZ", "eps": 0.21, "epsEstimated": null, "time": "bmo", "revenue": 2211330725.12, "revenueEstimated": null, "fiscalDateEnding": "2018-06-29", "updatedFromDate": "2023-08-16"}, {"date": "2018-08-29", "symbol": "600280.SS", "eps": 0.03, "epsEstimated": null, "time": "bmo", "revenue": 2008403656.18, "revenueEstimated": null, "fiscalDateEnding": "2018-06-29", "updatedFromDate": "2023-05-17"}, {"date": "2018-08-29", "symbol": "200869.SZ", "eps": 0.2, "epsEstimated": null, "time": "bmo", "revenue": 1032328986, "revenueEstimated": null, "fiscalDateEnding": "2018-05-29", "updatedFromDate": "2023-05-17"}, {"date": "2018-08-29", "symbol": "GEF-B", "eps": 1.2, "epsEstimated": 1.08, "time": "amc", "revenue": 1012100000, "revenueEstimated": 910890000, "fiscalDateEnding": "2018-07-30", "updatedFromDate": "2023-05-17"}, {"date": "2018-08-29", "symbol": "HRTIS.HE", "eps": null, "epsEstimated": null, "time": "bmo", "revenue": null, "revenueEstimated": null, "fiscalDateEnding": "2018-05-29", "updatedFromDate": "2023-05-17"}, {"date": "2018-08-29", "symbol": "002366.SZ", "eps": 0.29, "epsEstimated": null, "time": "bmo", "revenue": 507763491.68, "revenueEstimated": null, "fiscalDateEnding": "2018-06-29", "updatedFromDate": "2023-05-17"}, {"date": "2018-08-29", "symbol": "IIA.VI", "eps": 0.71, "epsEstimated": null, "time": "bmo", "revenue": 83184000, "revenueEstimated": null, "fiscalDateEnding": "2018-06-30", "updatedFromDate": "2023-10-16"}, {"date": "2018-08-29", "symbol": "002928.SZ", "eps": 0.04706, "epsEstimated": null, "time": "bmo", "revenue": 1036572399.63, "revenueEstimated": null, "fiscalDateEnding": "2018-06-29", "updatedFromDate": "2023-05-17"}, {"date": "2018-08-29", "symbol": "KOOYF", "eps": null, "epsEstimated": null, "time": "bmo", "revenue": null, "revenueEstimated": null, "fiscalDateEnding": "2018-06-30", "updatedFromDate": "2023-05-17"}, {"date": "2018-08-29", "symbol": "300010.SZ", "eps": -0.09, "epsEstimated": null, "time": "bmo", "revenue": 292093044.73, "revenueEstimated": null, "fiscalDateEnding": "2018-06-29", "updatedFromDate": "2023-08-16"}, {"date": "2018-08-29", "symbol": "RDS.V", "eps": null, "epsEstimated": null, "time": "bmo", "revenue": null, "revenueEstimated": null, "fiscalDateEnding": "2018-06-30", "updatedFromDate": "2023-05-17"}, {"date": "2018-08-29", "symbol": "603938.SS", "eps": 0.1568, "epsEstimated": null, "time": "bmo", "revenue": 297600933.54, "revenueEstimated": null, "fiscalDateEnding": "2018-06-29", "updatedFromDate": "2023-05-17"}, {"date": "2018-08-29", "symbol": "BRAG", "eps": -0.40409, "epsEstimated": null, "time": "bmo", "revenue": 2267380.3248, "revenueEstimated": null, "fiscalDateEnding": "2018-06-30", "updatedFromDate": "2023-09-29"}, {"date": "2018-08-29", "symbol": "NRP.JO", "eps": null, "epsEstimated": null, "time": "bmo", "revenue": null, "revenueEstimated": null, "fiscalDateEnding": "2018-05-29", "updatedFromDate": "2023-05-17"}, {"date": "2018-08-29", "symbol": "600855.SS", "eps": 0.05, "epsEstimated": null, "time": "bmo", "revenue": 369848587, "revenueEstimated": null, "fiscalDateEnding": "2018-05-29", "updatedFromDate": "2023-05-17"}, {"date": "2018-08-30", "symbol": "000333.SZ", "eps": 1.15, "epsEstimated": 1.06, "time": "bmo", "revenue": 73448364000, "revenueEstimated": null, "fiscalDateEnding": "2018-06-29", "updatedFromDate": "2023-08-16"}, {"date": "2018-08-30", "symbol": "600587.SS", "eps": 0.24, "epsEstimated": null, "time": "bmo", "revenue": 2610842833.17, "revenueEstimated": null, "fiscalDateEnding": "2018-05-30", "updatedFromDate": "2023-05-17"}, {"date": "2018-08-30", "symbol": "CBWBF", "eps": 0.75, "epsEstimated": 0.77, "time": "bmo", "revenue": 204989000, "revenueEstimated": null, "fiscalDateEnding": "2018-07-31", "updatedFromDate": "2023-08-25"}, {"date": "2018-08-30", "symbol": "TGRVF", "eps": 0.01, "epsEstimated": null, "time": "bmo", "revenue": null, "revenueEstimated": null, "fiscalDateEnding": "2018-06-30", "updatedFromDate": "2023-09-29"}, {"date": "2018-08-30", "symbol": "600369.SS", "eps": 0.01, "epsEstimated": 0.02125, "time": "bmo", "revenue": 611611790.36, "revenueEstimated": null, "fiscalDateEnding": "2018-06-29", "updatedFromDate": "2023-05-17"}, {"date": "2018-08-30", "symbol": "EUROB.AT", "eps": 0.02, "epsEstimated": 0.019, "time": "bmo", "revenue": null, "revenueEstimated": null, "fiscalDateEnding": "2018-06-30", "updatedFromDate": "2023-05-17"}, {"date": "2018-08-30", "symbol": "IDCBY", "eps": 0.72, "epsEstimated": null, "time": "bmo", "revenue": 189640000000, "revenueEstimated": null, "fiscalDateEnding": "2018-06-30", "updatedFromDate": "2023-09-29"}, {"date": "2018-08-30", "symbol": "VMO", "eps": 0.2158, "epsEstimated": null, "time": "bmo", "revenue": 33120700, "revenueEstimated": null, "fiscalDateEnding": "2018-08-30", "updatedFromDate": "2023-10-17"}, {"date": "2018-08-30", "symbol": "BIOS.BR", "eps": null, "epsEstimated": null, "time": "bmo", "revenue": null, "revenueEstimated": null, "fiscalDateEnding": "2018-06-30", "updatedFromDate": "2023-05-17"}, {"date": "2018-08-30", "symbol": "603825.SS", "eps": 0.1669, "epsEstimated": null, "time": "bmo", "revenue": 2908671388.79, "revenueEstimated": null, "fiscalDateEnding": "2018-06-29", "updatedFromDate": "2023-05-17"}, {"date": "2018-08-30", "symbol": "STBBF", "eps": 1.13, "epsEstimated": 0.87, "time": "bmo", "revenue": null, "revenueEstimated": null, "fiscalDateEnding": "2018-06-30", "updatedFromDate": "2023-05-17"}, {"date": "2018-08-30", "symbol": "AVHNF", "eps": null, "epsEstimated": null, "time": "bmo", "revenue": null, "revenueEstimated": null, "fiscalDateEnding": "2018-06-30", "updatedFromDate": "2023-05-17"}, {"date": "2018-08-30", "symbol": "002181.SZ", "eps": 0.0374, "epsEstimated": null, "time": "bmo", "revenue": 192583553.1, "revenueEstimated": null, "fiscalDateEnding": "2018-06-29", "updatedFromDate": "2023-05-17"}, {"date": "2018-08-30", "symbol": "QRC.TO", "eps": -0.00091, "epsEstimated": null, "time": "bmo", "revenue": null, "revenueEstimated": null, "fiscalDateEnding": "2018-08-30", "updatedFromDate": "2023-05-17"}, {"date": "2018-08-30", "symbol": "OIA", "eps": 0.3391, "epsEstimated": null, "time": "bmo", "revenue": 11985790, "revenueEstimated": null, "fiscalDateEnding": "2018-08-30", "updatedFromDate": "2023-10-17"}, {"date": "2018-08-30", "symbol": "601669.SS", "eps": 0.14, "epsEstimated": null, "time": "bmo", "revenue": 64955404487.74, "revenueEstimated": null, "fiscalDateEnding": "2018-06-29", "updatedFromDate": "2023-05-17"}, {"date": "2018-08-30", "symbol": "VGM", "eps": 0.2019, "epsEstimated": null, "time": "bmo", "revenue": 27316010, "revenueEstimated": null, "fiscalDateEnding": "2018-08-30", "updatedFromDate": "2023-10-17"}, {"date": "2018-08-30", "symbol": "SWBI", "eps": 0.21, "epsEstimated": 0.12, "time": "bmo", "revenue": 138833000, "revenueEstimated": 128854378.125, "fiscalDateEnding": "2018-07-30", "updatedFromDate": "2023-09-29"}, {"date": "2018-08-30", "symbol": "CRE.V", "eps": -0.01106, "epsEstimated": null, "time": "bmo", "revenue": null, "revenueEstimated": null, "fiscalDateEnding": "2018-08-30", "updatedFromDate": "2023-05-17"}, {"date": "2018-08-30", "symbol": "603399.SS", "eps": 0.34, "epsEstimated": null, "time": "bmo", "revenue": 679672366.62, "revenueEstimated": null, "fiscalDateEnding": "2018-09-29", "updatedFromDate": "2023-05-17"}, {"date": "2018-08-30", "symbol": "002701.SZ", "eps": 0.11, "epsEstimated": null, "time": "bmo", "revenue": 2047037029, "revenueEstimated": null, "fiscalDateEnding": "2018-06-29", "updatedFromDate": "2023-05-17"}, {"date": "2018-08-30", "symbol": "AMBA", "eps": 0.25, "epsEstimated": 0.13, "time": "amc", "revenue": 62474000, "revenueEstimated": 60213816.703125, "fiscalDateEnding": "2018-07-30", "updatedFromDate": "2023-09-29"}, {"date": "2018-08-30", "symbol": "603901.SS", "eps": 0.08743, "epsEstimated": null, "time": "bmo", "revenue": 451039437.99, "revenueEstimated": null, "fiscalDateEnding": "2018-06-29", "updatedFromDate": "2023-05-17"}, {"date": "2018-08-30", "symbol": "IVBT", "eps": -1.88516, "epsEstimated": null, "time": "bmo", "revenue": 1442, "revenueEstimated": null, "fiscalDateEnding": "2018-08-30", "updatedFromDate": "2023-10-17"}, {"date": "2018-08-30", "symbol": "RAZFF", "eps": null, "epsEstimated": null, "time": "bmo", "revenue": null, "revenueEstimated": null, "fiscalDateEnding": "2018-06-30", "updatedFromDate": "2023-05-17"}, {"date": "2018-08-30", "symbol": "SPUP", "eps": -0.00022, "epsEstimated": null, "time": "bmo", "revenue": null, "revenueEstimated": null, "fiscalDateEnding": "2018-08-30", "updatedFromDate": "2023-11-28"}, {"date": "2018-08-30", "symbol": "300663.SZ", "eps": null, "epsEstimated": null, "time": "bmo", "revenue": null, "revenueEstimated": null, "fiscalDateEnding": "2018-06-30", "updatedFromDate": "2023-05-17"}, {"date": "2018-08-30", "symbol": "000415.SZ", "eps": 0.1209, "epsEstimated": null, "time": "bmo", "revenue": 12457159000, "revenueEstimated": null, "fiscalDateEnding": "2018-06-29", "updatedFromDate": "2023-05-17"}, {"date": "2018-08-30", "symbol": "DMB", "eps": 0.4171, "epsEstimated": null, "time": "bmo", "revenue": 8904260, "revenueEstimated": null, "fiscalDateEnding": "2018-08-30", "updatedFromDate": "2023-10-17"}, {"date": "2018-08-30", "symbol": "600350.SS", "eps": 0.39, "epsEstimated": 0.12, "time": "bmo", "revenue": 1442698414.02, "revenueEstimated": null, "fiscalDateEnding": "2018-06-29", "updatedFromDate": "2023-05-17"}, {"date": "2018-08-30", "symbol": "ALPHA.AT", "eps": -0.03, "epsEstimated": null, "time": "bmo", "revenue": null, "revenueEstimated": null, "fiscalDateEnding": "2018-06-30", "updatedFromDate": "2023-05-17"}, {"date": "2018-08-30", "symbol": "IREN.SW", "eps": null, "epsEstimated": null, "time": "bmo", "revenue": null, "revenueEstimated": null, "fiscalDateEnding": "2018-05-30", "updatedFromDate": "2023-05-17"}, {"date": "2018-08-30", "symbol": "600738.SS", "eps": 0.01854, "epsEstimated": null, "time": "bmo", "revenue": 309665801.02, "revenueEstimated": null, "fiscalDateEnding": "2018-06-29", "updatedFromDate": "2023-05-17"}, {"date": "2018-08-30", "symbol": "601200.SS", "eps": 0.1451, "epsEstimated": null, "time": "bmo", "revenue": 623520771.9, "revenueEstimated": null, "fiscalDateEnding": "2018-06-29", "updatedFromDate": "2023-05-17"}, {"date": "2018-08-30", "symbol": "BRIM.IC", "eps": 0.00451, "epsEstimated": null, "time": "bmo", "revenue": 49237000, "revenueEstimated": null, "fiscalDateEnding": "2018-09-29", "updatedFromDate": "2023-05-17"}, {"date": "2018-08-30", "symbol": "000610.SZ", "eps": -0.00678, "epsEstimated": null, "time": "bmo", "revenue": 227124845.44, "revenueEstimated": null, "fiscalDateEnding": "2018-06-29", "updatedFromDate": "2023-05-17"}, {"date": "2018-08-30", "symbol": "002099.SZ", "eps": 0.1549, "epsEstimated": null, "time": "bmo", "revenue": 755205128.14, "revenueEstimated": null, "fiscalDateEnding": "2018-06-29", "updatedFromDate": "2023-05-17"}, {"date": "2018-08-30", "symbol": "300147.SZ", "eps": 0.06, "epsEstimated": null, "time": "bmo", "revenue": 610748633.75, "revenueEstimated": null, "fiscalDateEnding": "2018-09-29", "updatedFromDate": "2023-05-17"}, {"date": "2018-08-30", "symbol": "8068.T", "eps": 12.44, "epsEstimated": null, "time": "bmo", "revenue": 27575000000, "revenueEstimated": null, "fiscalDateEnding": "2018-05-30", "updatedFromDate": "2023-10-17"}, {"date": "2018-08-30", "symbol": "601118.SS", "eps": -0.03, "epsEstimated": -0.01101, "time": "bmo", "revenue": 1124071745.88, "revenueEstimated": null, "fiscalDateEnding": "2018-06-29", "updatedFromDate": "2023-05-17"}, {"date": "2018-08-30", "symbol": "000796.SZ", "eps": 0.06, "epsEstimated": null, "time": "bmo", "revenue": 1968966856.17, "revenueEstimated": null, "fiscalDateEnding": "2018-06-29", "updatedFromDate": "2023-05-17"}, {"date": "2018-08-30", "symbol": "AFI.CN", "eps": -0.02004, "epsEstimated": null, "time": "bmo", "revenue": null, "revenueEstimated": null, "fiscalDateEnding": "2018-08-30", "updatedFromDate": "2023-10-09"}, {"date": "2018-08-30", "symbol": "LOACU", "eps": 0.1022, "epsEstimated": null, "time": "amc", "revenue": null, "revenueEstimated": null, "fiscalDateEnding": "2018-08-30", "updatedFromDate": "2023-05-17"}, {"date": "2018-08-30", "symbol": "000976.SZ", "eps": 0.05557, "epsEstimated": null, "time": "bmo", "revenue": 466273838.58, "revenueEstimated": null, "fiscalDateEnding": "2018-06-29", "updatedFromDate": "2023-05-17"}, {"date": "2018-08-30", "symbol": "000567.SZ", "eps": 0.1259, "epsEstimated": null, "time": "bmo", "revenue": 82675031.73, "revenueEstimated": null, "fiscalDateEnding": "2018-06-29", "updatedFromDate": "2023-05-17"}, {"date": "2018-08-30", "symbol": "000829.SZ", "eps": 0.0012, "epsEstimated": null, "time": "bmo", "revenue": 10869647309.71, "revenueEstimated": null, "fiscalDateEnding": "2018-05-30", "updatedFromDate": "2023-05-17"}, {"date": "2018-08-30", "symbol": "EVS.BR", "eps": 0.545, "epsEstimated": null, "time": "bmo", "revenue": 29639000, "revenueEstimated": null, "fiscalDateEnding": "2018-05-30", "updatedFromDate": "2023-05-17"}, {"date": "2018-08-30", "symbol": "600223.SS", "eps": 0.02146, "epsEstimated": null, "time": "bmo", "revenue": 1510849706.85, "revenueEstimated": null, "fiscalDateEnding": "2018-06-29", "updatedFromDate": "2023-05-17"}, {"date": "2018-08-30", "symbol": "LIDDS.ST", "eps": 0.2315, "epsEstimated": null, "time": "bmo", "revenue": 7785000, "revenueEstimated": null, "fiscalDateEnding": "2018-05-30", "updatedFromDate": "2023-05-17"}, {"date": "2018-08-30", "symbol": "601996.SS", "eps": 0.04, "epsEstimated": null, "time": "bmo", "revenue": 355544294.81, "revenueEstimated": null, "fiscalDateEnding": "2018-06-29", "updatedFromDate": "2023-05-17"}, {"date": "2018-08-30", "symbol": "000882.SZ", "eps": 0.1084, "epsEstimated": null, "time": "bmo", "revenue": 284909003.73, "revenueEstimated": null, "fiscalDateEnding": "2018-06-29", "updatedFromDate": "2023-05-17"}, {"date": "2018-08-30", "symbol": "600749.SS", "eps": 0.1698, "epsEstimated": null, "time": "bmo", "revenue": 72683770.86, "revenueEstimated": null, "fiscalDateEnding": "2018-09-29", "updatedFromDate": "2023-05-17"}, {"date": "2018-08-30", "symbol": "1375.HK", "eps": 0.01295, "epsEstimated": null, "time": "bmo", "revenue": 406828465.02, "revenueEstimated": null, "fiscalDateEnding": "2018-06-29", "updatedFromDate": "2023-05-17"}, {"date": "2018-08-30", "symbol": "002178.SZ", "eps": -0.01, "epsEstimated": null, "time": "bmo", "revenue": 260959980.91, "revenueEstimated": null, "fiscalDateEnding": "2018-09-29", "updatedFromDate": "2023-05-17"}, {"date": "2018-08-30", "symbol": "KOR.TO", "eps": -0.02307, "epsEstimated": null, "time": "bmo", "revenue": null, "revenueEstimated": null, "fiscalDateEnding": "2018-08-30", "updatedFromDate": "2023-10-16"}, {"date": "2018-08-30", "symbol": "LAI.CN", "eps": -0.00138, "epsEstimated": null, "time": "bmo", "revenue": null, "revenueEstimated": null, "fiscalDateEnding": "2018-08-30", "updatedFromDate": "2023-10-16"}, {"date": "2018-08-30", "symbol": "ADBE.SW", "eps": 1.34, "epsEstimated": null, "time": "bmo", "revenue": 2291076000, "revenueEstimated": null, "fiscalDateEnding": "2018-08-30", "updatedFromDate": "2023-05-17"}, {"date": "2018-08-30", "symbol": "IRLTF", "eps": null, "epsEstimated": null, "time": "bmo", "revenue": null, "revenueEstimated": null, "fiscalDateEnding": "2018-06-30", "updatedFromDate": "2023-05-17"}, {"date": "2018-08-30", "symbol": "3996.HK", "eps": null, "epsEstimated": null, "time": "bmo", "revenue": null, "revenueEstimated": null, "fiscalDateEnding": "2018-05-30", "updatedFromDate": "2023-05-17"}, {"date": "2018-08-30", "symbol": "GMS", "eps": 0.82, "epsEstimated": 0.77, "time": "bmo", "revenue": 778144000, "revenueEstimated": 692698780.4878049, "fiscalDateEnding": "2018-07-30", "updatedFromDate": "2023-09-29"}, {"date": "2018-08-30", "symbol": "SEDANA.ST", "eps": -0.04, "epsEstimated": -0.43, "time": "bmo", "revenue": 12682176, "revenueEstimated": null, "fiscalDateEnding": "2018-05-30", "updatedFromDate": "2023-05-17"}, {"date": "2018-08-30", "symbol": "LOMLF", "eps": -0.00552, "epsEstimated": null, "time": "bmo", "revenue": null, "revenueEstimated": null, "fiscalDateEnding": "2018-06-30", "updatedFromDate": "2023-08-17"}, {"date": "2018-08-30", "symbol": "603066.SS", "eps": 0.15, "epsEstimated": null, "time": "bmo", "revenue": 250327655.26, "revenueEstimated": null, "fiscalDateEnding": "2018-06-29", "updatedFromDate": "2023-05-17"}, {"date": "2018-08-30", "symbol": "NXTCL.ST", "eps": -0.33626, "epsEstimated": null, "time": "bmo", "revenue": 127868, "revenueEstimated": null, "fiscalDateEnding": "2018-08-30", "updatedFromDate": "2023-05-17"}, {"date": "2018-08-30", "symbol": "600390.SS", "eps": 0.1354, "epsEstimated": null, "time": "bmo", "revenue": 2716997829.14, "revenueEstimated": null, "fiscalDateEnding": "2018-06-29", "updatedFromDate": "2023-05-17"}, {"date": "2018-08-30", "symbol": "OCINF", "eps": -0.189, "epsEstimated": null, "time": "bmo", "revenue": 792700000, "revenueEstimated": null, "fiscalDateEnding": "2018-06-30", "updatedFromDate": "2023-08-17"}, {"date": "2018-08-30", "symbol": "CWEB.TO", "eps": 0.04017, "epsEstimated": null, "time": "bmo", "revenue": 17217000, "revenueEstimated": null, "fiscalDateEnding": "2018-06-30", "updatedFromDate": "2023-08-25"}, {"date": "2018-08-30", "symbol": "000150.SZ", "eps": 0.08515, "epsEstimated": null, "time": "bmo", "revenue": 583529322.63, "revenueEstimated": null, "fiscalDateEnding": "2018-06-29", "updatedFromDate": "2023-05-17"}, {"date": "2018-08-30", "symbol": "CIGMF", "eps": null, "epsEstimated": null, "time": "bmo", "revenue": null, "revenueEstimated": null, "fiscalDateEnding": "2018-06-30", "updatedFromDate": "2023-08-17"}, {"date": "2018-08-30", "symbol": "CRNX", "eps": 2.41, "epsEstimated": 0.29, "time": "bmo", "revenue": 657000, "revenueEstimated": 3731306, "fiscalDateEnding": "2018-06-29", "updatedFromDate": "2023-09-29"}, {"date": "2018-08-30", "symbol": "AUSI", "eps": -0.07941, "epsEstimated": null, "time": "bmo", "revenue": 1874, "revenueEstimated": null, "fiscalDateEnding": "2018-08-30", "updatedFromDate": "2023-10-10"}, {"date": "2018-08-30", "symbol": "600617.SS", "eps": -0.02, "epsEstimated": -0.00541, "time": "bmo", "revenue": 1952357272.62, "revenueEstimated": null, "fiscalDateEnding": "2018-06-29", "updatedFromDate": "2023-05-17"}, {"date": "2018-08-30", "symbol": "2003.HK", "eps": null, "epsEstimated": null, "time": "bmo", "revenue": null, "revenueEstimated": null, "fiscalDateEnding": "2018-05-30", "updatedFromDate": "2023-05-17"}, {"date": "2018-08-30", "symbol": "000881.SZ", "eps": 0.08, "epsEstimated": null, "time": "bmo", "revenue": 1548812956.1, "revenueEstimated": null, "fiscalDateEnding": "2018-06-29", "updatedFromDate": "2023-05-17"}, {"date": "2018-08-30", "symbol": "DEEP.CN", "eps": -0.00544, "epsEstimated": null, "time": "bmo", "revenue": null, "revenueEstimated": null, "fiscalDateEnding": "2018-08-30", "updatedFromDate": "2023-05-17"}, {"date": "2018-08-30", "symbol": "AGTX", "eps": -0.02878, "epsEstimated": null, "time": "bmo", "revenue": null, "revenueEstimated": null, "fiscalDateEnding": "2018-08-30", "updatedFromDate": "2023-10-10"}, {"date": "2018-08-30", "symbol": "002586.SZ", "eps": 0.0598, "epsEstimated": null, "time": "bmo", "revenue": 802614166.44, "revenueEstimated": null, "fiscalDateEnding": "2018-06-29", "updatedFromDate": "2023-05-17"}, {"date": "2018-08-30", "symbol": "EZRG", "eps": -0.00053, "epsEstimated": null, "time": "bmo", "revenue": null, "revenueEstimated": null, "fiscalDateEnding": "2018-08-30", "updatedFromDate": "2023-10-10"}, {"date": "2018-08-30", "symbol": "VS", "eps": -3.97763, "epsEstimated": null, "time": "bmo", "revenue": null, "revenueEstimated": null, "fiscalDateEnding": "2018-06-30", "updatedFromDate": "2023-09-29"}, {"date": "2018-08-30", "symbol": "LZGI", "eps": -0.03266, "epsEstimated": null, "time": "bmo", "revenue": null, "revenueEstimated": null, "fiscalDateEnding": "2018-08-30", "updatedFromDate": "2023-10-10"}, {"date": "2018-08-30", "symbol": "300672.SZ", "eps": -0.10845, "epsEstimated": null, "time": "bmo", "revenue": 67365717.72, "revenueEstimated": null, "fiscalDateEnding": "2018-06-29", "updatedFromDate": "2023-05-17"}, {"date": "2018-08-30", "symbol": "000552.SZ", "eps": 0.07, "epsEstimated": null, "time": "bmo", "revenue": 1001040232.64, "revenueEstimated": null, "fiscalDateEnding": "2018-06-29", "updatedFromDate": "2023-05-17"}, {"date": "2018-08-30", "symbol": "RCEL", "eps": null, "epsEstimated": null, "time": "bmo", "revenue": null, "revenueEstimated": null, "fiscalDateEnding": "2018-06-29", "updatedFromDate": "2023-10-10"}, {"date": "2018-08-30", "symbol": "002592.SZ", "eps": 0.01332, "epsEstimated": null, "time": "bmo", "revenue": 196152186.99, "revenueEstimated": null, "fiscalDateEnding": "2018-06-29", "updatedFromDate": "2023-05-17"}, {"date": "2018-08-30", "symbol": "4433.T", "eps": 19.4, "epsEstimated": null, "time": "bmo", "revenue": 14702766000, "revenueEstimated": null, "fiscalDateEnding": "2018-08-30", "updatedFromDate": "2023-05-17"}, {"date": "2018-08-30", "symbol": "UPYY", "eps": -0.00063, "epsEstimated": null, "time": "bmo", "revenue": 247524, "revenueEstimated": null, "fiscalDateEnding": "2018-08-30", "updatedFromDate": "2023-10-10"}, {"date": "2018-08-30", "symbol": "WINRW", "eps": -0.00191, "epsEstimated": null, "time": "bmo", "revenue": null, "revenueEstimated": null, "fiscalDateEnding": "2018-08-30", "updatedFromDate": "2023-10-10"}, {"date": "2018-08-30", "symbol": "603228.SS", "eps": 0.2914, "epsEstimated": null, "time": "bmo", "revenue": 1289369334.07, "revenueEstimated": null, "fiscalDateEnding": "2018-06-29", "updatedFromDate": "2023-05-17"}, {"date": "2018-08-30", "symbol": "600804.SS", "eps": 0.11, "epsEstimated": 0.18, "time": "bmo", "revenue": 1760693292.79, "revenueEstimated": null, "fiscalDateEnding": "2018-06-29", "updatedFromDate": "2023-05-17"}, {"date": "2018-08-30", "symbol": "CHYHY", "eps": 0.1332, "epsEstimated": null, "time": "bmo", "revenue": 296500000, "revenueEstimated": null, "fiscalDateEnding": "2018-08-30", "updatedFromDate": "2023-05-17"}, {"date": "2018-08-30", "symbol": "200539.SZ", "eps": 0.07711, "epsEstimated": null, "time": "bmo", "revenue": 8082449491, "revenueEstimated": null, "fiscalDateEnding": "2018-06-29", "updatedFromDate": "2023-05-17"}, {"date": "2018-08-30", "symbol": "IMC.WA", "eps": 0.985, "epsEstimated": null, "time": "bmo", "revenue": 32352000, "revenueEstimated": null, "fiscalDateEnding": "2018-06-29", "updatedFromDate": "2023-05-17"}, {"date": "2018-08-30", "symbol": "600172.SS", "eps": 0.06354, "epsEstimated": null, "time": "bmo", "revenue": 1069237762.38, "revenueEstimated": null, "fiscalDateEnding": "2018-06-29", "updatedFromDate": "2023-05-17"}, {"date": "2018-08-30", "symbol": "PDCO", "eps": 0.26, "epsEstimated": 0.35, "time": "bmo", "revenue": 1336320000, "revenueEstimated": 1747469230.7692308, "fiscalDateEnding": "2018-07-27", "updatedFromDate": "2023-09-29"}, {"date": "2018-08-30", "symbol": "OMI.TO", "eps": -0.06, "epsEstimated": null, "time": "bmo", "revenue": 4202000, "revenueEstimated": null, "fiscalDateEnding": "2018-08-30", "updatedFromDate": "2023-10-16"}, {"date": "2018-08-30", "symbol": "ITRN", "eps": 0.57, "epsEstimated": 0.49, "time": "bmo", "revenue": 57716000, "revenueEstimated": 49618947.368421055, "fiscalDateEnding": "2018-06-30", "updatedFromDate": "2023-09-29"}, {"date": "2018-08-30", "symbol": "MXROF", "eps": null, "epsEstimated": null, "time": "bmo", "revenue": null, "revenueEstimated": null, "fiscalDateEnding": "2018-06-30", "updatedFromDate": "2023-05-17"}, {"date": "2018-08-30", "symbol": "WXF.VI", "eps": null, "epsEstimated": null, "time": "bmo", "revenue": null, "revenueEstimated": null, "fiscalDateEnding": "2018-06-30", "updatedFromDate": "2023-05-17"}, {"date": "2018-08-30", "symbol": "LEXXW", "eps": -0.02325, "epsEstimated": null, "time": "bmo", "revenue": 433287, "revenueEstimated": null, "fiscalDateEnding": "2018-08-30", "updatedFromDate": "2023-10-17"}, {"date": "2018-08-30", "symbol": "8383.HK", "eps": -0.00048, "epsEstimated": null, "time": "bmo", "revenue": 55851000, "revenueEstimated": null, "fiscalDateEnding": "2018-08-30", "updatedFromDate": "2023-05-17"}, {"date": "2018-08-30", "symbol": "EGL.LS", "eps": null, "epsEstimated": null, "time": "bmo", "revenue": null, "revenueEstimated": null, "fiscalDateEnding": "2018-05-30", "updatedFromDate": "2023-05-17"}, {"date": "2018-08-30", "symbol": "AVL.JO", "eps": null, "epsEstimated": null, "time": "bmo", "revenue": null, "revenueEstimated": null, "fiscalDateEnding": "2018-09-30", "updatedFromDate": "2023-10-17"}, {"date": "2018-08-30", "symbol": "000061.SZ", "eps": null, "epsEstimated": null, "time": "bmo", "revenue": null, "revenueEstimated": null, "fiscalDateEnding": "2018-06-30", "updatedFromDate": "2023-05-17"}, {"date": "2018-08-30", "symbol": "NVOS", "eps": -0.00737, "epsEstimated": null, "time": "bmo", "revenue": 2171639, "revenueEstimated": null, "fiscalDateEnding": "2018-08-30", "updatedFromDate": "2023-09-29"}, {"date": "2018-08-30", "symbol": "603600.SS", "eps": 0.08282, "epsEstimated": null, "time": "bmo", "revenue": 614526779.99, "revenueEstimated": null, "fiscalDateEnding": "2018-06-29", "updatedFromDate": "2023-05-17"}, {"date": "2018-08-30", "symbol": "1426.HK", "eps": null, "epsEstimated": null, "time": "bmo", "revenue": null, "revenueEstimated": null, "fiscalDateEnding": "2018-05-30", "updatedFromDate": "2023-05-17"}, {"date": "2018-08-30", "symbol": "AVNT.TO", "eps": -0.02929, "epsEstimated": null, "time": "bmo", "revenue": null, "revenueEstimated": null, "fiscalDateEnding": "2018-08-30", "updatedFromDate": "2023-05-17"}, {"date": "2018-08-30", "symbol": "DLTR", "eps": 1.15, "epsEstimated": 1.15, "time": "bmo", "revenue": 5808700000, "revenueEstimated": 5573648695.652174, "fiscalDateEnding": "2018-05-30", "updatedFromDate": "2023-10-10"}, {"date": "2018-08-30", "symbol": "ZLIOF", "eps": 0.06, "epsEstimated": 0.11, "time": "bmo", "revenue": null, "revenueEstimated": null, "fiscalDateEnding": "2018-06-30", "updatedFromDate": "2023-05-17"}, {"date": "2018-08-30", "symbol": "5876.TW", "eps": 0.89, "epsEstimated": null, "time": "bmo", "revenue": 9625407000, "revenueEstimated": null, "fiscalDateEnding": "2018-06-29", "updatedFromDate": "2023-05-17"}, {"date": "2018-08-30", "symbol": "600567.SS", "eps": 0.24, "epsEstimated": null, "time": "bmo", "revenue": 6535105792.68, "revenueEstimated": null, "fiscalDateEnding": "2018-06-29", "updatedFromDate": "2023-05-17"}, {"date": "2018-08-30", "symbol": "EMMSP", "eps": 0.03201, "epsEstimated": null, "time": "bmo", "revenue": 32056000, "revenueEstimated": null, "fiscalDateEnding": "2018-08-30", "updatedFromDate": "2023-10-10"}, {"date": "2018-08-30", "symbol": "FLCX", "eps": -0.28679, "epsEstimated": null, "time": "bmo", "revenue": null, "revenueEstimated": null, "fiscalDateEnding": "2018-08-30", "updatedFromDate": "2023-10-10"}, {"date": "2018-08-30", "symbol": "600039.SS", "eps": 0.1, "epsEstimated": null, "time": "bmo", "revenue": 10539851575.89, "revenueEstimated": null, "fiscalDateEnding": "2018-06-29", "updatedFromDate": "2023-05-17"}, {"date": "2018-08-30", "symbol": "RAN.AX", "eps": null, "epsEstimated": null, "time": "bmo", "revenue": null, "revenueEstimated": null, "fiscalDateEnding": "2018-05-30", "updatedFromDate": "2023-05-17"}, {"date": "2018-08-30", "symbol": "PZU.WA", "eps": 0.91, "epsEstimated": 0.85, "time": "bmo", "revenue": 9932000000, "revenueEstimated": null, "fiscalDateEnding": "2018-05-30", "updatedFromDate": "2023-05-17"}, {"date": "2018-08-30", "symbol": "IRCC", "eps": -0.01018, "epsEstimated": null, "time": "bmo", "revenue": null, "revenueEstimated": null, "fiscalDateEnding": "2018-08-30", "updatedFromDate": "2023-10-10"}, {"date": "2018-08-30", "symbol": "EIK.IC", "eps": -0.04, "epsEstimated": null, "time": "bmo", "revenue": 1986000000, "revenueEstimated": null, "fiscalDateEnding": "2018-06-29", "updatedFromDate": "2023-05-17"}, {"date": "2018-08-30", "symbol": "DXLG", "eps": 0.01, "epsEstimated": -0.06, "time": "bmo", "revenue": 112973000, "revenueEstimated": 733199999.9999999, "fiscalDateEnding": "2018-05-30", "updatedFromDate": "2023-10-10"}, {"date": "2018-08-30", "symbol": "600077.SS", "eps": 0.07, "epsEstimated": null, "time": "bmo", "revenue": 690139012.31, "revenueEstimated": null, "fiscalDateEnding": "2018-06-29", "updatedFromDate": "2023-05-17"}, {"date": "2018-08-30", "symbol": "002488.SZ", "eps": 0.06, "epsEstimated": null, "time": "bmo", "revenue": 774572430.22, "revenueEstimated": null, "fiscalDateEnding": "2018-05-30", "updatedFromDate": "2023-05-17"}, {"date": "2018-08-30", "symbol": "1635.HK", "eps": 0.0332, "epsEstimated": null, "time": "bmo", "revenue": 1143242509.35, "revenueEstimated": null, "fiscalDateEnding": "2018-06-29", "updatedFromDate": "2023-05-17"}, {"date": "2018-08-30", "symbol": "OCLN", "eps": 31.18, "epsEstimated": null, "time": "bmo", "revenue": 1250604, "revenueEstimated": null, "fiscalDateEnding": "2018-06-29", "updatedFromDate": "2023-09-29"}, {"date": "2018-08-30", "symbol": "MEI", "eps": 0.63, "epsEstimated": 0.6, "time": "bmo", "revenue": 223400000, "revenueEstimated": 212761904.76190475, "fiscalDateEnding": "2018-07-27", "updatedFromDate": "2023-09-29"}, {"date": "2018-08-30", "symbol": "DENR", "eps": 0.06053, "epsEstimated": null, "time": "bmo", "revenue": null, "revenueEstimated": null, "fiscalDateEnding": "2018-08-30", "updatedFromDate": "2023-05-17"}, {"date": "2018-08-30", "symbol": "GEA.PA", "eps": null, "epsEstimated": null, "time": "bmo", "revenue": null, "revenueEstimated": null, "fiscalDateEnding": "2018-05-30", "updatedFromDate": "2023-05-17"}, {"date": "2018-08-30", "symbol": "CPMV", "eps": -0.26712, "epsEstimated": null, "time": "bmo", "revenue": null, "revenueEstimated": null, "fiscalDateEnding": "2018-08-30", "updatedFromDate": "2023-10-10"}, {"date": "2018-08-30", "symbol": "HPHA.DE", "eps": -0.09468, "epsEstimated": null, "time": "bmo", "revenue": 1058879, "revenueEstimated": null, "fiscalDateEnding": "2018-08-30", "updatedFromDate": "2023-05-17"}, {"date": "2018-08-30", "symbol": "YEXT", "eps": -0.1, "epsEstimated": -0.11, "time": "amc", "revenue": 55096000, "revenueEstimated": 60605599.99999999, "fiscalDateEnding": "2018-07-30", "updatedFromDate": "2023-09-29"}, {"date": "2018-08-30", "symbol": "SGMLF", "eps": -0.02, "epsEstimated": -0.01, "time": "amc", "revenue": null, "revenueEstimated": null, "fiscalDateEnding": "2018-06-30", "updatedFromDate": "2023-05-17"}, {"date": "2018-08-30", "symbol": "2686.HK", "eps": null, "epsEstimated": null, "time": "bmo", "revenue": null, "revenueEstimated": null, "fiscalDateEnding": "2018-05-30", "updatedFromDate": "2023-05-17"}, {"date": "2018-08-30", "symbol": "PCIB.OL", "eps": -0.32409, "epsEstimated": null, "time": "bmo", "revenue": null, "revenueEstimated": null, "fiscalDateEnding": "2018-05-30", "updatedFromDate": "2023-05-17"}, {"date": "2018-08-30", "symbol": "600754.SS", "eps": 0.28, "epsEstimated": 0.32, "time": "bmo", "revenue": 4017299148.02, "revenueEstimated": null, "fiscalDateEnding": "2018-05-30", "updatedFromDate": "2023-05-17"}, {"date": "2018-08-30", "symbol": "TD.TO", "eps": 1.66, "epsEstimated": 1.63, "time": "bmo", "revenue": 9814000000, "revenueEstimated": null, "fiscalDateEnding": "2018-07-31", "updatedFromDate": "2023-05-17"}, {"date": "2018-08-30", "symbol": "300300.SZ", "eps": 0.03425, "epsEstimated": null, "time": "bmo", "revenue": 99873537.22, "revenueEstimated": null, "fiscalDateEnding": "2018-06-29", "updatedFromDate": "2023-05-17"}, {"date": "2018-08-30", "symbol": "601949.SS", "eps": 0.07805, "epsEstimated": null, "time": "bmo", "revenue": 1384510073.28, "revenueEstimated": null, "fiscalDateEnding": "2018-06-29", "updatedFromDate": "2023-05-17"}, {"date": "2018-08-30", "symbol": "2888.TW", "eps": 0.01, "epsEstimated": 0.26, "time": "bmo", "revenue": 59371122000, "revenueEstimated": null, "fiscalDateEnding": "2018-06-30", "updatedFromDate": "2023-08-25"}, {"date": "2018-08-30", "symbol": "LFER", "eps": -0.24706, "epsEstimated": null, "time": "bmo", "revenue": 1354134, "revenueEstimated": null, "fiscalDateEnding": "2018-08-30", "updatedFromDate": "2023-10-10"}, {"date": "2018-08-30", "symbol": "RVPH", "eps": 0.01211, "epsEstimated": null, "time": "bmo", "revenue": null, "revenueEstimated": null, "fiscalDateEnding": "2018-08-30", "updatedFromDate": "2023-09-29"}, {"date": "2018-08-30", "symbol": "FNGR", "eps": -0.01155, "epsEstimated": null, "time": "bmo", "revenue": 76287, "revenueEstimated": null, "fiscalDateEnding": "2018-08-30", "updatedFromDate": "2023-09-29"}, {"date": "2018-08-30", "symbol": "9945.T", "eps": -9.29795, "epsEstimated": null, "time": "bmo", "revenue": 38672000000, "revenueEstimated": null, "fiscalDateEnding": "2018-08-30", "updatedFromDate": "2023-05-17"}, {"date": "2018-08-30", "symbol": "BPMX", "eps": -6, "epsEstimated": -6, "time": "bmo", "revenue": 10000, "revenueEstimated": 20000, "fiscalDateEnding": "2018-05-30", "updatedFromDate": "2023-05-17"}, {"date": "2018-08-30", "symbol": "000885.SZ", "eps": 0.2923, "epsEstimated": null, "time": "bmo", "revenue": 508811441.74, "revenueEstimated": null, "fiscalDateEnding": "2018-06-29", "updatedFromDate": "2023-05-17"}, {"date": "2018-08-30", "symbol": "000625.SZ", "eps": 0.05, "epsEstimated": 0.74, "time": "bmo", "revenue": 15632085249.27, "revenueEstimated": null, "fiscalDateEnding": "2018-06-30", "updatedFromDate": "2023-08-25"}, {"date": "2018-08-30", "symbol": "BFFTF", "eps": 0.1, "epsEstimated": 0.09, "time": "bmo", "revenue": null, "revenueEstimated": null, "fiscalDateEnding": "2018-06-30", "updatedFromDate": "2023-08-25"}, {"date": "2018-08-30", "symbol": "2111.HK", "eps": null, "epsEstimated": null, "time": "bmo", "revenue": null, "revenueEstimated": null, "fiscalDateEnding": "2018-05-30", "updatedFromDate": "2023-05-17"}, {"date": "2018-08-30", "symbol": "SCR.TO", "eps": -0.10598, "epsEstimated": null, "time": "bmo", "revenue": 5098000, "revenueEstimated": null, "fiscalDateEnding": "2018-08-30", "updatedFromDate": "2023-10-16"}, {"date": "2018-08-30", "symbol": "9603.T", "eps": 15.47, "epsEstimated": 27.92, "time": "bmo", "revenue": 169191000000, "revenueEstimated": null, "fiscalDateEnding": "2018-07-31", "updatedFromDate": "2023-08-25"}, {"date": "2018-08-30", "symbol": "002611.SZ", "eps": 0.11, "epsEstimated": null, "time": "bmo", "revenue": 1410598044.26, "revenueEstimated": null, "fiscalDateEnding": "2018-06-29", "updatedFromDate": "2023-05-17"}, {"date": "2018-08-30", "symbol": "000669.SZ", "eps": 0.14, "epsEstimated": 0.13, "time": "bmo", "revenue": 1060028087.94, "revenueEstimated": null, "fiscalDateEnding": "2018-06-29", "updatedFromDate": "2023-05-17"}, {"date": "2018-08-30", "symbol": "YBGJ", "eps": null, "epsEstimated": null, "time": "bmo", "revenue": null, "revenueEstimated": null, "fiscalDateEnding": "2018-08-30", "updatedFromDate": "2023-09-29"}, {"date": "2018-08-30", "symbol": "BBY.DE", "eps": 0.3585, "epsEstimated": null, "time": "bmo", "revenue": 2935018000, "revenueEstimated": null, "fiscalDateEnding": "2018-08-30", "updatedFromDate": "2023-10-16"}, {"date": "2018-08-30", "symbol": "2051.HK", "eps": null, "epsEstimated": null, "time": "bmo", "revenue": null, "revenueEstimated": null, "fiscalDateEnding": "2018-05-30", "updatedFromDate": "2023-05-17"}, {"date": "2018-08-30", "symbol": "600645.SS", "eps": 0.414, "epsEstimated": null, "time": "bmo", "revenue": 209245244.41, "revenueEstimated": null, "fiscalDateEnding": "2018-06-29", "updatedFromDate": "2023-05-17"}, {"date": "2018-08-30", "symbol": "ULTA", "eps": 2.46, "epsEstimated": 2.41, "time": "amc", "revenue": 1743029000, "revenueEstimated": 1457952032.5203252, "fiscalDateEnding": "2018-05-30", "updatedFromDate": "2023-10-10"}, {"date": "2018-08-30", "symbol": "601021.SS", "eps": 0.39, "epsEstimated": 0.42, "time": "bmo", "revenue": 3101895650, "revenueEstimated": null, "fiscalDateEnding": "2018-06-29", "updatedFromDate": "2023-08-16"}, {"date": "2018-08-30", "symbol": "000912.SZ", "eps": 0.07, "epsEstimated": null, "time": "bmo", "revenue": 1151654802.39, "revenueEstimated": null, "fiscalDateEnding": "2018-09-29", "updatedFromDate": "2023-05-17"}, {"date": "2018-08-30", "symbol": "300053.SZ", "eps": 0.05, "epsEstimated": null, "time": "bmo", "revenue": null, "revenueEstimated": null, "fiscalDateEnding": "2018-06-30", "updatedFromDate": "2023-05-31"}, {"date": "2018-08-30", "symbol": "002492.SZ", "eps": 0.0546, "epsEstimated": null, "time": "bmo", "revenue": 69727436.26, "revenueEstimated": null, "fiscalDateEnding": "2018-06-29", "updatedFromDate": "2023-05-17"}, {"date": "2018-08-30", "symbol": "300069.SZ", "eps": null, "epsEstimated": null, "time": "bmo", "revenue": null, "revenueEstimated": null, "fiscalDateEnding": "2018-06-30", "updatedFromDate": "2023-05-31"}, {"date": "2018-08-30", "symbol": "300078.SZ", "eps": 0.06, "epsEstimated": null, "time": "bmo", "revenue": null, "revenueEstimated": null, "fiscalDateEnding": "2018-06-30", "updatedFromDate": "2023-05-31"}, {"date": "2018-08-30", "symbol": "300083.SZ", "eps": null, "epsEstimated": null, "time": "bmo", "revenue": null, "revenueEstimated": null, "fiscalDateEnding": "2018-06-30", "updatedFromDate": "2023-05-31"}, {"date": "2018-08-30", "symbol": "002712.SZ", "eps": 0.13, "epsEstimated": 0.13, "time": "bmo", "revenue": 1187035775.39, "revenueEstimated": null, "fiscalDateEnding": "2018-06-29", "updatedFromDate": "2023-05-17"}, {"date": "2018-08-30", "symbol": "STP.WA", "eps": 10.92, "epsEstimated": null, "time": "bmo", "revenue": 1019363000, "revenueEstimated": null, "fiscalDateEnding": "2018-05-30", "updatedFromDate": "2023-05-17"}, {"date": "2018-08-30", "symbol": "BYM", "eps": 0.2544, "epsEstimated": null, "time": "bmo", "revenue": 13219820, "revenueEstimated": null, "fiscalDateEnding": "2018-08-30", "updatedFromDate": "2023-05-17"}, {"date": "2018-08-30", "symbol": "002501.SZ", "eps": -0.16, "epsEstimated": null, "time": "bmo", "revenue": -316060259.96, "revenueEstimated": null, "fiscalDateEnding": "2018-06-29", "updatedFromDate": "2023-05-17"}, {"date": "2018-08-30", "symbol": "600236.SS", "eps": 0.08, "epsEstimated": null, "time": "bmo", "revenue": 2563888945.46, "revenueEstimated": null, "fiscalDateEnding": "2018-06-29", "updatedFromDate": "2023-05-17"}, {"date": "2018-08-30", "symbol": "STZ-B", "eps": 5.87, "epsEstimated": null, "time": "bmo", "revenue": 2299100000, "revenueEstimated": null, "fiscalDateEnding": "2018-08-30", "updatedFromDate": "2023-10-16"}, {"date": "2018-08-30", "symbol": "NRK", "eps": 0.3848, "epsEstimated": null, "time": "amc", "revenue": 40394920, "revenueEstimated": null, "fiscalDateEnding": "2018-08-30", "updatedFromDate": "2023-10-17"}, {"date": "2018-08-30", "symbol": "0925.HK", "eps": 0.00364, "epsEstimated": null, "time": "bmo", "revenue": 120176250, "revenueEstimated": null, "fiscalDateEnding": "2018-05-30", "updatedFromDate": "2023-05-17"}, {"date": "2018-08-30", "symbol": "BB.SW", "eps": 0.07193, "epsEstimated": null, "time": "bmo", "revenue": 210000000, "revenueEstimated": null, "fiscalDateEnding": "2018-08-30", "updatedFromDate": "2023-10-17"}, {"date": "2018-08-30", "symbol": "RVIV", "eps": -0.0023, "epsEstimated": null, "time": "bmo", "revenue": 141180, "revenueEstimated": null, "fiscalDateEnding": "2018-08-30", "updatedFromDate": "2023-05-17"}, {"date": "2018-08-30", "symbol": "CICOF", "eps": null, "epsEstimated": null, "time": "bmo", "revenue": null, "revenueEstimated": null, "fiscalDateEnding": "2018-06-30", "updatedFromDate": "2023-05-17"}, {"date": "2018-08-30", "symbol": "PDD", "eps": -0.2, "epsEstimated": null, "time": "amc", "revenue": 2709046000, "revenueEstimated": null, "fiscalDateEnding": "2018-06-30", "updatedFromDate": "2023-09-29"}, {"date": "2018-08-30", "symbol": "IPOT.CN", "eps": -0.14177, "epsEstimated": null, "time": "bmo", "revenue": 600940, "revenueEstimated": null, "fiscalDateEnding": "2018-08-30", "updatedFromDate": "2023-10-17"}, {"date": "2018-08-30", "symbol": "WINR", "eps": -0.01531, "epsEstimated": null, "time": "bmo", "revenue": null, "revenueEstimated": null, "fiscalDateEnding": "2018-08-30", "updatedFromDate": "2023-09-29"}, {"date": "2018-08-30", "symbol": "000561.SZ", "eps": 0.06, "epsEstimated": null, "time": "bmo", "revenue": 291997367.52, "revenueEstimated": null, "fiscalDateEnding": "2018-06-29", "updatedFromDate": "2023-05-17"}, {"date": "2018-08-30", "symbol": "002719.SZ", "eps": 0.02096, "epsEstimated": null, "time": "bmo", "revenue": 156565967.51, "revenueEstimated": null, "fiscalDateEnding": "2018-06-29", "updatedFromDate": "2023-05-17"}, {"date": "2018-08-30", "symbol": "BURL", "eps": 1.15, "epsEstimated": 0.96, "time": "bmo", "revenue": 1634194000, "revenueEstimated": 1256097391.304348, "fiscalDateEnding": "2018-05-30", "updatedFromDate": "2023-10-10"}, {"date": "2018-08-30", "symbol": "300117.SZ", "eps": 0.01, "epsEstimated": null, "time": "bmo", "revenue": 926588027.01, "revenueEstimated": null, "fiscalDateEnding": "2018-09-29", "updatedFromDate": "2023-05-17"}, {"date": "2018-08-30", "symbol": "DLKGF", "eps": null, "epsEstimated": null, "time": "bmo", "revenue": null, "revenueEstimated": null, "fiscalDateEnding": "2018-06-30", "updatedFromDate": "2023-05-17"}, {"date": "2018-08-30", "symbol": "VKQ", "eps": 0.2383, "epsEstimated": null, "time": "bmo", "revenue": 26637880, "revenueEstimated": null, "fiscalDateEnding": "2018-08-30", "updatedFromDate": "2023-05-17"}, {"date": "2018-08-30", "symbol": "3618.HK", "eps": 0.22, "epsEstimated": 0.29, "time": "bmo", "revenue": null, "revenueEstimated": null, "fiscalDateEnding": "2018-05-30", "updatedFromDate": "2023-05-17"}, {"date": "2018-08-30", "symbol": "CIEN", "eps": 0.48, "epsEstimated": 0.35, "time": "bmo", "revenue": 818817000, "revenueEstimated": 614100000, "fiscalDateEnding": "2018-07-30", "updatedFromDate": "2023-09-29"}, {"date": "2018-08-30", "symbol": "TATT", "eps": -0.14, "epsEstimated": null, "time": "bmo", "revenue": 24832000, "revenueEstimated": null, "fiscalDateEnding": "2018-06-30", "updatedFromDate": "2023-09-29"}, {"date": "2018-08-30", "symbol": "000996.SZ", "eps": 0.00683, "epsEstimated": null, "time": "bmo", "revenue": 14273667.45, "revenueEstimated": null, "fiscalDateEnding": "2018-06-29", "updatedFromDate": "2023-05-17"}, {"date": "2018-08-30", "symbol": "7094.T", "eps": null, "epsEstimated": null, "time": "bmo", "revenue": null, "revenueEstimated": null, "fiscalDateEnding": "2018-05-30", "updatedFromDate": "2023-10-17"}, {"date": "2018-08-30", "symbol": "HLPMF", "eps": 0.22, "epsEstimated": 0.23, "time": "bmo", "revenue": null, "revenueEstimated": null, "fiscalDateEnding": "2018-06-30", "updatedFromDate": "2023-05-17"}, {"date": "2018-08-30", "symbol": "3376.T", "eps": null, "epsEstimated": null, "time": "bmo", "revenue": 1429538000, "revenueEstimated": null, "fiscalDateEnding": "2018-08-30", "updatedFromDate": "2023-10-16"}, {"date": "2018-08-30", "symbol": "1988.HK", "eps": 0.34, "epsEstimated": 0.31, "time": "bmo", "revenue": 38669000000, "revenueEstimated": null, "fiscalDateEnding": "2018-06-29", "updatedFromDate": "2023-05-17"}, {"date": "2018-08-30", "symbol": "ORCL.SW", "eps": 0.566, "epsEstimated": null, "time": "bmo", "revenue": 9193000000, "revenueEstimated": null, "fiscalDateEnding": "2018-08-30", "updatedFromDate": "2023-10-17"}, {"date": "2018-08-30", "symbol": "4394.T", "eps": 4.16, "epsEstimated": null, "time": "bmo", "revenue": 205360000, "revenueEstimated": null, "fiscalDateEnding": "2018-08-30", "updatedFromDate": "2023-05-17"}, {"date": "2018-08-30", "symbol": "TD", "eps": 1.66, "epsEstimated": 1.63, "time": "bmo", "revenue": 9814000000, "revenueEstimated": 9720102409.638554, "fiscalDateEnding": "2018-07-31", "updatedFromDate": "2023-09-29"}, {"date": "2018-08-30", "symbol": "MYYGF", "eps": null, "epsEstimated": null, "time": "bmo", "revenue": null, "revenueEstimated": null, "fiscalDateEnding": "2018-06-30", "updatedFromDate": "2023-05-17"}, {"date": "2018-08-30", "symbol": "ELPE.AT", "eps": 0.22, "epsEstimated": 0.23, "time": "bmo", "revenue": null, "revenueEstimated": null, "fiscalDateEnding": "2018-06-30", "updatedFromDate": "2023-05-17"}, {"date": "2018-08-30", "symbol": "IIM", "eps": 0.2957, "epsEstimated": null, "time": "bmo", "revenue": 25710240, "revenueEstimated": null, "fiscalDateEnding": "2018-08-30", "updatedFromDate": "2023-10-17"}, {"date": "2018-08-30", "symbol": "COGQF", "eps": 0.22, "epsEstimated": 0.29, "time": "bmo", "revenue": null, "revenueEstimated": null, "fiscalDateEnding": "2018-06-30", "updatedFromDate": "2023-05-17"}, {"date": "2018-08-30", "symbol": "U.TO", "eps": 0.627, "epsEstimated": null, "time": "bmo", "revenue": 126000, "revenueEstimated": null, "fiscalDateEnding": "2018-08-30", "updatedFromDate": "2023-10-16"}, {"date": "2018-08-30", "symbol": "GXI.DE", "eps": 0.587, "epsEstimated": null, "time": "bmo", "revenue": 353604000, "revenueEstimated": null, "fiscalDateEnding": "2018-08-30", "updatedFromDate": "2023-05-17"}, {"date": "2018-08-30", "symbol": "IQI", "eps": 0.2393, "epsEstimated": null, "time": "bmo", "revenue": 24792180, "revenueEstimated": null, "fiscalDateEnding": "2018-08-30", "updatedFromDate": "2023-10-17"}, {"date": "2018-08-30", "symbol": "TNABF", "eps": 0.25, "epsEstimated": 0.35, "time": "bmo", "revenue": null, "revenueEstimated": null, "fiscalDateEnding": "2018-06-30", "updatedFromDate": "2023-08-16"}, {"date": "2018-08-30", "symbol": "002656.SZ", "eps": 0.02043, "epsEstimated": null, "time": "bmo", "revenue": 314495845.05, "revenueEstimated": null, "fiscalDateEnding": "2018-06-29", "updatedFromDate": "2023-05-17"}, {"date": "2018-08-30", "symbol": "600958.SS", "eps": 0.04, "epsEstimated": 0.14, "time": "bmo", "revenue": 2158028643.15, "revenueEstimated": null, "fiscalDateEnding": "2018-05-30", "updatedFromDate": "2023-05-17"}, {"date": "2018-08-30", "symbol": "AAX.V", "eps": -0.00865, "epsEstimated": null, "time": "bmo", "revenue": null, "revenueEstimated": null, "fiscalDateEnding": "2018-08-30", "updatedFromDate": "2023-10-16"}, {"date": "2018-08-30", "symbol": "ACG.CN", "eps": -0.02093, "epsEstimated": null, "time": "bmo", "revenue": null, "revenueEstimated": null, "fiscalDateEnding": "2018-08-30", "updatedFromDate": "2023-10-16"}, {"date": "2018-08-30", "symbol": "EGFEF", "eps": 0.02, "epsEstimated": 0.019, "time": "bmo", "revenue": null, "revenueEstimated": null, "fiscalDateEnding": "2018-06-30", "updatedFromDate": "2023-05-17"}, {"date": "2018-08-30", "symbol": "QEGY", "eps": -0.00214, "epsEstimated": null, "time": "bmo", "revenue": null, "revenueEstimated": null, "fiscalDateEnding": "2018-08-30", "updatedFromDate": "2023-05-17"}, {"date": "2018-08-30", "symbol": "600072.SS", "eps": -0.0039, "epsEstimated": null, "time": "bmo", "revenue": 866761893.34, "revenueEstimated": null, "fiscalDateEnding": "2018-06-29", "updatedFromDate": "2023-05-17"}, {"date": "2018-08-30", "symbol": "600477.SS", "eps": 0.1, "epsEstimated": null, "time": "bmo", "revenue": 1594344449.42, "revenueEstimated": null, "fiscalDateEnding": "2018-06-29", "updatedFromDate": "2023-05-17"}, {"date": "2018-08-30", "symbol": "BRS.WA", "eps": 0.1737, "epsEstimated": null, "time": "bmo", "revenue": 1626678000, "revenueEstimated": null, "fiscalDateEnding": "2018-06-29", "updatedFromDate": "2023-05-17"}, {"date": "2018-08-30", "symbol": "0712.HK", "eps": -0.08895, "epsEstimated": null, "time": "bmo", "revenue": 43154250, "revenueEstimated": null, "fiscalDateEnding": "2018-05-30", "updatedFromDate": "2023-05-17"}, {"date": "2018-08-30", "symbol": "300098.SZ", "eps": 0.07, "epsEstimated": null, "time": "bmo", "revenue": 598291824.26, "revenueEstimated": null, "fiscalDateEnding": "2018-06-29", "updatedFromDate": "2023-05-17"}, {"date": "2018-08-30", "symbol": "HMSB.DE", "eps": 1.87, "epsEstimated": null, "time": "bmo", "revenue": 55821000000, "revenueEstimated": null, "fiscalDateEnding": "2018-08-30", "updatedFromDate": "2023-08-16"}, {"date": "2018-08-30", "symbol": "ANF", "eps": 0.06, "epsEstimated": -0.05, "time": "bmo", "revenue": 733972000, "revenueEstimated": 561600000.0000001, "fiscalDateEnding": "2018-05-30", "updatedFromDate": "2023-10-10"}, {"date": "2018-08-30", "symbol": "SYSR.ST", "eps": 1.38, "epsEstimated": 1.6, "time": "bmo", "revenue": 2143900000, "revenueEstimated": null, "fiscalDateEnding": "2018-05-30", "updatedFromDate": "2023-10-17"}, {"date": "2018-08-30", "symbol": "SIME.KL", "eps": 0.02397, "epsEstimated": null, "time": "bmo", "revenue": 8575000000, "revenueEstimated": null, "fiscalDateEnding": "2018-06-29", "updatedFromDate": "2023-05-17"}, {"date": "2018-08-30", "symbol": "600875.SS", "eps": 0.13, "epsEstimated": null, "time": "bmo", "revenue": 5518096866.58, "revenueEstimated": null, "fiscalDateEnding": "2018-05-30", "updatedFromDate": "2023-05-17"}, {"date": "2018-08-30", "symbol": "BTTR", "eps": 4.12, "epsEstimated": null, "time": "bmo", "revenue": null, "revenueEstimated": null, "fiscalDateEnding": "2018-08-30", "updatedFromDate": "2023-09-29"}, {"date": "2018-08-30", "symbol": "CPB", "eps": 0.25, "epsEstimated": 0.25, "time": "bmo", "revenue": 2694000000, "revenueEstimated": 837120000, "fiscalDateEnding": "2018-05-30", "updatedFromDate": "2023-09-29"}, {"date": "2018-08-30", "symbol": "INLOT.AT", "eps": null, "epsEstimated": null, "time": "bmo", "revenue": null, "revenueEstimated": null, "fiscalDateEnding": "2018-06-30", "updatedFromDate": "2023-05-17"}, {"date": "2018-08-30", "symbol": "300749.SZ", "eps": null, "epsEstimated": null, "time": "bmo", "revenue": null, "revenueEstimated": null, "fiscalDateEnding": "2018-06-30", "updatedFromDate": "2023-05-17"}, {"date": "2018-08-30", "symbol": "LOOP", "eps": -0.10467, "epsEstimated": null, "time": "bmo", "revenue": null, "revenueEstimated": null, "fiscalDateEnding": "2018-08-30", "updatedFromDate": "2023-10-10"}, {"date": "2018-08-30", "symbol": "600795.SS", "eps": 0.09, "epsEstimated": 0.06, "time": "bmo", "revenue": 16879742936.93, "revenueEstimated": null, "fiscalDateEnding": "2018-05-30", "updatedFromDate": "2023-05-17"}, {"date": "2018-08-30", "symbol": "BYRN", "eps": -0.01257, "epsEstimated": null, "time": "bmo", "revenue": 53257, "revenueEstimated": null, "fiscalDateEnding": "2018-08-30", "updatedFromDate": "2023-09-29"}, {"date": "2018-08-30", "symbol": "3600.HK", "eps": null, "epsEstimated": null, "time": "bmo", "revenue": null, "revenueEstimated": null, "fiscalDateEnding": "2018-05-30", "updatedFromDate": "2023-05-17"}, {"date": "2018-08-30", "symbol": "300025.SZ", "eps": -0.04347, "epsEstimated": null, "time": "bmo", "revenue": 309422801.15, "revenueEstimated": null, "fiscalDateEnding": "2018-06-29", "updatedFromDate": "2023-05-17"}, {"date": "2018-08-30", "symbol": "LOV", "eps": -0.03556, "epsEstimated": null, "time": "bmo", "revenue": 53014000, "revenueEstimated": null, "fiscalDateEnding": "2018-06-29", "updatedFromDate": "2023-09-29"}, {"date": "2018-08-30", "symbol": "CIT.DE", "eps": 1.92, "epsEstimated": null, "time": "bmo", "revenue": 1697975000, "revenueEstimated": null, "fiscalDateEnding": "2018-08-30", "updatedFromDate": "2023-10-16"}, {"date": "2018-08-30", "symbol": "TITN", "eps": 0.28, "epsEstimated": 0.12, "time": "bmo", "revenue": 299891000, "revenueEstimated": 247410074.25, "fiscalDateEnding": "2018-07-30", "updatedFromDate": "2023-09-29"}, {"date": "2018-08-30", "symbol": "600635.SS", "eps": 0.03, "epsEstimated": 0.05, "time": "bmo", "revenue": 1169415220.61, "revenueEstimated": null, "fiscalDateEnding": "2018-05-30", "updatedFromDate": "2023-05-17"}, {"date": "2018-08-30", "symbol": "AFKS.ME", "eps": -2.93, "epsEstimated": null, "time": "bmo", "revenue": 204634000000, "revenueEstimated": null, "fiscalDateEnding": "2018-05-30", "updatedFromDate": "2023-05-17"}, {"date": "2018-08-30", "symbol": "MIK", "eps": 0.15, "epsEstimated": 0.13, "time": "bmo", "revenue": 1155500000, "revenueEstimated": 912860000, "fiscalDateEnding": "2018-05-04", "updatedFromDate": "2023-05-17"}, {"date": "2018-08-30", "symbol": "DOOO", "eps": 0.66, "epsEstimated": 0.29, "time": "bmo", "revenue": 1333700000, "revenueEstimated": 824089653, "fiscalDateEnding": "2018-05-30", "updatedFromDate": "2023-10-17"}, {"date": "2018-08-30", "symbol": "MPZZF", "eps": 0.02, "epsEstimated": 0.06, "time": "bmo", "revenue": null, "revenueEstimated": null, "fiscalDateEnding": "2018-06-30", "updatedFromDate": "2023-05-17"}, {"date": "2018-08-30", "symbol": "TOWTF", "eps": -0.01, "epsEstimated": null, "time": "amc", "revenue": 116095, "revenueEstimated": null, "fiscalDateEnding": "2018-06-29", "updatedFromDate": "2023-09-29"}, {"date": "2018-08-30", "symbol": "2836.TW", "eps": 0.1673, "epsEstimated": null, "time": "bmo", "revenue": 906717000, "revenueEstimated": null, "fiscalDateEnding": "2018-06-29", "updatedFromDate": "2023-05-17"}, {"date": "2018-08-30", "symbol": "BKSL.JK", "eps": -1.33791, "epsEstimated": null, "time": "bmo", "revenue": 207192535459, "revenueEstimated": null, "fiscalDateEnding": "2018-06-29", "updatedFromDate": "2023-05-17"}, {"date": "2018-08-30", "symbol": "STF.PA", "eps": null, "epsEstimated": null, "time": "bmo", "revenue": null, "revenueEstimated": null, "fiscalDateEnding": "2018-05-30", "updatedFromDate": "2023-05-17"}, {"date": "2018-08-30", "symbol": "000981.SZ", "eps": 0.06363, "epsEstimated": null, "time": "bmo", "revenue": 2696828891.19, "revenueEstimated": null, "fiscalDateEnding": "2018-06-29", "updatedFromDate": "2023-05-17"}, {"date": "2018-08-30", "symbol": "601258.SS", "eps": 0.03252, "epsEstimated": null, "time": "bmo", "revenue": 12990188000, "revenueEstimated": null, "fiscalDateEnding": "2018-06-29", "updatedFromDate": "2023-05-17"}, {"date": "2018-08-30", "symbol": "600900.SS", "eps": 0.26, "epsEstimated": 0.18, "time": "bmo", "revenue": 11060462239.67, "revenueEstimated": null, "fiscalDateEnding": "2018-06-29", "updatedFromDate": "2023-05-17"}, {"date": "2018-08-30", "symbol": "600037.SS", "eps": 0.14, "epsEstimated": 0.16, "time": "bmo", "revenue": 659636568.67, "revenueEstimated": null, "fiscalDateEnding": "2018-06-29", "updatedFromDate": "2023-05-17"}, {"date": "2018-08-30", "symbol": "EIM.IC", "eps": 0.0242, "epsEstimated": null, "time": "bmo", "revenue": 172631000, "revenueEstimated": null, "fiscalDateEnding": "2018-06-30", "updatedFromDate": "2023-10-16"}, {"date": "2018-08-30", "symbol": "RDHL", "eps": -20.8, "epsEstimated": -18.8, "time": "bmo", "revenue": 2350000, "revenueEstimated": 2029545, "fiscalDateEnding": "2018-06-30", "updatedFromDate": "2023-09-29"}, {"date": "2018-08-30", "symbol": "002098.SZ", "eps": 0.09, "epsEstimated": null, "time": "bmo", "revenue": 609531104.23, "revenueEstimated": null, "fiscalDateEnding": "2018-06-29", "updatedFromDate": "2023-05-17"}, {"date": "2018-08-30", "symbol": "AINPF", "eps": 52.27, "epsEstimated": 51.26, "time": "bmo", "revenue": null, "revenueEstimated": null, "fiscalDateEnding": "2018-06-30", "updatedFromDate": "2023-05-17"}, {"date": "2018-08-30", "symbol": "002427.SZ", "eps": 0.02, "epsEstimated": null, "time": "bmo", "revenue": 1052322980.64, "revenueEstimated": null, "fiscalDateEnding": "2018-06-29", "updatedFromDate": "2023-05-17"}, {"date": "2018-08-30", "symbol": "000923.SZ", "eps": 0.03591, "epsEstimated": null, "time": "bmo", "revenue": 1167024790.58, "revenueEstimated": null, "fiscalDateEnding": "2018-06-29", "updatedFromDate": "2023-05-17"}, {"date": "2018-08-30", "symbol": "ALNG.OL", "eps": 0.05, "epsEstimated": 0.04, "time": "bmo", "revenue": 6435000, "revenueEstimated": null, "fiscalDateEnding": "2018-06-30", "updatedFromDate": "2023-08-25"}, {"date": "2018-08-30", "symbol": "600016.SS", "eps": 0.34, "epsEstimated": 0.26, "time": "bmo", "revenue": 38669000000, "revenueEstimated": null, "fiscalDateEnding": "2018-06-29", "updatedFromDate": "2023-05-17"}, {"date": "2018-08-30", "symbol": "RRRDF", "eps": null, "epsEstimated": null, "time": "bmo", "revenue": null, "revenueEstimated": null, "fiscalDateEnding": "2018-09-30", "updatedFromDate": "2023-05-17"}, {"date": "2018-08-30", "symbol": "EXF.TO", "eps": -0.07169, "epsEstimated": null, "time": "bmo", "revenue": 70013000, "revenueEstimated": null, "fiscalDateEnding": "2018-08-30", "updatedFromDate": "2023-10-16"}, {"date": "2018-08-30", "symbol": "ZLAB", "eps": null, "epsEstimated": 0.28, "time": "bmo", "revenue": null, "revenueEstimated": null, "fiscalDateEnding": "2018-06-29", "updatedFromDate": "2023-09-29"}, {"date": "2018-08-30", "symbol": "002076.SZ", "eps": -0.05, "epsEstimated": null, "time": "bmo", "revenue": 181154465.66, "revenueEstimated": null, "fiscalDateEnding": "2018-09-29", "updatedFromDate": "2023-05-17"}, {"date": "2018-08-30", "symbol": "BKT", "eps": 0.1028, "epsEstimated": null, "time": "bmo", "revenue": 12040030, "revenueEstimated": null, "fiscalDateEnding": "2018-08-30", "updatedFromDate": "2023-05-17"}, {"date": "2018-08-30", "symbol": "ZUO", "eps": -0.13, "epsEstimated": -0.16, "time": "amc", "revenue": 57754000, "revenueEstimated": 71081846.15384616, "fiscalDateEnding": "2018-07-30", "updatedFromDate": "2023-09-29"}, {"date": "2018-08-30", "symbol": "DCAC", "eps": 0.01219, "epsEstimated": null, "time": "bmo", "revenue": 983321, "revenueEstimated": null, "fiscalDateEnding": "2018-08-30", "updatedFromDate": "2023-05-17"}, {"date": "2018-08-30", "symbol": "7035.T", "eps": 12.92, "epsEstimated": null, "time": "bmo", "revenue": 902608000, "revenueEstimated": null, "fiscalDateEnding": "2018-08-30", "updatedFromDate": "2023-05-17"}, {"date": "2018-08-30", "symbol": "RUBY", "eps": 3.33, "epsEstimated": 0.3, "time": "bmo", "revenue": null, "revenueEstimated": null, "fiscalDateEnding": "2018-06-29", "updatedFromDate": "2023-09-29"}, {"date": "2018-08-30", "symbol": "QCCO", "eps": -0.16, "epsEstimated": null, "time": "bmo", "revenue": null, "revenueEstimated": null, "fiscalDateEnding": "2018-06-30", "updatedFromDate": "2023-09-29"}, {"date": "2018-08-30", "symbol": "AMGO.L", "eps": 0.05491, "epsEstimated": null, "time": "bmo", "revenue": 69700000, "revenueEstimated": null, "fiscalDateEnding": "2018-05-30", "updatedFromDate": "2023-10-17"}, {"date": "2018-08-30", "symbol": "KLXE", "eps": 3.35, "epsEstimated": null, "time": "bmo", "revenue": 117900000, "revenueEstimated": null, "fiscalDateEnding": "2018-07-30", "updatedFromDate": "2023-09-29"}, {"date": "2018-08-30", "symbol": "VKI", "eps": 0.199, "epsEstimated": null, "time": "bmo", "revenue": 19650840, "revenueEstimated": null, "fiscalDateEnding": "2018-08-30", "updatedFromDate": "2023-10-17"}, {"date": "2018-08-30", "symbol": "KEN", "eps": -0.53, "epsEstimated": null, "time": "bmo", "revenue": 84000000, "revenueEstimated": null, "fiscalDateEnding": "2018-06-30", "updatedFromDate": "2023-09-29"}, {"date": "2018-08-30", "symbol": "002356.SZ", "eps": -0.34861, "epsEstimated": null, "time": "bmo", "revenue": 521991293.59, "revenueEstimated": null, "fiscalDateEnding": "2018-06-29", "updatedFromDate": "2023-05-17"}, {"date": "2018-08-30", "symbol": "CICOY", "eps": 0.02885, "epsEstimated": null, "time": "bmo", "revenue": 120829528787.97, "revenueEstimated": null, "fiscalDateEnding": "2018-06-30", "updatedFromDate": "2023-09-29"}, {"date": "2018-08-30", "symbol": "600783.SS", "eps": 0.3078, "epsEstimated": null, "time": "bmo", "revenue": 52508019.22, "revenueEstimated": null, "fiscalDateEnding": "2018-06-29", "updatedFromDate": "2023-05-17"}, {"date": "2018-08-30", "symbol": "000965.SZ", "eps": 0.00359, "epsEstimated": null, "time": "bmo", "revenue": 123796500.2, "revenueEstimated": null, "fiscalDateEnding": "2018-06-29", "updatedFromDate": "2023-05-17"}, {"date": "2018-08-30", "symbol": "ATEN", "eps": 0.02, "epsEstimated": 0.00333, "time": "amc", "revenue": 60713000, "revenueEstimated": null, "fiscalDateEnding": "2018-06-29", "updatedFromDate": "2023-09-29"}, {"date": "2018-08-30", "symbol": "ENRT", "eps": -0.0007, "epsEstimated": null, "time": "bmo", "revenue": null, "revenueEstimated": null, "fiscalDateEnding": "2018-08-30", "updatedFromDate": "2023-05-17"}, {"date": "2018-08-30", "symbol": "002047.SZ", "eps": 0.09, "epsEstimated": null, "time": "bmo", "revenue": 2184978998.16, "revenueEstimated": null, "fiscalDateEnding": "2018-06-29", "updatedFromDate": "2023-05-17"}, {"date": "2018-08-30", "symbol": "TRK.WA", "eps": 0.03171, "epsEstimated": null, "time": "bmo", "revenue": 373755000, "revenueEstimated": null, "fiscalDateEnding": "2018-06-29", "updatedFromDate": "2023-05-17"}, {"date": "2018-08-30", "symbol": "600997.SS", "eps": 0.25, "epsEstimated": null, "time": "bmo", "revenue": 5432515872.84, "revenueEstimated": null, "fiscalDateEnding": "2018-05-30", "updatedFromDate": "2023-05-17"}, {"date": "2018-08-30", "symbol": "600157.SS", "eps": -0.014, "epsEstimated": null, "time": "bmo", "revenue": 6000417613.14, "revenueEstimated": null, "fiscalDateEnding": "2018-06-29", "updatedFromDate": "2023-05-17"}, {"date": "2018-08-30", "symbol": "002596.SZ", "eps": 0.0464, "epsEstimated": null, "time": "bmo", "revenue": 820080448.15, "revenueEstimated": null, "fiscalDateEnding": "2018-06-29", "updatedFromDate": "2023-05-17"}, {"date": "2018-08-30", "symbol": "601857.SS", "eps": 0.09, "epsEstimated": 0.15, "time": "bmo", "revenue": 566168000000, "revenueEstimated": null, "fiscalDateEnding": "2018-06-30", "updatedFromDate": "2023-08-25"}, {"date": "2018-08-30", "symbol": "CENCOSUD.SN", "eps": 18.42, "epsEstimated": 12.62, "time": "bmo", "revenue": 2406517338000, "revenueEstimated": null, "fiscalDateEnding": "2018-06-30", "updatedFromDate": "2023-05-17"}, {"date": "2018-08-30", "symbol": "PERK.CN", "eps": -0.02238, "epsEstimated": null, "time": "bmo", "revenue": 216195, "revenueEstimated": null, "fiscalDateEnding": "2018-08-30", "updatedFromDate": "2023-05-17"}, {"date": "2018-08-30", "symbol": "EKTA-B.ST", "eps": 0.43, "epsEstimated": 0.47, "time": "bmo", "revenue": 4087000000, "revenueEstimated": null, "fiscalDateEnding": "2018-05-30", "updatedFromDate": "2023-10-17"}, {"date": "2018-08-30", "symbol": "11B.WA", "eps": 11.03, "epsEstimated": null, "time": "bmo", "revenue": 43480787, "revenueEstimated": null, "fiscalDateEnding": "2018-06-29", "updatedFromDate": "2023-05-17"}, {"date": "2018-08-30", "symbol": "PAGS", "eps": 0.22, "epsEstimated": 0.19, "time": "amc", "revenue": 604658000, "revenueEstimated": 554960082, "fiscalDateEnding": "2018-07-19", "updatedFromDate": "2023-09-29"}, {"date": "2018-08-30", "symbol": "IVACC.ST", "eps": null, "epsEstimated": null, "time": "bmo", "revenue": null, "revenueEstimated": null, "fiscalDateEnding": "2018-06-30", "updatedFromDate": "2023-05-17"}, {"date": "2018-08-30", "symbol": "002551.SZ", "eps": 0.0604, "epsEstimated": null, "time": "bmo", "revenue": 570862102.42, "revenueEstimated": null, "fiscalDateEnding": "2018-06-29", "updatedFromDate": "2023-05-17"}, {"date": "2018-08-30", "symbol": "BNP.WA", "eps": 1.22, "epsEstimated": null, "time": "bmo", "revenue": 703532000, "revenueEstimated": null, "fiscalDateEnding": "2018-06-29", "updatedFromDate": "2023-05-17"}, {"date": "2018-08-30", "symbol": "3031.T", "eps": 5.05, "epsEstimated": null, "time": "bmo", "revenue": 817903000, "revenueEstimated": null, "fiscalDateEnding": "2018-05-30", "updatedFromDate": "2023-10-17"}, {"date": "2018-08-30", "symbol": "SIVE.ST", "eps": -0.26, "epsEstimated": -0.21, "time": "bmo", "revenue": 14711000, "revenueEstimated": null, "fiscalDateEnding": "2018-06-29", "updatedFromDate": "2023-08-16"}, {"date": "2018-08-30", "symbol": "9627.T", "eps": 52.27, "epsEstimated": 51.26, "time": "bmo", "revenue": 73074000000, "revenueEstimated": null, "fiscalDateEnding": "2018-05-30", "updatedFromDate": "2023-10-17"}, {"date": "2018-08-30", "symbol": "AOBC", "eps": 0.21, "epsEstimated": 0.12, "time": "bmo", "revenue": 138800000, "revenueEstimated": 128823750, "fiscalDateEnding": "2018-07-30", "updatedFromDate": "2023-05-17"}, {"date": "2018-08-30", "symbol": "603718.SS", "eps": 0.01664, "epsEstimated": null, "time": "bmo", "revenue": 46190524.46, "revenueEstimated": null, "fiscalDateEnding": "2018-06-29", "updatedFromDate": "2023-05-17"}, {"date": "2018-08-30", "symbol": "002113.SZ", "eps": 0.02205, "epsEstimated": null, "time": "bmo", "revenue": 116660147.98, "revenueEstimated": null, "fiscalDateEnding": "2018-06-29", "updatedFromDate": "2023-05-17"}, {"date": "2018-08-30", "symbol": "ARM.CN", "eps": -0.00332, "epsEstimated": null, "time": "bmo", "revenue": 35376, "revenueEstimated": null, "fiscalDateEnding": "2018-08-30", "updatedFromDate": "2023-10-17"}, {"date": "2018-08-30", "symbol": "AITX", "eps": -244.802, "epsEstimated": null, "time": "bmo", "revenue": 10175, "revenueEstimated": null, "fiscalDateEnding": "2018-08-30", "updatedFromDate": "2023-05-17"}, {"date": "2018-08-30", "symbol": "MX1.AX", "eps": -0.01627, "epsEstimated": null, "time": "bmo", "revenue": 482750, "revenueEstimated": null, "fiscalDateEnding": "2018-05-30", "updatedFromDate": "2023-10-17"}, {"date": "2018-08-30", "symbol": "DG", "eps": 1.52, "epsEstimated": 1.49, "time": "bmo", "revenue": 6623185000, "revenueEstimated": 6316129605.263158, "fiscalDateEnding": "2018-05-30", "updatedFromDate": "2023-10-10"}, {"date": "2018-08-30", "symbol": "ADB.DE", "eps": 1.34, "epsEstimated": null, "time": "bmo", "revenue": 2291076000, "revenueEstimated": null, "fiscalDateEnding": "2018-08-30", "updatedFromDate": "2023-05-17"}, {"date": "2018-08-30", "symbol": "1765.HK", "eps": null, "epsEstimated": null, "time": "bmo", "revenue": null, "revenueEstimated": null, "fiscalDateEnding": "2018-05-30", "updatedFromDate": "2023-10-16"}, {"date": "2018-08-30", "symbol": "002803.SZ", "eps": 0.1821, "epsEstimated": null, "time": "bmo", "revenue": 536700811.19, "revenueEstimated": null, "fiscalDateEnding": "2018-06-29", "updatedFromDate": "2023-05-17"}, {"date": "2018-08-30", "symbol": "000606.SZ", "eps": 0.02438, "epsEstimated": null, "time": "bmo", "revenue": 180341092.95, "revenueEstimated": null, "fiscalDateEnding": "2018-06-29", "updatedFromDate": "2023-05-17"}, {"date": "2018-08-30", "symbol": "INSD", "eps": -7e-05, "epsEstimated": null, "time": "bmo", "revenue": null, "revenueEstimated": null, "fiscalDateEnding": "2018-08-30", "updatedFromDate": "2023-10-17"}, {"date": "2018-08-30", "symbol": "CGMBF", "eps": 0.34, "epsEstimated": 0.31, "time": "bmo", "revenue": null, "revenueEstimated": null, "fiscalDateEnding": "2018-06-30", "updatedFromDate": "2023-05-17"}, {"date": "2018-08-30", "symbol": "600033.SS", "eps": 0.08, "epsEstimated": null, "time": "bmo", "revenue": 651206548.85, "revenueEstimated": null, "fiscalDateEnding": "2018-06-29", "updatedFromDate": "2023-05-17"}, {"date": "2018-08-30", "symbol": "002089.SZ", "eps": -0.00355, "epsEstimated": null, "time": "bmo", "revenue": 100816840.27, "revenueEstimated": null, "fiscalDateEnding": "2018-06-29", "updatedFromDate": "2023-05-17"}, {"date": "2018-08-30", "symbol": "600060.SS", "eps": 0.05, "epsEstimated": 0.22, "time": "bmo", "revenue": 10628647797.61, "revenueEstimated": null, "fiscalDateEnding": "2018-05-30", "updatedFromDate": "2023-05-17"}, {"date": "2018-08-30", "symbol": "DBRM", "eps": -0.01206, "epsEstimated": null, "time": "bmo", "revenue": 216770, "revenueEstimated": null, "fiscalDateEnding": "2018-08-30", "updatedFromDate": "2023-05-17"}, {"date": "2018-08-30", "symbol": "300093.SZ", "eps": 0.02897, "epsEstimated": null, "time": "bmo", "revenue": 173264877.15, "revenueEstimated": null, "fiscalDateEnding": "2018-06-29", "updatedFromDate": "2023-05-17"}, {"date": "2018-08-30", "symbol": "000901.SZ", "eps": 0.07349, "epsEstimated": null, "time": "bmo", "revenue": 1491140967.41, "revenueEstimated": null, "fiscalDateEnding": "2018-06-29", "updatedFromDate": "2023-05-17"}, {"date": "2018-08-30", "symbol": "PNC-B.TO", "eps": -0.24384, "epsEstimated": null, "time": "bmo", "revenue": 158677000, "revenueEstimated": null, "fiscalDateEnding": "2018-08-30", "updatedFromDate": "2023-05-17"}, {"date": "2018-08-30", "symbol": "SENS.ST", "eps": -0.00202, "epsEstimated": -0.00101, "time": "bmo", "revenue": 88557000, "revenueEstimated": null, "fiscalDateEnding": "2018-06-29", "updatedFromDate": "2023-08-16"}, {"date": "2018-08-30", "symbol": "6005.TW", "eps": 0.2523, "epsEstimated": null, "time": "bmo", "revenue": 1998645000, "revenueEstimated": null, "fiscalDateEnding": "2018-06-29", "updatedFromDate": "2023-05-17"}, {"date": "2018-08-30", "symbol": "AGZNF", "eps": null, "epsEstimated": null, "time": "bmo", "revenue": null, "revenueEstimated": null, "fiscalDateEnding": "2018-06-30", "updatedFromDate": "2023-05-17"}, {"date": "2018-08-30", "symbol": "600295.SS", "eps": 0.21, "epsEstimated": null, "time": "bmo", "revenue": 7592184098, "revenueEstimated": null, "fiscalDateEnding": "2018-05-30", "updatedFromDate": "2023-05-17"}, {"date": "2018-08-30", "symbol": "600360.SS", "eps": 0.03, "epsEstimated": null, "time": "bmo", "revenue": 424219530.04, "revenueEstimated": null, "fiscalDateEnding": "2018-06-29", "updatedFromDate": "2023-05-17"}, {"date": "2018-08-30", "symbol": "300008.SZ", "eps": 0.04, "epsEstimated": null, "time": "bmo", "revenue": 154434605.27, "revenueEstimated": null, "fiscalDateEnding": "2018-06-29", "updatedFromDate": "2023-05-17"}, {"date": "2018-08-30", "symbol": "NTNX", "eps": -0.11, "epsEstimated": -0.22, "time": "amc", "revenue": 313283000, "revenueEstimated": 579882545.4545455, "fiscalDateEnding": "2018-05-30", "updatedFromDate": "2023-09-29"}, {"date": "2018-08-30", "symbol": "RMLI.TA", "eps": null, "epsEstimated": null, "time": "bmo", "revenue": null, "revenueEstimated": null, "fiscalDateEnding": "2018-06-30", "updatedFromDate": "2023-08-16"}, {"date": "2018-08-30", "symbol": "DOO.TO", "eps": 0.66, "epsEstimated": 0.29, "time": "bmo", "revenue": 1333700000, "revenueEstimated": null, "fiscalDateEnding": "2018-05-30", "updatedFromDate": "2023-10-17"}, {"date": "2018-08-30", "symbol": "CWBHF", "eps": 0.04017, "epsEstimated": null, "time": "bmo", "revenue": 17217000, "revenueEstimated": null, "fiscalDateEnding": "2018-06-30", "updatedFromDate": "2023-05-17"}, {"date": "2018-08-30", "symbol": "000736.SZ", "eps": 0.4638, "epsEstimated": null, "time": "bmo", "revenue": 2711523364.66, "revenueEstimated": null, "fiscalDateEnding": "2018-06-29", "updatedFromDate": "2023-05-17"}, {"date": "2018-08-30", "symbol": "AHAHF", "eps": null, "epsEstimated": null, "time": "bmo", "revenue": null, "revenueEstimated": null, "fiscalDateEnding": "2018-09-30", "updatedFromDate": "2023-05-17"}, {"date": "2018-08-30", "symbol": "KYP.AX", "eps": null, "epsEstimated": null, "time": "bmo", "revenue": null, "revenueEstimated": null, "fiscalDateEnding": "2018-09-30", "updatedFromDate": "2023-10-16"}, {"date": "2018-08-30", "symbol": "TOU.AX", "eps": -0.00187, "epsEstimated": null, "time": "bmo", "revenue": 1733.25, "revenueEstimated": null, "fiscalDateEnding": "2018-05-30", "updatedFromDate": "2023-10-16"}, {"date": "2018-08-30", "symbol": "600500.SS", "eps": 0.12, "epsEstimated": null, "time": "bmo", "revenue": 16300176011.62, "revenueEstimated": null, "fiscalDateEnding": "2018-06-29", "updatedFromDate": "2023-05-17"}, {"date": "2018-08-30", "symbol": "000066.SZ", "eps": 0.03, "epsEstimated": null, "time": "bmo", "revenue": 2207834034.13, "revenueEstimated": null, "fiscalDateEnding": "2018-06-29", "updatedFromDate": "2023-05-17"}, {"date": "2018-08-30", "symbol": "ASWN.SW", "eps": null, "epsEstimated": null, "time": "bmo", "revenue": null, "revenueEstimated": null, "fiscalDateEnding": "2018-05-30", "updatedFromDate": "2023-05-17"}, {"date": "2018-08-30", "symbol": "000917.SZ", "eps": 0.01383, "epsEstimated": null, "time": "bmo", "revenue": 2299922596.66, "revenueEstimated": null, "fiscalDateEnding": "2018-06-29", "updatedFromDate": "2023-05-17"}, {"date": "2018-08-30", "symbol": "JLG.AX", "eps": 0.01514, "epsEstimated": null, "time": "bmo", "revenue": 83771250, "revenueEstimated": null, "fiscalDateEnding": "2018-05-30", "updatedFromDate": "2023-10-16"}, {"date": "2018-08-30", "symbol": "CLCT", "eps": 0.1087, "epsEstimated": null, "time": "bmo", "revenue": 17121000, "revenueEstimated": null, "fiscalDateEnding": "2018-06-29", "updatedFromDate": "2023-05-17"}, {"date": "2018-08-30", "symbol": "002161.SZ", "eps": -0.06242, "epsEstimated": null, "time": "bmo", "revenue": 116816798.31, "revenueEstimated": null, "fiscalDateEnding": "2018-06-29", "updatedFromDate": "2023-05-17"}, {"date": "2018-08-30", "symbol": "CLSH", "eps": -0.93452, "epsEstimated": null, "time": "bmo", "revenue": 1179353, "revenueEstimated": null, "fiscalDateEnding": "2018-08-30", "updatedFromDate": "2023-05-17"}, {"date": "2018-08-30", "symbol": "600339.SS", "eps": 0.0716, "epsEstimated": null, "time": "bmo", "revenue": 12954272815.57, "revenueEstimated": null, "fiscalDateEnding": "2018-05-30", "updatedFromDate": "2023-05-17"}, {"date": "2018-08-30", "symbol": "603602.SS", "eps": 0.1202, "epsEstimated": null, "time": "bmo", "revenue": 192492408.43, "revenueEstimated": null, "fiscalDateEnding": "2018-06-29", "updatedFromDate": "2023-05-17"}, {"date": "2018-08-30", "symbol": "3958.HK", "eps": 0.04, "epsEstimated": 0.14, "time": "bmo", "revenue": 2111477071.31, "revenueEstimated": null, "fiscalDateEnding": "2018-06-29", "updatedFromDate": "2023-05-17"}, {"date": "2018-08-30", "symbol": "000982.SZ", "eps": -0.12645, "epsEstimated": null, "time": "bmo", "revenue": 394101080.35, "revenueEstimated": null, "fiscalDateEnding": "2018-06-29", "updatedFromDate": "2023-05-17"}, {"date": "2018-08-30", "symbol": "000978.SZ", "eps": 0.09, "epsEstimated": null, "time": "bmo", "revenue": 144816782.9, "revenueEstimated": null, "fiscalDateEnding": "2018-06-29", "updatedFromDate": "2023-05-17"}, {"date": "2018-08-30", "symbol": "AMBO", "eps": -0.57567, "epsEstimated": null, "time": "bmo", "revenue": 107478000, "revenueEstimated": null, "fiscalDateEnding": "2018-05-30", "updatedFromDate": "2023-09-29"}, {"date": "2018-08-30", "symbol": "BSPK", "eps": -0.05213, "epsEstimated": null, "time": "bmo", "revenue": 15919, "revenueEstimated": null, "fiscalDateEnding": "2018-08-30", "updatedFromDate": "2023-05-17"}, {"date": "2018-08-30", "symbol": "600058.SS", "eps": -0.16, "epsEstimated": null, "time": "bmo", "revenue": 15094454637.12, "revenueEstimated": null, "fiscalDateEnding": "2018-06-29", "updatedFromDate": "2023-05-17"}, {"date": "2018-08-30", "symbol": "002180.SZ", "eps": 0.22, "epsEstimated": null, "time": "bmo", "revenue": 5377428731.4, "revenueEstimated": null, "fiscalDateEnding": "2018-06-29", "updatedFromDate": "2023-05-17"}, {"date": "2018-08-30", "symbol": "PCCYF", "eps": 0.09, "epsEstimated": 0.14, "time": "bmo", "revenue": null, "revenueEstimated": null, "fiscalDateEnding": "2018-06-30", "updatedFromDate": "2023-05-17"}, {"date": "2018-08-30", "symbol": "601012.SS", "eps": 0.22, "epsEstimated": 0.01883, "time": "bmo", "revenue": 6531951846.16, "revenueEstimated": null, "fiscalDateEnding": "2018-06-29", "updatedFromDate": "2023-05-17"}, {"date": "2018-08-30", "symbol": "NR7.SI", "eps": null, "epsEstimated": null, "time": "bmo", "revenue": null, "revenueEstimated": null, "fiscalDateEnding": "2018-09-30", "updatedFromDate": "2023-05-17"}, {"date": "2018-08-30", "symbol": "XF1.AX", "eps": -0.01276, "epsEstimated": null, "time": "bmo", "revenue": 2012042.25, "revenueEstimated": null, "fiscalDateEnding": "2018-05-30", "updatedFromDate": "2023-10-16"}, {"date": "2018-08-30", "symbol": "300031.SZ", "eps": 0.22, "epsEstimated": null, "time": "bmo", "revenue": 555676034.82, "revenueEstimated": null, "fiscalDateEnding": "2018-06-29", "updatedFromDate": "2023-05-17"}, {"date": "2018-08-30", "symbol": "KIRK", "eps": -0.4, "epsEstimated": -0.37, "time": "bmo", "revenue": 129648000, "revenueEstimated": 112102325.58139534, "fiscalDateEnding": "2018-05-30", "updatedFromDate": "2023-10-10"}, {"date": "2018-08-30", "symbol": "600745.SS", "eps": -0.18892, "epsEstimated": null, "time": "bmo", "revenue": 3709542994.68, "revenueEstimated": null, "fiscalDateEnding": "2018-06-29", "updatedFromDate": "2023-08-16"}, {"date": "2018-08-30", "symbol": "AAGEF", "eps": null, "epsEstimated": null, "time": "bmo", "revenue": null, "revenueEstimated": null, "fiscalDateEnding": "2018-06-30", "updatedFromDate": "2023-05-17"}, {"date": "2018-08-30", "symbol": "300586.SZ", "eps": 0.03396, "epsEstimated": null, "time": "bmo", "revenue": 138378399.38, "revenueEstimated": null, "fiscalDateEnding": "2018-06-29", "updatedFromDate": "2023-05-17"}, {"date": "2018-08-30", "symbol": "2198.T", "eps": 11.81, "epsEstimated": null, "time": "bmo", "revenue": 5023080000, "revenueEstimated": null, "fiscalDateEnding": "2018-07-31", "updatedFromDate": "2023-05-17"}, {"date": "2018-08-30", "symbol": "000009.SZ", "eps": -0.00633, "epsEstimated": null, "time": "bmo", "revenue": 2323118050.05, "revenueEstimated": null, "fiscalDateEnding": "2018-05-30", "updatedFromDate": "2023-05-17"}, {"date": "2018-08-30", "symbol": "LULU", "eps": 0.71, "epsEstimated": 0.49, "time": "amc", "revenue": 782315000, "revenueEstimated": 499316901.40845066, "fiscalDateEnding": "2018-05-30", "updatedFromDate": "2023-10-10"}, {"date": "2018-08-30", "symbol": "REPL", "eps": -2.02, "epsEstimated": -0.23, "time": "bmo", "revenue": null, "revenueEstimated": null, "fiscalDateEnding": "2018-06-29", "updatedFromDate": "2023-09-29"}, {"date": "2018-08-30", "symbol": "002266.SZ", "eps": 0.02, "epsEstimated": null, "time": "bmo", "revenue": 303986418.42, "revenueEstimated": null, "fiscalDateEnding": "2018-06-29", "updatedFromDate": "2023-05-17"}, {"date": "2018-08-30", "symbol": "PHUN", "eps": -0.12616, "epsEstimated": null, "time": "amc", "revenue": 5215000, "revenueEstimated": null, "fiscalDateEnding": "2018-08-30", "updatedFromDate": "2023-09-29"}, {"date": "2018-08-30", "symbol": "CANG", "eps": 0.08, "epsEstimated": null, "time": "amc", "revenue": 236287811, "revenueEstimated": null, "fiscalDateEnding": "2018-06-30", "updatedFromDate": "2023-09-29"}, {"date": "2018-08-30", "symbol": "601633.SS", "eps": 0.17, "epsEstimated": 0.19, "time": "bmo", "revenue": 22098686716.38, "revenueEstimated": null, "fiscalDateEnding": "2018-06-29", "updatedFromDate": "2023-05-17"}, {"date": "2018-08-30", "symbol": "ALBKF", "eps": -0.03, "epsEstimated": null, "time": "bmo", "revenue": null, "revenueEstimated": null, "fiscalDateEnding": "2018-06-30", "updatedFromDate": "2023-05-17"}, {"date": "2018-08-30", "symbol": "AVTBF", "eps": -0.02929, "epsEstimated": null, "time": "amc", "revenue": null, "revenueEstimated": null, "fiscalDateEnding": "2018-08-30", "updatedFromDate": "2023-05-17"}, {"date": "2018-08-30", "symbol": "1432.HK", "eps": null, "epsEstimated": null, "time": "bmo", "revenue": null, "revenueEstimated": null, "fiscalDateEnding": "2018-05-30", "updatedFromDate": "2023-05-17"}, {"date": "2018-08-30", "symbol": "EWG.CN", "eps": -0.0104, "epsEstimated": null, "time": "bmo", "revenue": null, "revenueEstimated": null, "fiscalDateEnding": "2018-08-30", "updatedFromDate": "2023-05-17"}, {"date": "2018-08-30", "symbol": "002228.SZ", "eps": 0.31, "epsEstimated": null, "time": "bmo", "revenue": 3291558513.67, "revenueEstimated": null, "fiscalDateEnding": "2018-05-30", "updatedFromDate": "2023-05-17"}, {"date": "2018-08-30", "symbol": "BBW", "eps": -0.12, "epsEstimated": null, "time": "bmo", "revenue": 84362000, "revenueEstimated": null, "fiscalDateEnding": "2018-05-30", "updatedFromDate": "2023-10-10"}, {"date": "2018-08-30", "symbol": "603337.SS", "eps": 0.2309, "epsEstimated": null, "time": "bmo", "revenue": 980519439.86, "revenueEstimated": null, "fiscalDateEnding": "2018-06-29", "updatedFromDate": "2023-05-17"}, {"date": "2018-08-30", "symbol": "2925.T", "eps": 28.59, "epsEstimated": null, "time": "bmo", "revenue": 10881653000, "revenueEstimated": null, "fiscalDateEnding": "2018-08-30", "updatedFromDate": "2023-05-17"}, {"date": "2018-08-30", "symbol": "MNIA", "eps": -0.00109, "epsEstimated": -0.001, "time": "bmo", "revenue": null, "revenueEstimated": 2218, "fiscalDateEnding": "2018-08-30", "updatedFromDate": "2023-04-03"}, {"date": "2018-08-30", "symbol": "SONC", "eps": 0.51, "epsEstimated": 0.4321, "time": "bmo", "revenue": 111754000, "revenueEstimated": 118269695, "fiscalDateEnding": "2018-08-30", "updatedFromDate": "2023-04-03"}, {"date": "2018-08-30", "symbol": "002375.SZ", "eps": 0.09, "epsEstimated": null, "time": "bmo", "revenue": 2340848075.85, "revenueEstimated": null, "fiscalDateEnding": "2018-06-29", "updatedFromDate": "2023-05-17"}, {"date": "2018-08-30", "symbol": "SVU", "eps": -1.46154, "epsEstimated": -1.79603, "time": "bmo", "revenue": 3512000000, "revenueEstimated": 3530142160, "fiscalDateEnding": "2018-08-30", "updatedFromDate": "2023-04-03"}, {"date": "2018-08-30", "symbol": "WSCI", "eps": -0.07876, "epsEstimated": -0.0456, "time": "bmo", "revenue": 8731000, "revenueEstimated": 8767281, "fiscalDateEnding": "2018-08-30", "updatedFromDate": "2023-04-03"}, {"date": "2018-08-30", "symbol": "1398.HK", "eps": 0.23, "epsEstimated": 0.26, "time": "bmo", "revenue": 189640000000, "revenueEstimated": null, "fiscalDateEnding": "2018-06-29", "updatedFromDate": "2023-08-16"}, {"date": "2018-08-30", "symbol": "002250.SZ", "eps": -0.05, "epsEstimated": null, "time": "bmo", "revenue": 786649414.36, "revenueEstimated": null, "fiscalDateEnding": "2018-05-30", "updatedFromDate": "2023-05-17"}, {"date": "2018-08-30", "symbol": "BUBSF", "eps": null, "epsEstimated": null, "time": "bmo", "revenue": null, "revenueEstimated": null, "fiscalDateEnding": "2018-09-30", "updatedFromDate": "2023-05-17"}, {"date": "2018-08-30", "symbol": "600831.SS", "eps": 0.11, "epsEstimated": null, "time": "bmo", "revenue": 882122475.61, "revenueEstimated": null, "fiscalDateEnding": "2018-06-29", "updatedFromDate": "2023-05-17"}, {"date": "2018-08-30", "symbol": "LHIL", "eps": -0.00155, "epsEstimated": null, "time": "bmo", "revenue": 10000, "revenueEstimated": null, "fiscalDateEnding": "2018-08-30", "updatedFromDate": "2023-05-17"}, {"date": "2018-08-30", "symbol": "SPRS", "eps": 0.06295, "epsEstimated": null, "time": "bmo", "revenue": 9281710, "revenueEstimated": null, "fiscalDateEnding": "2018-08-30", "updatedFromDate": "2023-05-17"}, {"date": "2018-08-30", "symbol": "FLMNY", "eps": null, "epsEstimated": null, "time": "bmo", "revenue": null, "revenueEstimated": null, "fiscalDateEnding": "2018-06-30", "updatedFromDate": "2023-05-17"}, {"date": "2018-08-30", "symbol": "600662.SS", "eps": 0.02201, "epsEstimated": null, "time": "bmo", "revenue": 992234199.67, "revenueEstimated": null, "fiscalDateEnding": "2018-06-29", "updatedFromDate": "2023-05-17"}, {"date": "2018-08-30", "symbol": "COO", "eps": 3, "epsEstimated": 3.08, "time": "amc", "revenue": 660000000, "revenueEstimated": 675399999.9999999, "fiscalDateEnding": "2018-07-30", "updatedFromDate": "2023-09-29"}, {"date": "2018-08-30", "symbol": "2867.TW", "eps": 1.21, "epsEstimated": null, "time": "bmo", "revenue": 40562169000, "revenueEstimated": null, "fiscalDateEnding": "2018-06-29", "updatedFromDate": "2023-05-17"}, {"date": "2018-08-30", "symbol": "HOFT", "eps": 0.74, "epsEstimated": 0.79, "time": "amc", "revenue": 168661000, "revenueEstimated": 180098648.64864865, "fiscalDateEnding": "2018-07-28", "updatedFromDate": "2023-09-29"}, {"date": "2018-08-30", "symbol": "MTE.DE", "eps": 3.56, "epsEstimated": null, "time": "bmo", "revenue": 8440000000, "revenueEstimated": null, "fiscalDateEnding": "2018-08-30", "updatedFromDate": "2023-05-17"}, {"date": "2018-08-30", "symbol": "6881.HK", "eps": 0.06, "epsEstimated": null, "time": "bmo", "revenue": 2027285808.17, "revenueEstimated": null, "fiscalDateEnding": "2018-09-29", "updatedFromDate": "2023-05-17"}, {"date": "2018-08-30", "symbol": "CRS.CN", "eps": -0.00598, "epsEstimated": null, "time": "bmo", "revenue": null, "revenueEstimated": null, "fiscalDateEnding": "2018-08-30", "updatedFromDate": "2023-05-17"}, {"date": "2018-08-30", "symbol": "600705.SS", "eps": 0.09, "epsEstimated": null, "time": "bmo", "revenue": 2651611266.98, "revenueEstimated": null, "fiscalDateEnding": "2018-05-30", "updatedFromDate": "2023-05-17"}, {"date": "2018-08-30", "symbol": "HBH3.SW", "eps": 2.85, "epsEstimated": null, "time": "bmo", "revenue": 1163300000, "revenueEstimated": null, "fiscalDateEnding": "2018-08-30", "updatedFromDate": "2023-10-17"}, {"date": "2018-08-30", "symbol": "000837.SZ", "eps": -0.00046, "epsEstimated": null, "time": "bmo", "revenue": 938062631.91, "revenueEstimated": null, "fiscalDateEnding": "2018-06-29", "updatedFromDate": "2023-05-17"}, {"date": "2018-08-30", "symbol": "1240.HK", "eps": null, "epsEstimated": null, "time": "bmo", "revenue": null, "revenueEstimated": null, "fiscalDateEnding": "2018-05-30", "updatedFromDate": "2023-10-16"}, {"date": "2018-08-30", "symbol": "601919.SS", "eps": -0.01191, "epsEstimated": null, "time": "bmo", "revenue": 23151838385.63, "revenueEstimated": null, "fiscalDateEnding": "2018-06-30", "updatedFromDate": "2023-08-25"}, {"date": "2018-08-30", "symbol": "600008.SS", "eps": 0.03, "epsEstimated": 0.04154, "time": "bmo", "revenue": 3032590792.62, "revenueEstimated": null, "fiscalDateEnding": "2018-05-30", "updatedFromDate": "2023-05-17"}, {"date": "2018-08-30", "symbol": "000403.SZ", "eps": 0.0698, "epsEstimated": null, "time": "bmo", "revenue": 208145397.11, "revenueEstimated": null, "fiscalDateEnding": "2018-06-29", "updatedFromDate": "2023-05-17"}, {"date": "2018-08-30", "symbol": "601007.SS", "eps": 0.1, "epsEstimated": null, "time": "bmo", "revenue": 229239583.43, "revenueEstimated": null, "fiscalDateEnding": "2018-06-29", "updatedFromDate": "2023-05-17"}, {"date": "2018-08-30", "symbol": "601111.SS", "eps": 0.1, "epsEstimated": 0.06, "time": "bmo", "revenue": 32635568000, "revenueEstimated": null, "fiscalDateEnding": "2018-06-29", "updatedFromDate": "2023-08-16"}, {"date": "2018-08-30", "symbol": "004310.KS", "eps": 11, "epsEstimated": null, "time": "bmo", "revenue": 33885662000, "revenueEstimated": null, "fiscalDateEnding": "2018-08-30", "updatedFromDate": "2023-05-17"}, {"date": "2018-08-30", "symbol": "603555.SS", "eps": -0.08076, "epsEstimated": null, "time": "bmo", "revenue": 703006468.57, "revenueEstimated": null, "fiscalDateEnding": "2018-06-29", "updatedFromDate": "2023-05-17"}, {"date": "2018-08-30", "symbol": "GIS.SW", "eps": 0.65, "epsEstimated": null, "time": "bmo", "revenue": 4094000000, "revenueEstimated": null, "fiscalDateEnding": "2018-08-30", "updatedFromDate": "2023-10-17"}, {"date": "2018-08-30", "symbol": "VRSSF", "eps": null, "epsEstimated": null, "time": "bmo", "revenue": null, "revenueEstimated": null, "fiscalDateEnding": "2018-05-30", "updatedFromDate": "2023-10-10"}, {"date": "2018-08-30", "symbol": "000806.SZ", "eps": -0.03659, "epsEstimated": null, "time": "bmo", "revenue": 207569456.89, "revenueEstimated": null, "fiscalDateEnding": "2018-06-29", "updatedFromDate": "2023-05-17"}, {"date": "2018-08-30", "symbol": "000046.SZ", "eps": -0.03561, "epsEstimated": null, "time": "bmo", "revenue": 985901615.99, "revenueEstimated": null, "fiscalDateEnding": "2018-06-29", "updatedFromDate": "2023-05-17"}, {"date": "2018-08-30", "symbol": "000927.SZ", "eps": -0.26018, "epsEstimated": null, "time": "bmo", "revenue": 355148008, "revenueEstimated": null, "fiscalDateEnding": "2018-06-29", "updatedFromDate": "2023-05-17"}, {"date": "2018-08-30", "symbol": "MEIP", "eps": -2.6, "epsEstimated": -4.4, "time": "amc", "revenue": 548000, "revenueEstimated": 406890, "fiscalDateEnding": "2018-06-29", "updatedFromDate": "2023-10-16"}, {"date": "2018-08-30", "symbol": "ARTL", "eps": -0.39334, "epsEstimated": null, "time": "bmo", "revenue": null, "revenueEstimated": null, "fiscalDateEnding": "2018-08-30", "updatedFromDate": "2023-09-29"}, {"date": "2018-08-30", "symbol": "1475.HK", "eps": null, "epsEstimated": null, "time": "bmo", "revenue": null, "revenueEstimated": null, "fiscalDateEnding": "2018-05-30", "updatedFromDate": "2023-05-17"}, {"date": "2018-08-30", "symbol": "000040.SZ", "eps": 0.17, "epsEstimated": null, "time": "bmo", "revenue": 2502089426.82, "revenueEstimated": null, "fiscalDateEnding": "2018-06-29", "updatedFromDate": "2023-05-17"}, {"date": "2018-08-30", "symbol": "603706.SS", "eps": 0.2527, "epsEstimated": null, "time": "bmo", "revenue": 106150952.45, "revenueEstimated": null, "fiscalDateEnding": "2018-06-29", "updatedFromDate": "2023-05-17"}, {"date": "2018-08-30", "symbol": "VCV", "eps": 0.2698, "epsEstimated": null, "time": "bmo", "revenue": 23329200, "revenueEstimated": null, "fiscalDateEnding": "2018-08-30", "updatedFromDate": "2023-10-17"}, {"date": "2018-08-30", "symbol": "ALCLA.PA", "eps": null, "epsEstimated": null, "time": "bmo", "revenue": null, "revenueEstimated": null, "fiscalDateEnding": "2018-06-30", "updatedFromDate": "2023-05-17"}, {"date": "2018-08-30", "symbol": "FLMNF", "eps": null, "epsEstimated": null, "time": "bmo", "revenue": null, "revenueEstimated": null, "fiscalDateEnding": "2018-06-30", "updatedFromDate": "2023-05-17"}, {"date": "2018-08-30", "symbol": "STG.CO", "eps": 2.21, "epsEstimated": 1.82, "time": "bmo", "revenue": 1779800000, "revenueEstimated": null, "fiscalDateEnding": "2018-06-30", "updatedFromDate": "2023-08-25"}, {"date": "2018-08-30", "symbol": "000539.SZ", "eps": 0.07711, "epsEstimated": null, "time": "bmo", "revenue": 8082449491, "revenueEstimated": null, "fiscalDateEnding": "2018-06-29", "updatedFromDate": "2023-05-17"}, {"date": "2018-08-30", "symbol": "MDBBF", "eps": null, "epsEstimated": null, "time": "bmo", "revenue": null, "revenueEstimated": null, "fiscalDateEnding": "2018-06-30", "updatedFromDate": "2023-05-17"}, {"date": "2018-08-30", "symbol": "REDW.ST", "eps": -0.51634, "epsEstimated": null, "time": "bmo", "revenue": null, "revenueEstimated": null, "fiscalDateEnding": "2018-06-29", "updatedFromDate": "2023-05-17"}, {"date": "2018-08-30", "symbol": "000825.SZ", "eps": 0.24, "epsEstimated": null, "time": "bmo", "revenue": 18663078983.96, "revenueEstimated": null, "fiscalDateEnding": "2018-06-29", "updatedFromDate": "2023-05-17"}, {"date": "2018-08-30", "symbol": "6828.HK", "eps": null, "epsEstimated": null, "time": "bmo", "revenue": null, "revenueEstimated": null, "fiscalDateEnding": "2018-05-30", "updatedFromDate": "2023-05-17"}, {"date": "2018-08-30", "symbol": "HLE.SW", "eps": 0.86, "epsEstimated": null, "time": "bmo", "revenue": 1786682000, "revenueEstimated": null, "fiscalDateEnding": "2018-08-30", "updatedFromDate": "2023-10-17"}, {"date": "2018-08-30", "symbol": "BIOVIC-B.ST", "eps": -0.33687, "epsEstimated": null, "time": "bmo", "revenue": 1736000, "revenueEstimated": null, "fiscalDateEnding": "2018-05-30", "updatedFromDate": "2023-10-17"}, {"date": "2018-08-30", "symbol": "GTEC", "eps": -0.00873, "epsEstimated": null, "time": "bmo", "revenue": null, "revenueEstimated": null, "fiscalDateEnding": "2018-08-30", "updatedFromDate": "2023-09-29"}, {"date": "2018-08-30", "symbol": "SIG", "eps": 0.52, "epsEstimated": 0.21, "time": "bmo", "revenue": 1420100000, "revenueEstimated": 546192307.6923076, "fiscalDateEnding": "2018-08-03", "updatedFromDate": "2023-09-29"}, {"date": "2018-08-30", "symbol": "CWB.TO", "eps": 0.75, "epsEstimated": 0.77, "time": "bmo", "revenue": 204989000, "revenueEstimated": null, "fiscalDateEnding": "2018-07-31", "updatedFromDate": "2023-05-17"}, {"date": "2018-08-30", "symbol": "ADSGF", "eps": null, "epsEstimated": null, "time": "bmo", "revenue": null, "revenueEstimated": null, "fiscalDateEnding": "2018-06-30", "updatedFromDate": "2023-05-17"}, {"date": "2018-08-30", "symbol": "603111.SS", "eps": -0.71, "epsEstimated": null, "time": "bmo", "revenue": 1010769227.84, "revenueEstimated": null, "fiscalDateEnding": "2018-06-29", "updatedFromDate": "2023-05-17"}, {"date": "2018-08-30", "symbol": "002097.SZ", "eps": 0.1786, "epsEstimated": null, "time": "bmo", "revenue": 1519143349.81, "revenueEstimated": null, "fiscalDateEnding": "2018-06-29", "updatedFromDate": "2023-05-17"}, {"date": "2018-08-30", "symbol": "6048.T", "eps": 4.21, "epsEstimated": null, "time": "bmo", "revenue": 614934000, "revenueEstimated": null, "fiscalDateEnding": "2018-08-30", "updatedFromDate": "2023-05-17"}, {"date": "2018-08-30", "symbol": "BWLLF", "eps": -0.17, "epsEstimated": -0.25, "time": "bmo", "revenue": null, "revenueEstimated": null, "fiscalDateEnding": "2018-06-30", "updatedFromDate": "2023-05-17"}, {"date": "2018-08-30", "symbol": "002605.SZ", "eps": 0.0759, "epsEstimated": null, "time": "bmo", "revenue": 188023023.91, "revenueEstimated": null, "fiscalDateEnding": "2018-06-29", "updatedFromDate": "2023-05-17"}, {"date": "2018-08-30", "symbol": "EN.PA", "eps": 0.67, "epsEstimated": 0.62, "time": "bmo", "revenue": 9476000000, "revenueEstimated": null, "fiscalDateEnding": "2018-05-30", "updatedFromDate": "2023-05-17"}, {"date": "2018-08-30", "symbol": "LDG.L", "eps": null, "epsEstimated": null, "time": "bmo", "revenue": null, "revenueEstimated": null, "fiscalDateEnding": "2018-09-30", "updatedFromDate": "2023-05-17"}, {"date": "2018-08-30", "symbol": "RLEVF", "eps": null, "epsEstimated": null, "time": "bmo", "revenue": null, "revenueEstimated": null, "fiscalDateEnding": "2018-06-30", "updatedFromDate": "2023-05-17"}, {"date": "2018-08-30", "symbol": "BMRA", "eps": -0.08, "epsEstimated": -0.06, "time": "bmo", "revenue": 1130400, "revenueEstimated": 847500, "fiscalDateEnding": "2018-05-30", "updatedFromDate": "2023-09-29"}, {"date": "2018-08-30", "symbol": "002749.SZ", "eps": 0.21, "epsEstimated": null, "time": "bmo", "revenue": 316177116.55, "revenueEstimated": null, "fiscalDateEnding": "2018-06-29", "updatedFromDate": "2023-05-17"}, {"date": "2018-08-30", "symbol": "HUATF", "eps": 0.18, "epsEstimated": 0.32, "time": "bmo", "revenue": null, "revenueEstimated": null, "fiscalDateEnding": "2018-06-30", "updatedFromDate": "2023-05-17"}, {"date": "2018-08-30", "symbol": "192650.KS", "eps": 100.9, "epsEstimated": null, "time": "bmo", "revenue": 144015454960, "revenueEstimated": null, "fiscalDateEnding": "2018-06-29", "updatedFromDate": "2023-05-17"}, {"date": "2018-08-30", "symbol": "VGO.WA", "eps": 4.85, "epsEstimated": null, "time": "bmo", "revenue": 9803000, "revenueEstimated": null, "fiscalDateEnding": "2018-06-29", "updatedFromDate": "2023-05-17"}, {"date": "2018-08-30", "symbol": "VNNVF", "eps": 0.22, "epsEstimated": 0.52, "time": "bmo", "revenue": null, "revenueEstimated": null, "fiscalDateEnding": "2018-06-30", "updatedFromDate": "2023-05-17"}, {"date": "2018-08-30", "symbol": "FDX.SW", "eps": 3.1, "epsEstimated": null, "time": "bmo", "revenue": 17052000000, "revenueEstimated": null, "fiscalDateEnding": "2018-08-30", "updatedFromDate": "2023-10-17"}, {"date": "2018-08-30", "symbol": "EKTAY", "eps": 0.05, "epsEstimated": null, "time": "bmo", "revenue": 4087000000, "revenueEstimated": null, "fiscalDateEnding": "2018-05-30", "updatedFromDate": "2023-10-17"}, {"date": "2018-08-30", "symbol": "0564.HK", "eps": 0.1739, "epsEstimated": null, "time": "bmo", "revenue": 10215845236.2, "revenueEstimated": null, "fiscalDateEnding": "2018-06-29", "updatedFromDate": "2023-05-17"}, {"date": "2018-08-30", "symbol": "ABQQ", "eps": -0.22859, "epsEstimated": null, "time": "bmo", "revenue": 72960, "revenueEstimated": null, "fiscalDateEnding": "2018-08-30", "updatedFromDate": "2023-05-17"}, {"date": "2018-08-30", "symbol": "ZUK.WA", "eps": 0.1674, "epsEstimated": null, "time": "bmo", "revenue": 15065000, "revenueEstimated": null, "fiscalDateEnding": "2018-05-30", "updatedFromDate": "2023-05-17"}, {"date": "2018-08-30", "symbol": "002811.SZ", "eps": 0.1267, "epsEstimated": null, "time": "bmo", "revenue": 507323427.06, "revenueEstimated": null, "fiscalDateEnding": "2018-09-29", "updatedFromDate": "2023-05-17"}, {"date": "2018-08-30", "symbol": "000815.SZ", "eps": 0.02, "epsEstimated": null, "time": "bmo", "revenue": 262068987.65, "revenueEstimated": null, "fiscalDateEnding": "2018-06-29", "updatedFromDate": "2023-05-17"}, {"date": "2018-08-30", "symbol": "601618.SS", "eps": 0.05, "epsEstimated": 0.09, "time": "bmo", "revenue": 55088834000, "revenueEstimated": null, "fiscalDateEnding": "2018-05-30", "updatedFromDate": "2023-05-17"}, {"date": "2018-08-30", "symbol": "000063.SZ", "eps": -2.27, "epsEstimated": 0.25, "time": "bmo", "revenue": 11907435000, "revenueEstimated": null, "fiscalDateEnding": "2018-06-29", "updatedFromDate": "2023-05-17"}, {"date": "2018-08-30", "symbol": "000971.SZ", "eps": 0.01131, "epsEstimated": null, "time": "bmo", "revenue": 198968413.47, "revenueEstimated": null, "fiscalDateEnding": "2018-06-29", "updatedFromDate": "2023-05-17"}, {"date": "2018-08-30", "symbol": "000792.SZ", "eps": -0.33, "epsEstimated": null, "time": "bmo", "revenue": 5135881841.5, "revenueEstimated": null, "fiscalDateEnding": "2018-06-29", "updatedFromDate": "2023-08-16"}, {"date": "2018-08-30", "symbol": "600690.SS", "eps": 0.48, "epsEstimated": 0.46, "time": "bmo", "revenue": 45936462058.7, "revenueEstimated": null, "fiscalDateEnding": "2018-06-29", "updatedFromDate": "2023-08-16"}, {"date": "2018-08-30", "symbol": "200625.SZ", "eps": 0.05, "epsEstimated": 0.87, "time": "bmo", "revenue": 15632085249.27, "revenueEstimated": null, "fiscalDateEnding": "2018-06-29", "updatedFromDate": "2023-08-16"}, {"date": "2018-08-30", "symbol": "CIG.WA", "eps": -0.06972, "epsEstimated": null, "time": "bmo", "revenue": 5467000, "revenueEstimated": null, "fiscalDateEnding": "2018-06-29", "updatedFromDate": "2023-08-16"}, {"date": "2018-08-30", "symbol": "603596.SS", "eps": 0.1747, "epsEstimated": null, "time": "bmo", "revenue": 630274472.07, "revenueEstimated": null, "fiscalDateEnding": "2018-06-29", "updatedFromDate": "2023-08-16"}, {"date": "2018-08-30", "symbol": "4666.T", "eps": 23.71, "epsEstimated": 24.51, "time": "bmo", "revenue": 73486000000, "revenueEstimated": null, "fiscalDateEnding": "2018-07-30", "updatedFromDate": "2023-08-16"}, {"date": "2018-08-30", "symbol": "6886.HK", "eps": 0.18, "epsEstimated": 0.32, "time": "bmo", "revenue": 3539065197.41, "revenueEstimated": null, "fiscalDateEnding": "2018-06-29", "updatedFromDate": "2023-08-16"}, {"date": "2018-08-30", "symbol": "BWLPG.OL", "eps": -0.17, "epsEstimated": -0.25, "time": "bmo", "revenue": 106891000, "revenueEstimated": null, "fiscalDateEnding": "2018-06-29", "updatedFromDate": "2023-08-16"}, {"date": "2018-08-30", "symbol": "000988.SZ", "eps": 0.12, "epsEstimated": null, "time": "bmo", "revenue": 1477372265.16, "revenueEstimated": null, "fiscalDateEnding": "2018-06-29", "updatedFromDate": "2023-08-16"}, {"date": "2018-08-30", "symbol": "ZTCOF", "eps": null, "epsEstimated": null, "time": "bmo", "revenue": null, "revenueEstimated": null, "fiscalDateEnding": "2018-06-30", "updatedFromDate": "2023-08-16"}, {"date": "2018-08-30", "symbol": "601688.SS", "eps": 0.18, "epsEstimated": 0.29, "time": "bmo", "revenue": 3539065197.41, "revenueEstimated": null, "fiscalDateEnding": "2018-06-29", "updatedFromDate": "2023-08-16"}, {"date": "2018-08-30", "symbol": "600115.SS", "eps": 0.02, "epsEstimated": 0.01905, "time": "bmo", "revenue": 27669000000, "revenueEstimated": null, "fiscalDateEnding": "2018-06-30", "updatedFromDate": "2023-08-16"}, {"date": "2018-08-30", "symbol": "QIHCF", "eps": null, "epsEstimated": null, "time": "bmo", "revenue": null, "revenueEstimated": null, "fiscalDateEnding": "2018-06-30", "updatedFromDate": "2023-08-16"}, {"date": "2018-08-30", "symbol": "IDCBF", "eps": 0.23, "epsEstimated": 0.26, "time": "bmo", "revenue": null, "revenueEstimated": null, "fiscalDateEnding": "2018-06-30", "updatedFromDate": "2023-08-16"}, {"date": "2018-08-30", "symbol": "000157.SZ", "eps": 0.06, "epsEstimated": 0.037, "time": "bmo", "revenue": 8359819234.26, "revenueEstimated": null, "fiscalDateEnding": "2018-06-29", "updatedFromDate": "2023-08-16"}, {"date": "2018-08-30", "symbol": "600352.SS", "eps": 0.26, "epsEstimated": 0.2, "time": "bmo", "revenue": 4936406730.01, "revenueEstimated": null, "fiscalDateEnding": "2018-06-29", "updatedFromDate": "2023-08-16"}, {"date": "2018-08-30", "symbol": "000425.SZ", "eps": 0.08, "epsEstimated": 0.1, "time": "bmo", "revenue": 13160264986.38, "revenueEstimated": null, "fiscalDateEnding": "2018-06-29", "updatedFromDate": "2023-08-16"}, {"date": "2018-08-30", "symbol": "6160.HK", "eps": -0.2246, "epsEstimated": null, "time": "bmo", "revenue": 52804000, "revenueEstimated": null, "fiscalDateEnding": "2018-06-29", "updatedFromDate": "2023-08-16"}, {"date": "2018-08-30", "symbol": "LIO.V", "eps": -0.00699, "epsEstimated": null, "time": "bmo", "revenue": null, "revenueEstimated": null, "fiscalDateEnding": "2018-05-30", "updatedFromDate": "2023-10-16"}, {"date": "2018-08-30", "symbol": "4397.T", "eps": 2.6, "epsEstimated": null, "time": "bmo", "revenue": 346138000, "revenueEstimated": null, "fiscalDateEnding": "2018-08-30", "updatedFromDate": "2023-08-16"}, {"date": "2018-08-30", "symbol": "UBS.VI", "eps": 1.62, "epsEstimated": null, "time": "bmo", "revenue": 191822000, "revenueEstimated": null, "fiscalDateEnding": "2018-06-30", "updatedFromDate": "2023-08-16"}, {"date": "2018-08-30", "symbol": "002153.SZ", "eps": 0.13, "epsEstimated": null, "time": "bmo", "revenue": 724636554.96, "revenueEstimated": null, "fiscalDateEnding": "2018-06-29", "updatedFromDate": "2023-08-16"}, {"date": "2018-08-30", "symbol": "000876.SZ", "eps": 0.06, "epsEstimated": null, "time": "bmo", "revenue": 16836070532.04, "revenueEstimated": null, "fiscalDateEnding": "2018-06-29", "updatedFromDate": "2023-08-16"}, {"date": "2018-08-30", "symbol": "600926.SS", "eps": 0.2949, "epsEstimated": null, "time": "bmo", "revenue": 4125732000, "revenueEstimated": null, "fiscalDateEnding": "2018-06-29", "updatedFromDate": "2023-08-16"}, {"date": "2018-08-30", "symbol": "000729.SZ", "eps": 0.16, "epsEstimated": 0.18, "time": "bmo", "revenue": 3094861230.42, "revenueEstimated": null, "fiscalDateEnding": "2018-06-29", "updatedFromDate": "2023-08-16"}, {"date": "2018-08-30", "symbol": "600025.SS", "eps": 0.03117, "epsEstimated": null, "time": "bmo", "revenue": 3504540769.88, "revenueEstimated": null, "fiscalDateEnding": "2018-06-29", "updatedFromDate": "2023-08-16"}, {"date": "2018-08-30", "symbol": "TBIG.JK", "eps": 7.67, "epsEstimated": 19.31, "time": "bmo", "revenue": 1042212000000, "revenueEstimated": null, "fiscalDateEnding": "2018-06-30", "updatedFromDate": "2023-08-16"}, {"date": "2018-08-30", "symbol": "603883.SS", "eps": 0.32, "epsEstimated": null, "time": "bmo", "revenue": 2226482605, "revenueEstimated": null, "fiscalDateEnding": "2018-06-29", "updatedFromDate": "2023-08-16"}, {"date": "2018-08-30", "symbol": "NTG.CO", "eps": null, "epsEstimated": null, "time": "bmo", "revenue": null, "revenueEstimated": null, "fiscalDateEnding": "2018-06-30", "updatedFromDate": "2023-08-16"}, {"date": "2018-08-30", "symbol": "000651.SZ", "eps": 1.2, "epsEstimated": 1.21, "time": "bmo", "revenue": 51979038769.35, "revenueEstimated": null, "fiscalDateEnding": "2018-06-29", "updatedFromDate": "2023-08-16"}, {"date": "2018-08-30", "symbol": "300702.SZ", "eps": 0.0316, "epsEstimated": null, "time": "bmo", "revenue": 1466956381.9, "revenueEstimated": null, "fiscalDateEnding": "2018-06-30", "updatedFromDate": "2023-08-25"}, {"date": "2018-08-30", "symbol": "600637.SS", "eps": 0.33, "epsEstimated": 0.19, "time": "bmo", "revenue": 3228604534.97, "revenueEstimated": null, "fiscalDateEnding": "2018-06-29", "updatedFromDate": "2023-08-16"}, {"date": "2018-08-30", "symbol": "0857.HK", "eps": 0.09, "epsEstimated": 0.14, "time": "bmo", "revenue": 566168000000, "revenueEstimated": null, "fiscalDateEnding": "2018-06-29", "updatedFromDate": "2023-08-16"}, {"date": "2018-08-30", "symbol": "TMBR", "eps": -300, "epsEstimated": -300, "time": "bmo", "revenue": 24000, "revenueEstimated": null, "fiscalDateEnding": "2018-07-30", "updatedFromDate": "2023-09-29"}, {"date": "2018-08-30", "symbol": "601398.SS", "eps": 0.23, "epsEstimated": 0.26, "time": "bmo", "revenue": 189640000000, "revenueEstimated": null, "fiscalDateEnding": "2018-06-29", "updatedFromDate": "2023-08-16"}, {"date": "2018-08-30", "symbol": "002340.SZ", "eps": 0.05614, "epsEstimated": null, "time": "bmo", "revenue": 3978745792.03, "revenueEstimated": null, "fiscalDateEnding": "2018-06-29", "updatedFromDate": "2023-08-16"}, {"date": "2018-08-30", "symbol": "PTR", "eps": 10.01, "epsEstimated": 1.45, "time": "bmo", "revenue": 566168000000, "revenueEstimated": null, "fiscalDateEnding": "2018-06-29", "updatedFromDate": "2023-08-16"}, {"date": "2018-08-30", "symbol": "6288.HK", "eps": 0.635, "epsEstimated": null, "time": "bmo", "revenue": 425911000000, "revenueEstimated": null, "fiscalDateEnding": "2018-08-30", "updatedFromDate": "2023-08-16"}, {"date": "2018-08-30", "symbol": "000800.SZ", "eps": 0.02, "epsEstimated": 0.09, "time": "bmo", "revenue": 6332809109.29, "revenueEstimated": null, "fiscalDateEnding": "2018-06-29", "updatedFromDate": "2023-08-16"}, {"date": "2018-08-30", "symbol": "VCOR", "eps": -0.00131, "epsEstimated": null, "time": "bmo", "revenue": null, "revenueEstimated": null, "fiscalDateEnding": "2018-08-30", "updatedFromDate": "2023-08-16"}, {"date": "2018-08-30", "symbol": "601390.SS", "eps": 0.26, "epsEstimated": 0.21, "time": "bmo", "revenue": 167114496000, "revenueEstimated": null, "fiscalDateEnding": "2018-06-29", "updatedFromDate": "2023-08-16"}, {"date": "2018-08-30", "symbol": "OVZON.ST", "eps": -0.08, "epsEstimated": 0.11, "time": "bmo", "revenue": 57092000, "revenueEstimated": null, "fiscalDateEnding": "2018-06-29", "updatedFromDate": "2023-08-16"}, {"date": "2018-08-30", "symbol": "AIABF", "eps": 0.11, "epsEstimated": 0.11, "time": "bmo", "revenue": null, "revenueEstimated": null, "fiscalDateEnding": "2018-06-30", "updatedFromDate": "2023-08-16"}, {"date": "2018-08-30", "symbol": "DLEKG.TA", "eps": 7.15, "epsEstimated": null, "time": "bmo", "revenue": 2074000000, "revenueEstimated": null, "fiscalDateEnding": "2018-06-30", "updatedFromDate": "2023-05-17"}, {"date": "2018-08-31", "symbol": "MDIA", "eps": 0.1786, "epsEstimated": null, "time": "bmo", "revenue": 14196000, "revenueEstimated": null, "fiscalDateEnding": "2018-08-31", "updatedFromDate": "2023-09-29"}, {"date": "2018-08-31", "symbol": "CPR.WA", "eps": 0.1072, "epsEstimated": null, "time": "bmo", "revenue": 22627000, "revenueEstimated": null, "fiscalDateEnding": "2018-06-30", "updatedFromDate": "2023-05-17"}, {"date": "2018-08-31", "symbol": "600658.SS", "eps": 0.22, "epsEstimated": null, "time": "bmo", "revenue": 755659221.61, "revenueEstimated": null, "fiscalDateEnding": "2018-06-29", "updatedFromDate": "2023-05-17"}, {"date": "2018-08-31", "symbol": "300760.SZ", "eps": 0.976, "epsEstimated": null, "time": "bmo", "revenue": 3572105332, "revenueEstimated": null, "fiscalDateEnding": "2018-06-29", "updatedFromDate": "2023-08-16"}, {"date": "2018-08-31", "symbol": "8446.HK", "eps": 0.0119, "epsEstimated": null, "time": "bmo", "revenue": 29428000, "revenueEstimated": null, "fiscalDateEnding": "2018-08-31", "updatedFromDate": "2023-10-16"}, {"date": "2018-08-31", "symbol": "HLE.DE", "eps": 0.86, "epsEstimated": null, "time": "bmo", "revenue": 1786682000, "revenueEstimated": null, "fiscalDateEnding": "2018-08-31", "updatedFromDate": "2023-10-17"}, {"date": "2018-08-31", "symbol": "BGSWF", "eps": 0.03, "epsEstimated": 0.015, "time": "bmo", "revenue": null, "revenueEstimated": null, "fiscalDateEnding": "2018-06-30", "updatedFromDate": "2023-08-16"}, {"date": "2018-08-31", "symbol": "BFRA", "eps": -0.24, "epsEstimated": -0.19, "time": "bmo", "revenue": 4292800, "revenueEstimated": 3163115, "fiscalDateEnding": "2018-06-29", "updatedFromDate": "2023-08-16"}, {"date": "2018-08-31", "symbol": "LNDZF", "eps": 0.01001, "epsEstimated": null, "time": "bmo", "revenue": 920879, "revenueEstimated": null, "fiscalDateEnding": "2018-08-31", "updatedFromDate": "2023-10-10"}, {"date": "2018-08-31", "symbol": "DBG.V", "eps": -0.00107, "epsEstimated": null, "time": "bmo", "revenue": null, "revenueEstimated": null, "fiscalDateEnding": "2018-08-31", "updatedFromDate": "2023-10-17"}, {"date": "2018-08-31", "symbol": "000797.SZ", "eps": 0.02714, "epsEstimated": null, "time": "bmo", "revenue": 462965741.38, "revenueEstimated": null, "fiscalDateEnding": "2018-06-29", "updatedFromDate": "2023-05-17"}, {"date": "2018-08-31", "symbol": "IRV.CN", "eps": -0.0077, "epsEstimated": null, "time": "bmo", "revenue": null, "revenueEstimated": null, "fiscalDateEnding": "2018-08-31", "updatedFromDate": "2023-10-16"}, {"date": "2018-08-31", "symbol": "002474.SZ", "eps": 0.01717, "epsEstimated": null, "time": "bmo", "revenue": 191028400.28, "revenueEstimated": null, "fiscalDateEnding": "2018-06-29", "updatedFromDate": "2023-05-17"}, {"date": "2018-08-31", "symbol": "CE2.DE", "eps": 0.05363, "epsEstimated": null, "time": "bmo", "revenue": 200780000, "revenueEstimated": null, "fiscalDateEnding": "2018-08-31", "updatedFromDate": "2023-10-17"}, {"date": "2018-08-31", "symbol": "6572.T", "eps": 1.49, "epsEstimated": null, "time": "bmo", "revenue": 1860920000, "revenueEstimated": null, "fiscalDateEnding": "2018-08-31", "updatedFromDate": "2023-10-17"}, {"date": "2018-08-31", "symbol": "5971.T", "eps": 201.13, "epsEstimated": null, "time": "bmo", "revenue": null, "revenueEstimated": null, "fiscalDateEnding": "2018-06-30", "updatedFromDate": "2023-05-19"}, {"date": "2018-08-31", "symbol": "CLSH.CN", "eps": -0.93452, "epsEstimated": null, "time": "bmo", "revenue": 1179353, "revenueEstimated": null, "fiscalDateEnding": "2018-08-31", "updatedFromDate": "2023-10-17"}, {"date": "2018-08-31", "symbol": "GRUSF", "eps": -0.06461, "epsEstimated": null, "time": "bmo", "revenue": 20788, "revenueEstimated": null, "fiscalDateEnding": "2018-08-31", "updatedFromDate": "2023-09-29"}, {"date": "2018-08-31", "symbol": "GLI.JO", "eps": 0.00027, "epsEstimated": null, "time": "bmo", "revenue": 698696, "revenueEstimated": null, "fiscalDateEnding": "2018-08-31", "updatedFromDate": "2023-10-16"}, {"date": "2018-08-31", "symbol": "3226.T", "eps": 4584.94, "epsEstimated": null, "time": "bmo", "revenue": 21917843000, "revenueEstimated": null, "fiscalDateEnding": "2018-08-31", "updatedFromDate": "2023-10-16"}, {"date": "2018-08-31", "symbol": "PQEFF", "eps": -0.07387, "epsEstimated": null, "time": "bmo", "revenue": null, "revenueEstimated": null, "fiscalDateEnding": "2018-08-31", "updatedFromDate": "2023-09-29"}, {"date": "2018-08-31", "symbol": "SPOT.V", "eps": -0.00643, "epsEstimated": null, "time": "bmo", "revenue": null, "revenueEstimated": null, "fiscalDateEnding": "2018-08-31", "updatedFromDate": "2023-10-16"}, {"date": "2018-08-31", "symbol": "000657.SZ", "eps": 0.01834, "epsEstimated": null, "time": "bmo", "revenue": 2066194196.9, "revenueEstimated": null, "fiscalDateEnding": "2018-06-29", "updatedFromDate": "2023-05-17"}, {"date": "2018-08-31", "symbol": "PSAB.JK", "eps": 6e-05, "epsEstimated": null, "time": "bmo", "revenue": 52133475, "revenueEstimated": null, "fiscalDateEnding": "2018-09-29", "updatedFromDate": "2023-05-17"}, {"date": "2018-08-31", "symbol": "ORRCF", "eps": -0.00345, "epsEstimated": null, "time": "bmo", "revenue": null, "revenueEstimated": null, "fiscalDateEnding": "2018-08-31", "updatedFromDate": "2023-10-12"}, {"date": "2018-08-31", "symbol": "000626.SZ", "eps": -0.01369, "epsEstimated": null, "time": "bmo", "revenue": 16286846318.75, "revenueEstimated": null, "fiscalDateEnding": "2018-06-29", "updatedFromDate": "2023-05-17"}, {"date": "2018-08-31", "symbol": "GRM.DE", "eps": 0.65, "epsEstimated": null, "time": "bmo", "revenue": 4094000000, "revenueEstimated": null, "fiscalDateEnding": "2018-08-31", "updatedFromDate": "2023-10-17"}, {"date": "2018-08-31", "symbol": "RWL.WA", "eps": 0.3879, "epsEstimated": null, "time": "bmo", "revenue": 206049000, "revenueEstimated": null, "fiscalDateEnding": "2018-05-31", "updatedFromDate": "2023-05-17"}, {"date": "2018-08-31", "symbol": "8611.HK", "eps": 0.00535, "epsEstimated": null, "time": "bmo", "revenue": 15347000, "revenueEstimated": null, "fiscalDateEnding": "2018-08-31", "updatedFromDate": "2023-05-17"}, {"date": "2018-08-31", "symbol": "GLM.CN", "eps": -0.00534, "epsEstimated": null, "time": "bmo", "revenue": null, "revenueEstimated": null, "fiscalDateEnding": "2018-08-31", "updatedFromDate": "2023-05-17"}, {"date": "2018-08-31", "symbol": "600760.SS", "eps": 0.09, "epsEstimated": null, "time": "bmo", "revenue": 4511613599.16, "revenueEstimated": null, "fiscalDateEnding": "2018-06-29", "updatedFromDate": "2023-08-16"}, {"date": "2018-08-31", "symbol": "LOT.V", "eps": -0.00184, "epsEstimated": null, "time": "bmo", "revenue": null, "revenueEstimated": null, "fiscalDateEnding": "2018-08-31", "updatedFromDate": "2023-10-16"}, {"date": "2018-08-31", "symbol": "ETE.AT", "eps": null, "epsEstimated": null, "time": "bmo", "revenue": null, "revenueEstimated": null, "fiscalDateEnding": "2018-06-30", "updatedFromDate": "2023-05-17"}, {"date": "2018-08-31", "symbol": "CAWW", "eps": -0.02731, "epsEstimated": null, "time": "bmo", "revenue": 4222906, "revenueEstimated": null, "fiscalDateEnding": "2018-08-31", "updatedFromDate": "2023-09-29"}, {"date": "2018-08-31", "symbol": "ACKB.BR", "eps": null, "epsEstimated": null, "time": "bmo", "revenue": null, "revenueEstimated": null, "fiscalDateEnding": "2018-05-31", "updatedFromDate": "2023-05-17"}, {"date": "2018-08-31", "symbol": "200016.SZ", "eps": 0.119, "epsEstimated": null, "time": "bmo", "revenue": 9852176039.99, "revenueEstimated": null, "fiscalDateEnding": "2018-06-29", "updatedFromDate": "2023-05-17"}, {"date": "2018-08-31", "symbol": "CCCM.V", "eps": -0.0038, "epsEstimated": null, "time": "bmo", "revenue": null, "revenueEstimated": null, "fiscalDateEnding": "2018-08-31", "updatedFromDate": "2023-10-16"}, {"date": "2018-08-31", "symbol": "600848.SS", "eps": 0.06651, "epsEstimated": null, "time": "bmo", "revenue": 360956320.4, "revenueEstimated": null, "fiscalDateEnding": "2018-06-29", "updatedFromDate": "2023-05-17"}, {"date": "2018-08-31", "symbol": "STR.VI", "eps": 1.13, "epsEstimated": 0.87, "time": "bmo", "revenue": 4374116000, "revenueEstimated": null, "fiscalDateEnding": "2018-05-31", "updatedFromDate": "2023-05-17"}, {"date": "2018-08-31", "symbol": "BNN.CN", "eps": -0.00897, "epsEstimated": null, "time": "bmo", "revenue": null, "revenueEstimated": null, "fiscalDateEnding": "2018-08-31", "updatedFromDate": "2023-05-17"}, {"date": "2018-08-31", "symbol": "CNTR.CN", "eps": -0.00091, "epsEstimated": null, "time": "bmo", "revenue": null, "revenueEstimated": null, "fiscalDateEnding": "2018-08-31", "updatedFromDate": "2023-10-17"}, {"date": "2018-08-31", "symbol": "AVL.TO", "eps": -0.00231, "epsEstimated": null, "time": "bmo", "revenue": 14340, "revenueEstimated": null, "fiscalDateEnding": "2018-08-31", "updatedFromDate": "2023-05-17"}, {"date": "2018-08-31", "symbol": "AMPD.CN", "eps": -0.00129, "epsEstimated": null, "time": "bmo", "revenue": null, "revenueEstimated": null, "fiscalDateEnding": "2018-08-31", "updatedFromDate": "2023-10-17"}, {"date": "2018-08-31", "symbol": "MOJ.WA", "eps": 0.05291, "epsEstimated": null, "time": "bmo", "revenue": 10699000, "revenueEstimated": null, "fiscalDateEnding": "2018-06-29", "updatedFromDate": "2023-05-17"}, {"date": "2018-08-31", "symbol": "TERB.BR", "eps": null, "epsEstimated": null, "time": "bmo", "revenue": null, "revenueEstimated": null, "fiscalDateEnding": "2018-05-31", "updatedFromDate": "2023-05-17"}, {"date": "2018-08-31", "symbol": "200413.SZ", "eps": null, "epsEstimated": null, "time": "bmo", "revenue": null, "revenueEstimated": null, "fiscalDateEnding": "2018-06-30", "updatedFromDate": "2023-05-31"}, {"date": "2018-08-31", "symbol": "NBGIF", "eps": null, "epsEstimated": null, "time": "bmo", "revenue": null, "revenueEstimated": null, "fiscalDateEnding": "2018-06-30", "updatedFromDate": "2023-05-17"}, {"date": "2018-08-31", "symbol": "603810.SS", "eps": 0.4698, "epsEstimated": null, "time": "bmo", "revenue": 487811472.7, "revenueEstimated": null, "fiscalDateEnding": "2018-06-29", "updatedFromDate": "2023-05-17"}, {"date": "2018-08-31", "symbol": "SLM.AX", "eps": -0.05117, "epsEstimated": null, "time": "bmo", "revenue": 62546250, "revenueEstimated": null, "fiscalDateEnding": "2018-08-31", "updatedFromDate": "2023-10-16"}, {"date": "2018-08-31", "symbol": "ICO.ST", "eps": 0.0531, "epsEstimated": null, "time": "bmo", "revenue": 5466000, "revenueEstimated": null, "fiscalDateEnding": "2018-06-29", "updatedFromDate": "2023-05-17"}, {"date": "2018-08-31", "symbol": "600177.SS", "eps": 0.2, "epsEstimated": null, "time": "bmo", "revenue": 1903890701.75, "revenueEstimated": null, "fiscalDateEnding": "2018-06-29", "updatedFromDate": "2023-05-17"}, {"date": "2018-08-31", "symbol": "JUSH.CN", "eps": -0.00699, "epsEstimated": null, "time": "bmo", "revenue": null, "revenueEstimated": null, "fiscalDateEnding": "2018-08-31", "updatedFromDate": "2023-10-16"}, {"date": "2018-08-31", "symbol": "HBM.DE", "eps": 1.45, "epsEstimated": null, "time": "bmo", "revenue": 1087600000, "revenueEstimated": null, "fiscalDateEnding": "2018-08-31", "updatedFromDate": "2023-10-16"}, {"date": "2018-08-31", "symbol": "SKH.WA", "eps": 2.03, "epsEstimated": null, "time": "bmo", "revenue": 39791000, "revenueEstimated": null, "fiscalDateEnding": "2018-05-31", "updatedFromDate": "2023-10-16"}, {"date": "2018-08-31", "symbol": "RIINF", "eps": -0.00286, "epsEstimated": null, "time": "bmo", "revenue": null, "revenueEstimated": null, "fiscalDateEnding": "2018-08-31", "updatedFromDate": "2023-09-29"}, {"date": "2018-08-31", "symbol": "6532.T", "eps": 1.54, "epsEstimated": null, "time": "bmo", "revenue": 5422000000, "revenueEstimated": null, "fiscalDateEnding": "2018-08-31", "updatedFromDate": "2023-10-17"}, {"date": "2018-08-31", "symbol": "NBUD.CN", "eps": -0.00604, "epsEstimated": null, "time": "bmo", "revenue": null, "revenueEstimated": null, "fiscalDateEnding": "2018-08-31", "updatedFromDate": "2023-05-17"}, {"date": "2018-08-31", "symbol": "GRIN.CN", "eps": -0.03413, "epsEstimated": null, "time": "bmo", "revenue": null, "revenueEstimated": null, "fiscalDateEnding": "2018-08-31", "updatedFromDate": "2023-10-16"}, {"date": "2018-08-31", "symbol": "4291.SR", "eps": 0.4546, "epsEstimated": null, "time": "bmo", "revenue": 50734030, "revenueEstimated": null, "fiscalDateEnding": "2018-08-31", "updatedFromDate": "2023-05-17"}, {"date": "2018-08-31", "symbol": "VIVE.ST", "eps": -0.11574, "epsEstimated": null, "time": "bmo", "revenue": 128000, "revenueEstimated": null, "fiscalDateEnding": "2018-07-31", "updatedFromDate": "2023-10-16"}, {"date": "2018-08-31", "symbol": "1430.T", "eps": 23.71, "epsEstimated": null, "time": "bmo", "revenue": 4553851000, "revenueEstimated": null, "fiscalDateEnding": "2018-08-31", "updatedFromDate": "2023-10-17"}, {"date": "2018-08-31", "symbol": "LFST.V", "eps": -0.03065, "epsEstimated": null, "time": "bmo", "revenue": 3934150, "revenueEstimated": null, "fiscalDateEnding": "2018-08-31", "updatedFromDate": "2023-10-16"}, {"date": "2018-08-31", "symbol": "STW.ST", "eps": -0.5207, "epsEstimated": null, "time": "bmo", "revenue": null, "revenueEstimated": null, "fiscalDateEnding": "2018-08-31", "updatedFromDate": "2023-10-16"}, {"date": "2018-08-31", "symbol": "3686.TW", "eps": -5.81226, "epsEstimated": null, "time": "bmo", "revenue": 144131000, "revenueEstimated": null, "fiscalDateEnding": "2018-06-29", "updatedFromDate": "2023-05-17"}, {"date": "2018-08-31", "symbol": "OCI.AS", "eps": -0.189, "epsEstimated": null, "time": "bmo", "revenue": 792700000, "revenueEstimated": null, "fiscalDateEnding": "2018-06-29", "updatedFromDate": "2023-08-16"}, {"date": "2018-08-31", "symbol": "BOIVF", "eps": null, "epsEstimated": null, "time": "bmo", "revenue": null, "revenueEstimated": null, "fiscalDateEnding": "2018-06-30", "updatedFromDate": "2023-05-17"}, {"date": "2018-08-31", "symbol": "2001.HK", "eps": null, "epsEstimated": null, "time": "bmo", "revenue": null, "revenueEstimated": null, "fiscalDateEnding": "2018-05-31", "updatedFromDate": "2023-10-16"}, {"date": "2018-08-31", "symbol": "SGMD.V", "eps": 0.01001, "epsEstimated": null, "time": "bmo", "revenue": 920879, "revenueEstimated": null, "fiscalDateEnding": "2018-08-31", "updatedFromDate": "2023-10-16"}, {"date": "2018-08-31", "symbol": "3816.T", "eps": 12.25, "epsEstimated": null, "time": "bmo", "revenue": 566798000, "revenueEstimated": null, "fiscalDateEnding": "2018-07-31", "updatedFromDate": "2023-05-17"}, {"date": "2018-08-31", "symbol": "GOMX.ST", "eps": 0.59, "epsEstimated": 0.77, "time": "bmo", "revenue": 41821000, "revenueEstimated": null, "fiscalDateEnding": "2018-06-30", "updatedFromDate": "2023-08-25"}, {"date": "2018-08-31", "symbol": "YOJ.AX", "eps": -0.0011, "epsEstimated": null, "time": "bmo", "revenue": 127138, "revenueEstimated": null, "fiscalDateEnding": "2018-05-31", "updatedFromDate": "2023-10-17"}, {"date": "2018-08-31", "symbol": "BFAGY", "eps": -0.24, "epsEstimated": -0.19, "time": "bmo", "revenue": null, "revenueEstimated": null, "fiscalDateEnding": "2018-06-30", "updatedFromDate": "2023-08-16"}, {"date": "2018-08-31", "symbol": "CEA", "eps": 0.16, "epsEstimated": null, "time": "bmo", "revenue": null, "revenueEstimated": null, "fiscalDateEnding": "2018-06-29", "updatedFromDate": "2023-09-29"}, {"date": "2018-08-31", "symbol": "AMC.WA", "eps": 3.59, "epsEstimated": null, "time": "bmo", "revenue": 773093000, "revenueEstimated": null, "fiscalDateEnding": "2018-05-31", "updatedFromDate": "2023-05-17"}, {"date": "2018-08-31", "symbol": "9275.T", "eps": -18.97358, "epsEstimated": null, "time": "bmo", "revenue": 6607033000, "revenueEstimated": null, "fiscalDateEnding": "2018-08-31", "updatedFromDate": "2023-10-17"}, {"date": "2018-08-31", "symbol": "INTG", "eps": 2.2, "epsEstimated": null, "time": "bmo", "revenue": 18681000, "revenueEstimated": null, "fiscalDateEnding": "2018-06-29", "updatedFromDate": "2023-09-29"}, {"date": "2018-08-31", "symbol": "GGRM.JK", "eps": 864, "epsEstimated": 824.98, "time": "bmo", "revenue": 23324152000000, "revenueEstimated": null, "fiscalDateEnding": "2018-06-29", "updatedFromDate": "2023-08-16"}, {"date": "2018-08-31", "symbol": "UNI.WA", "eps": 0.07141, "epsEstimated": null, "time": "bmo", "revenue": 412466629.96, "revenueEstimated": null, "fiscalDateEnding": "2018-09-29", "updatedFromDate": "2023-05-17"}, {"date": "2018-08-31", "symbol": "ENENTO.HE", "eps": 0.3, "epsEstimated": 0.33, "time": "bmo", "revenue": 34100000, "revenueEstimated": null, "fiscalDateEnding": "2018-06-30", "updatedFromDate": "2023-08-16"}, {"date": "2018-08-31", "symbol": "CYB1.ST", "eps": -0.00153, "epsEstimated": null, "time": "bmo", "revenue": 5654000, "revenueEstimated": null, "fiscalDateEnding": "2018-06-29", "updatedFromDate": "2023-05-17"}, {"date": "2018-08-31", "symbol": "TOTO.JK", "eps": 5.93, "epsEstimated": null, "time": "bmo", "revenue": 536497991334, "revenueEstimated": null, "fiscalDateEnding": "2018-06-29", "updatedFromDate": "2023-05-17"}, {"date": "2018-08-31", "symbol": "BOL.PA", "eps": 0.0237, "epsEstimated": null, "time": "bmo", "revenue": 6071500000, "revenueEstimated": null, "fiscalDateEnding": "2018-05-31", "updatedFromDate": "2023-05-17"}, {"date": "2018-08-31", "symbol": "6578.T", "eps": 7.38, "epsEstimated": null, "time": "bmo", "revenue": 1220916000, "revenueEstimated": null, "fiscalDateEnding": "2018-08-31", "updatedFromDate": "2023-10-17"}, {"date": "2018-08-31", "symbol": "000712.SZ", "eps": -0.09629, "epsEstimated": null, "time": "bmo", "revenue": 178519911.31, "revenueEstimated": null, "fiscalDateEnding": "2018-06-29", "updatedFromDate": "2023-05-17"}, {"date": "2018-08-31", "symbol": "BWO.OL", "eps": 0.03, "epsEstimated": 0.015, "time": "bmo", "revenue": 222300000, "revenueEstimated": null, "fiscalDateEnding": "2018-05-31", "updatedFromDate": "2023-08-25"}, {"date": "2018-08-31", "symbol": "SZU.DE", "eps": 0.05975, "epsEstimated": null, "time": "bmo", "revenue": 1733500000, "revenueEstimated": null, "fiscalDateEnding": "2018-08-31", "updatedFromDate": "2023-10-17"}, {"date": "2018-08-31", "symbol": "RUPRF", "eps": -0.01048, "epsEstimated": null, "time": "bmo", "revenue": null, "revenueEstimated": null, "fiscalDateEnding": "2018-08-31", "updatedFromDate": "2023-10-16"}, {"date": "2018-08-31", "symbol": "TWMC", "eps": -4.46889, "epsEstimated": null, "time": "bmo", "revenue": 96600000, "revenueEstimated": null, "fiscalDateEnding": "2018-05-04", "updatedFromDate": "2023-05-17"}, {"date": "2018-08-31", "symbol": "600104.SS", "eps": 0.79, "epsEstimated": 0.77, "time": "bmo", "revenue": 225467811564.88, "revenueEstimated": null, "fiscalDateEnding": "2018-06-29", "updatedFromDate": "2023-08-16"}, {"date": "2018-08-31", "symbol": "TCAN.CN", "eps": -0.03594, "epsEstimated": null, "time": "bmo", "revenue": null, "revenueEstimated": null, "fiscalDateEnding": "2018-08-31", "updatedFromDate": "2023-05-17"}, {"date": "2018-08-31", "symbol": "1157.HK", "eps": 0.06, "epsEstimated": 0.11, "time": "bmo", "revenue": 8359819234.26, "revenueEstimated": null, "fiscalDateEnding": "2018-06-29", "updatedFromDate": "2023-08-16"}, {"date": "2018-08-31", "symbol": "CMR.WA", "eps": 2.23, "epsEstimated": null, "time": "bmo", "revenue": 345311000, "revenueEstimated": null, "fiscalDateEnding": "2018-05-31", "updatedFromDate": "2023-05-17"}, {"date": "2018-08-31", "symbol": "6552.T", "eps": 9.25, "epsEstimated": null, "time": "bmo", "revenue": 761606000, "revenueEstimated": null, "fiscalDateEnding": "2018-08-31", "updatedFromDate": "2023-10-16"}, {"date": "2018-08-31", "symbol": "600098.SS", "eps": 0.1209, "epsEstimated": null, "time": "bmo", "revenue": 6287765782.01, "revenueEstimated": null, "fiscalDateEnding": "2018-06-29", "updatedFromDate": "2023-05-17"}, {"date": "2018-08-31", "symbol": "BNGA.JK", "eps": 35.75, "epsEstimated": null, "time": "bmo", "revenue": 3834995000000, "revenueEstimated": null, "fiscalDateEnding": "2018-06-29", "updatedFromDate": "2023-05-17"}, {"date": "2018-08-31", "symbol": "NB.TO", "eps": -0.0674, "epsEstimated": null, "time": "bmo", "revenue": null, "revenueEstimated": null, "fiscalDateEnding": "2018-05-31", "updatedFromDate": "2023-10-16"}, {"date": "2018-08-31", "symbol": "300751.SZ", "eps": 0.561, "epsEstimated": null, "time": "bmo", "revenue": 169887876.63, "revenueEstimated": null, "fiscalDateEnding": "2018-06-29", "updatedFromDate": "2023-08-16"}, {"date": "2018-08-31", "symbol": "SEAG.CN", "eps": -0.00219, "epsEstimated": null, "time": "bmo", "revenue": null, "revenueEstimated": null, "fiscalDateEnding": "2018-08-31", "updatedFromDate": "2023-10-16"}, {"date": "2018-08-31", "symbol": "000670.SZ", "eps": null, "epsEstimated": null, "time": "bmo", "revenue": null, "revenueEstimated": null, "fiscalDateEnding": "2018-06-30", "updatedFromDate": "2023-05-17"}, {"date": "2018-08-31", "symbol": "AEGN.AT", "eps": null, "epsEstimated": null, "time": "bmo", "revenue": null, "revenueEstimated": null, "fiscalDateEnding": "2018-06-30", "updatedFromDate": "2023-05-17"}, {"date": "2018-08-31", "symbol": "CTO.DE", "eps": 2.36, "epsEstimated": null, "time": "bmo", "revenue": 44411000000, "revenueEstimated": null, "fiscalDateEnding": "2018-08-31", "updatedFromDate": "2023-10-09"}, {"date": "2018-08-31", "symbol": "600166.SS", "eps": -0.04426, "epsEstimated": null, "time": "bmo", "revenue": 12250864528.45, "revenueEstimated": null, "fiscalDateEnding": "2018-06-29", "updatedFromDate": "2023-05-17"}, {"date": "2018-08-31", "symbol": "SAS-DKK.CO", "eps": 3.35, "epsEstimated": 3.66, "time": "bmo", "revenue": 13146000000, "revenueEstimated": null, "fiscalDateEnding": "2018-07-31", "updatedFromDate": "2023-10-16"}, {"date": "2018-08-31", "symbol": "SVIN", "eps": -3.68552, "epsEstimated": null, "time": "--", "revenue": 7131000, "revenueEstimated": null, "fiscalDateEnding": "2018-08-31", "updatedFromDate": "2023-11-09"}, {"date": "2018-08-31", "symbol": "600887.SS", "eps": 0.22, "epsEstimated": 0.31, "time": "bmo", "revenue": 20189681797.78, "revenueEstimated": null, "fiscalDateEnding": "2018-06-30", "updatedFromDate": "2023-08-25"}, {"date": "2018-08-31", "symbol": "AWR.CN", "eps": -0.00764, "epsEstimated": null, "time": "bmo", "revenue": null, "revenueEstimated": null, "fiscalDateEnding": "2018-08-31", "updatedFromDate": "2023-10-16"}, {"date": "2018-08-31", "symbol": "000762.SZ", "eps": -0.0376, "epsEstimated": null, "time": "bmo", "revenue": 144142431.15, "revenueEstimated": null, "fiscalDateEnding": "2018-06-29", "updatedFromDate": "2023-05-17"}, {"date": "2018-08-31", "symbol": "600399.SS", "eps": -0.04338, "epsEstimated": null, "time": "bmo", "revenue": 1407488153.41, "revenueEstimated": null, "fiscalDateEnding": "2018-06-29", "updatedFromDate": "2023-05-17"}, {"date": "2018-08-31", "symbol": "000790.SZ", "eps": 0.00896, "epsEstimated": null, "time": "bmo", "revenue": 132865880.13, "revenueEstimated": null, "fiscalDateEnding": "2018-06-29", "updatedFromDate": "2023-05-17"}, {"date": "2018-08-31", "symbol": "GGNPF", "eps": 864, "epsEstimated": 824.98, "time": "bmo", "revenue": null, "revenueEstimated": null, "fiscalDateEnding": "2018-06-30", "updatedFromDate": "2023-05-17"}, {"date": "2018-08-31", "symbol": "GTWO.V", "eps": -0.00245, "epsEstimated": null, "time": "bmo", "revenue": null, "revenueEstimated": null, "fiscalDateEnding": "2018-08-31", "updatedFromDate": "2023-10-16"}, {"date": "2018-08-31", "symbol": "3558.T", "eps": 17.69, "epsEstimated": null, "time": "bmo", "revenue": 1476294000, "revenueEstimated": null, "fiscalDateEnding": "2018-08-31", "updatedFromDate": "2023-10-17"}, {"date": "2018-08-31", "symbol": "8131.HK", "eps": -0.00231, "epsEstimated": null, "time": "bmo", "revenue": 3209000, "revenueEstimated": null, "fiscalDateEnding": "2018-08-31", "updatedFromDate": "2023-05-17"}, {"date": "2018-08-31", "symbol": "NCLTY", "eps": 16.28, "epsEstimated": null, "time": "bmo", "revenue": 144046000000, "revenueEstimated": null, "fiscalDateEnding": "2018-08-31", "updatedFromDate": "2023-10-17"}, {"date": "2018-08-31", "symbol": "001896.SZ", "eps": -0.09629, "epsEstimated": null, "time": "bmo", "revenue": 1665260818.91, "revenueEstimated": null, "fiscalDateEnding": "2018-06-29", "updatedFromDate": "2023-05-17"}, {"date": "2018-08-31", "symbol": "000413.SZ", "eps": 0.07155, "epsEstimated": null, "time": "bmo", "revenue": 6464100191.22, "revenueEstimated": null, "fiscalDateEnding": "2018-06-29", "updatedFromDate": "2023-05-17"}, {"date": "2018-08-31", "symbol": "QQ.CN", "eps": -0.06765, "epsEstimated": null, "time": "bmo", "revenue": 284047, "revenueEstimated": null, "fiscalDateEnding": "2018-08-31", "updatedFromDate": "2023-10-16"}, {"date": "2018-08-31", "symbol": "000627.SZ", "eps": 0.03, "epsEstimated": null, "time": "bmo", "revenue": 1855341185.74, "revenueEstimated": null, "fiscalDateEnding": "2018-09-29", "updatedFromDate": "2023-05-17"}, {"date": "2018-08-31", "symbol": "1697.HK", "eps": null, "epsEstimated": null, "time": "bmo", "revenue": null, "revenueEstimated": null, "fiscalDateEnding": "2018-05-31", "updatedFromDate": "2023-05-17"}, {"date": "2018-08-31", "symbol": "CMP.WA", "eps": 0.639, "epsEstimated": null, "time": "bmo", "revenue": 153013000, "revenueEstimated": null, "fiscalDateEnding": "2018-05-31", "updatedFromDate": "2023-05-17"}, {"date": "2018-08-31", "symbol": "PRSI", "eps": 8.89, "epsEstimated": null, "time": "bmo", "revenue": 15131000, "revenueEstimated": null, "fiscalDateEnding": "2018-06-29", "updatedFromDate": "2023-09-29"}, {"date": "2018-08-31", "symbol": "PTTMF", "eps": null, "epsEstimated": null, "time": "bmo", "revenue": null, "revenueEstimated": null, "fiscalDateEnding": "2018-06-30", "updatedFromDate": "2023-05-17"}, {"date": "2018-08-31", "symbol": "000737.SZ", "eps": -0.12651, "epsEstimated": null, "time": "bmo", "revenue": 522981760.34, "revenueEstimated": null, "fiscalDateEnding": "2018-06-29", "updatedFromDate": "2023-05-17"}, {"date": "2018-08-31", "symbol": "HLLGY", "eps": 0.43, "epsEstimated": null, "time": "bmo", "revenue": 1786682000, "revenueEstimated": null, "fiscalDateEnding": "2018-08-31", "updatedFromDate": "2023-10-17"}, {"date": "2018-08-31", "symbol": "AGB2.DE", "eps": 0.21, "epsEstimated": null, "time": "bmo", "revenue": 630764000, "revenueEstimated": null, "fiscalDateEnding": "2018-08-31", "updatedFromDate": "2023-10-16"}, {"date": "2018-08-31", "symbol": "LRQ.WA", "eps": -1.54, "epsEstimated": null, "time": "bmo", "revenue": 120654.83, "revenueEstimated": null, "fiscalDateEnding": "2018-05-31", "updatedFromDate": "2023-05-17"}, {"date": "2018-08-31", "symbol": "VARN.SW", "eps": 0.698, "epsEstimated": null, "time": "bmo", "revenue": 19062959, "revenueEstimated": null, "fiscalDateEnding": "2018-06-29", "updatedFromDate": "2023-05-17"}, {"date": "2018-08-31", "symbol": "J.CN", "eps": -0.0042, "epsEstimated": null, "time": "bmo", "revenue": null, "revenueEstimated": null, "fiscalDateEnding": "2018-08-31", "updatedFromDate": "2023-05-17"}, {"date": "2018-08-31", "symbol": "4369.T", "eps": 59.39, "epsEstimated": 49.7, "time": "bmo", "revenue": 2073390000, "revenueEstimated": null, "fiscalDateEnding": "2018-05-31", "updatedFromDate": "2023-10-17"}, {"date": "2018-08-31", "symbol": "BET.AX", "eps": -0.00389, "epsEstimated": null, "time": "bmo", "revenue": 1539744.5, "revenueEstimated": null, "fiscalDateEnding": "2018-05-31", "updatedFromDate": "2023-10-17"}, {"date": "2018-08-31", "symbol": "FDX.DE", "eps": 3.1, "epsEstimated": null, "time": "bmo", "revenue": 17052000000, "revenueEstimated": null, "fiscalDateEnding": "2018-08-31", "updatedFromDate": "2023-10-17"}, {"date": "2018-08-31", "symbol": "MPCC.OL", "eps": 0.02, "epsEstimated": 0.06, "time": "bmo", "revenue": 55799000, "revenueEstimated": null, "fiscalDateEnding": "2018-05-31", "updatedFromDate": "2023-05-17"}, {"date": "2018-08-31", "symbol": "601500.SS", "eps": 0.0501, "epsEstimated": null, "time": "bmo", "revenue": 919645004.66, "revenueEstimated": null, "fiscalDateEnding": "2018-06-29", "updatedFromDate": "2023-05-17"}, {"date": "2018-08-31", "symbol": "GDL.TO", "eps": 0.2328, "epsEstimated": null, "time": "bmo", "revenue": 132455000, "revenueEstimated": null, "fiscalDateEnding": "2018-08-31", "updatedFromDate": "2023-10-16"}, {"date": "2018-08-31", "symbol": "AMLI", "eps": -0.04595, "epsEstimated": null, "time": "bmo", "revenue": null, "revenueEstimated": null, "fiscalDateEnding": "2018-08-31", "updatedFromDate": "2023-09-29"}, {"date": "2018-08-31", "symbol": "VOX.WA", "eps": 0.61, "epsEstimated": null, "time": "bmo", "revenue": 38518400, "revenueEstimated": null, "fiscalDateEnding": "2018-05-31", "updatedFromDate": "2023-05-17"}, {"date": "2018-08-31", "symbol": "RVR.AX", "eps": 0.00014, "epsEstimated": null, "time": "bmo", "revenue": 12783750, "revenueEstimated": null, "fiscalDateEnding": "2018-06-29", "updatedFromDate": "2023-05-17"}, {"date": "2018-08-31", "symbol": "NIOBF", "eps": -0.77964, "epsEstimated": null, "time": "bmo", "revenue": null, "revenueEstimated": null, "fiscalDateEnding": "2018-06-29", "updatedFromDate": "2023-05-17"}, {"date": "2018-08-31", "symbol": "ZUGN.SW", "eps": null, "epsEstimated": null, "time": "bmo", "revenue": null, "revenueEstimated": null, "fiscalDateEnding": "2018-05-31", "updatedFromDate": "2023-05-17"}, {"date": "2018-08-31", "symbol": "GGG.V", "eps": -0.02517, "epsEstimated": null, "time": "bmo", "revenue": 209537, "revenueEstimated": null, "fiscalDateEnding": "2018-08-31", "updatedFromDate": "2023-10-16"}, {"date": "2018-08-31", "symbol": "GPHBF", "eps": -0.02517, "epsEstimated": null, "time": "amc", "revenue": 209537, "revenueEstimated": null, "fiscalDateEnding": "2018-08-31", "updatedFromDate": "2023-09-29"}, {"date": "2018-08-31", "symbol": "000936.SZ", "eps": 0.06696, "epsEstimated": null, "time": "bmo", "revenue": 664407966.2, "revenueEstimated": null, "fiscalDateEnding": "2018-06-29", "updatedFromDate": "2023-05-17"}, {"date": "2018-08-31", "symbol": "2845.TW", "eps": 0.2616, "epsEstimated": null, "time": "bmo", "revenue": 2846323000, "revenueEstimated": null, "fiscalDateEnding": "2018-06-29", "updatedFromDate": "2023-05-17"}, {"date": "2018-08-31", "symbol": "6196.T", "eps": 10.42, "epsEstimated": null, "time": "bmo", "revenue": 924220000, "revenueEstimated": null, "fiscalDateEnding": "2018-08-31", "updatedFromDate": "2023-05-17"}, {"date": "2018-08-31", "symbol": "NEA.MC", "eps": 0.00998, "epsEstimated": null, "time": "bmo", "revenue": 71679000, "revenueEstimated": null, "fiscalDateEnding": "2018-05-31", "updatedFromDate": "2023-05-17"}, {"date": "2018-08-31", "symbol": "MDC.AX", "eps": -1.45199, "epsEstimated": null, "time": "bmo", "revenue": 1357994, "revenueEstimated": null, "fiscalDateEnding": "2018-05-31", "updatedFromDate": "2023-10-16"}, {"date": "2018-08-31", "symbol": "000540.SZ", "eps": 0.01312, "epsEstimated": null, "time": "bmo", "revenue": 18184223754.87, "revenueEstimated": null, "fiscalDateEnding": "2018-06-30", "updatedFromDate": "2023-11-08"}, {"date": "2018-08-31", "symbol": "AJA-B.ST", "eps": 29.81, "epsEstimated": null, "time": "bmo", "revenue": 38275000, "revenueEstimated": null, "fiscalDateEnding": "2018-06-29", "updatedFromDate": "2023-05-17"}, {"date": "2018-08-31", "symbol": "000957.SZ", "eps": 0.04896, "epsEstimated": null, "time": "bmo", "revenue": 1537498327.27, "revenueEstimated": null, "fiscalDateEnding": "2018-06-29", "updatedFromDate": "2023-05-17"}, {"date": "2018-08-31", "symbol": "BNCH.V", "eps": -0.02094, "epsEstimated": null, "time": "bmo", "revenue": null, "revenueEstimated": null, "fiscalDateEnding": "2018-08-31", "updatedFromDate": "2023-10-17"}, {"date": "2018-08-31", "symbol": "CBP.CN", "eps": -0.00777, "epsEstimated": null, "time": "bmo", "revenue": 279960, "revenueEstimated": null, "fiscalDateEnding": "2018-08-31", "updatedFromDate": "2023-10-17"}, {"date": "2018-08-31", "symbol": "CCC.CN", "eps": -0.16711, "epsEstimated": null, "time": "bmo", "revenue": null, "revenueEstimated": null, "fiscalDateEnding": "2018-08-31", "updatedFromDate": "2023-10-17"}, {"date": "2018-08-31", "symbol": "000679.SZ", "eps": -0.236, "epsEstimated": null, "time": "bmo", "revenue": 289037902.43, "revenueEstimated": null, "fiscalDateEnding": "2018-09-29", "updatedFromDate": "2023-05-17"}, {"date": "2018-08-31", "symbol": "FAF.TO", "eps": -1.08532, "epsEstimated": null, "time": "bmo", "revenue": null, "revenueEstimated": null, "fiscalDateEnding": "2018-08-31", "updatedFromDate": "2023-10-16"}, {"date": "2018-08-31", "symbol": "CANF", "eps": -9, "epsEstimated": null, "time": "bmo", "revenue": 270000, "revenueEstimated": null, "fiscalDateEnding": "2018-06-30", "updatedFromDate": "2023-09-29"}, {"date": "2018-08-31", "symbol": "SJJ.DE", "eps": -0.0051, "epsEstimated": null, "time": "bmo", "revenue": 11409290, "revenueEstimated": null, "fiscalDateEnding": "2018-08-31", "updatedFromDate": "2023-05-17"}, {"date": "2018-08-31", "symbol": "000616.SZ", "eps": -0.02557, "epsEstimated": null, "time": "bmo", "revenue": 75005656.5, "revenueEstimated": null, "fiscalDateEnding": "2018-06-29", "updatedFromDate": "2023-05-17"}, {"date": "2018-08-31", "symbol": "DMC.AX", "eps": null, "epsEstimated": null, "time": "bmo", "revenue": null, "revenueEstimated": null, "fiscalDateEnding": "2018-09-30", "updatedFromDate": "2023-05-17"}, {"date": "2018-08-31", "symbol": "AEP.V", "eps": -0.00181, "epsEstimated": null, "time": "bmo", "revenue": 5083058, "revenueEstimated": null, "fiscalDateEnding": "2018-08-31", "updatedFromDate": "2023-08-16"}, {"date": "2018-08-31", "symbol": "NEXCF", "eps": -0.01408, "epsEstimated": null, "time": "amc", "revenue": 22544, "revenueEstimated": null, "fiscalDateEnding": "2018-08-31", "updatedFromDate": "2023-09-29"}, {"date": "2018-08-31", "symbol": "HP.CN", "eps": -0.01215, "epsEstimated": null, "time": "bmo", "revenue": null, "revenueEstimated": null, "fiscalDateEnding": "2018-08-31", "updatedFromDate": "2023-10-17"}, {"date": "2018-08-31", "symbol": "2834.TW", "eps": 0.2707, "epsEstimated": null, "time": "bmo", "revenue": 6033523000, "revenueEstimated": null, "fiscalDateEnding": "2018-06-30", "updatedFromDate": "2023-08-25"}, {"date": "2018-08-31", "symbol": "ECMPA.AS", "eps": 0.48, "epsEstimated": 0.54, "time": "bmo", "revenue": 57161000, "revenueEstimated": null, "fiscalDateEnding": "2018-06-30", "updatedFromDate": "2023-10-16"}, {"date": "2018-08-31", "symbol": "IS.ST", "eps": -0.02416, "epsEstimated": null, "time": "bmo", "revenue": 42500000, "revenueEstimated": null, "fiscalDateEnding": "2018-06-29", "updatedFromDate": "2023-05-17"}, {"date": "2018-08-31", "symbol": "2488.HK", "eps": null, "epsEstimated": null, "time": "bmo", "revenue": null, "revenueEstimated": null, "fiscalDateEnding": "2018-05-31", "updatedFromDate": "2023-05-17"}, {"date": "2018-08-31", "symbol": "601186.SS", "eps": 0.29, "epsEstimated": 0.3, "time": "bmo", "revenue": 177332202000, "revenueEstimated": null, "fiscalDateEnding": "2018-06-29", "updatedFromDate": "2023-05-17"}, {"date": "2018-08-31", "symbol": "AIRYY", "eps": 0.2, "epsEstimated": null, "time": "bmo", "revenue": 136774403000, "revenueEstimated": null, "fiscalDateEnding": "2018-06-30", "updatedFromDate": "2023-09-29"}, {"date": "2018-08-31", "symbol": "8427.HK", "eps": -0.00648, "epsEstimated": null, "time": "bmo", "revenue": 8319000, "revenueEstimated": null, "fiscalDateEnding": "2018-08-31", "updatedFromDate": "2023-10-17"}, {"date": "2018-08-31", "symbol": "PCX.DE", "eps": 0.674, "epsEstimated": null, "time": "bmo", "revenue": 862800000, "revenueEstimated": null, "fiscalDateEnding": "2018-08-31", "updatedFromDate": "2023-10-17"}, {"date": "2018-08-31", "symbol": "000036.SZ", "eps": 0.1854, "epsEstimated": null, "time": "bmo", "revenue": 953524092.72, "revenueEstimated": null, "fiscalDateEnding": "2018-06-29", "updatedFromDate": "2023-05-17"}, {"date": "2018-08-31", "symbol": "ZC.V", "eps": -0.11052, "epsEstimated": null, "time": "bmo", "revenue": 761449, "revenueEstimated": null, "fiscalDateEnding": "2018-08-31", "updatedFromDate": "2023-10-16"}, {"date": "2018-08-31", "symbol": "000839.SZ", "eps": -0.0115, "epsEstimated": null, "time": "bmo", "revenue": 884418207.27, "revenueEstimated": null, "fiscalDateEnding": "2018-06-29", "updatedFromDate": "2023-05-17"}, {"date": "2018-08-31", "symbol": "OGI", "eps": 0.141, "epsEstimated": null, "time": "bmo", "revenue": 2327000, "revenueEstimated": null, "fiscalDateEnding": "2018-08-31", "updatedFromDate": "2023-09-29"}, {"date": "2018-08-31", "symbol": "AUSAF", "eps": null, "epsEstimated": null, "time": "amc", "revenue": null, "revenueEstimated": null, "fiscalDateEnding": "2018-05-31", "updatedFromDate": "2023-10-16"}, {"date": "2018-08-31", "symbol": "600405.SS", "eps": 0.002, "epsEstimated": null, "time": "bmo", "revenue": 256187596.56, "revenueEstimated": null, "fiscalDateEnding": "2018-05-31", "updatedFromDate": "2023-05-17"}, {"date": "2018-08-31", "symbol": "PUMA.V", "eps": -0.01832, "epsEstimated": null, "time": "bmo", "revenue": null, "revenueEstimated": null, "fiscalDateEnding": "2018-08-31", "updatedFromDate": "2023-10-16"}, {"date": "2018-08-31", "symbol": "VR.CN", "eps": -0.08305, "epsEstimated": null, "time": "bmo", "revenue": null, "revenueEstimated": null, "fiscalDateEnding": "2018-08-31", "updatedFromDate": "2023-10-16"}, {"date": "2018-08-31", "symbol": "IRAVF", "eps": null, "epsEstimated": null, "time": "bmo", "revenue": null, "revenueEstimated": null, "fiscalDateEnding": "2018-06-30", "updatedFromDate": "2023-05-17"}, {"date": "2018-08-31", "symbol": "000601.SZ", "eps": 0.09516, "epsEstimated": null, "time": "bmo", "revenue": 919319731.06, "revenueEstimated": null, "fiscalDateEnding": "2018-06-29", "updatedFromDate": "2023-05-17"}, {"date": "2018-08-31", "symbol": "PDO.CN", "eps": -0.07465, "epsEstimated": null, "time": "bmo", "revenue": 178285, "revenueEstimated": null, "fiscalDateEnding": "2018-08-31", "updatedFromDate": "2023-10-16"}, {"date": "2018-08-31", "symbol": "BSSMF", "eps": null, "epsEstimated": null, "time": "bmo", "revenue": null, "revenueEstimated": null, "fiscalDateEnding": "2018-09-30", "updatedFromDate": "2023-05-17"}, {"date": "2018-08-31", "symbol": "2012.TW", "eps": 0.3619, "epsEstimated": null, "time": "bmo", "revenue": 2395323000, "revenueEstimated": null, "fiscalDateEnding": "2018-06-30", "updatedFromDate": "2023-08-17"}, {"date": "2018-08-31", "symbol": "3770.T", "eps": -17.03, "epsEstimated": null, "time": "bmo", "revenue": 995476000, "revenueEstimated": null, "fiscalDateEnding": "2018-05-31", "updatedFromDate": "2023-10-17"}, {"date": "2018-08-31", "symbol": "WPAY.ST", "eps": -0.02928, "epsEstimated": null, "time": "bmo", "revenue": 22437000, "revenueEstimated": null, "fiscalDateEnding": "2018-06-30", "updatedFromDate": "2023-10-16"}, {"date": "2018-08-31", "symbol": "CMI.V", "eps": 0.00753, "epsEstimated": null, "time": "bmo", "revenue": 2721913, "revenueEstimated": null, "fiscalDateEnding": "2018-08-31", "updatedFromDate": "2023-05-17"}, {"date": "2018-08-31", "symbol": "WORLD.BK", "eps": -0.00023, "epsEstimated": null, "time": "bmo", "revenue": 2950000, "revenueEstimated": null, "fiscalDateEnding": "2018-08-31", "updatedFromDate": "2023-10-16"}, {"date": "2018-08-31", "symbol": "000156.SZ", "eps": 0.1128, "epsEstimated": null, "time": "bmo", "revenue": 793648264.2, "revenueEstimated": null, "fiscalDateEnding": "2018-06-29", "updatedFromDate": "2023-05-17"}, {"date": "2018-08-31", "symbol": "8057.T", "eps": -24.75, "epsEstimated": null, "time": "bmo", "revenue": 34194000000, "revenueEstimated": null, "fiscalDateEnding": "2018-07-31", "updatedFromDate": "2023-05-17"}, {"date": "2018-08-31", "symbol": "600787.SS", "eps": 0.03, "epsEstimated": null, "time": "bmo", "revenue": 8263191427.57, "revenueEstimated": null, "fiscalDateEnding": "2018-06-29", "updatedFromDate": "2023-05-17"}, {"date": "2018-08-31", "symbol": "600185.SS", "eps": 0.04136, "epsEstimated": null, "time": "bmo", "revenue": 328909371.15, "revenueEstimated": null, "fiscalDateEnding": "2018-06-29", "updatedFromDate": "2023-05-17"}, {"date": "2018-08-31", "symbol": "KSPN", "eps": -4.29626, "epsEstimated": null, "time": "amc", "revenue": 80150000, "revenueEstimated": null, "fiscalDateEnding": "2018-05-31", "updatedFromDate": "2023-10-10"}, {"date": "2018-08-31", "symbol": "600571.SS", "eps": 0.01, "epsEstimated": null, "time": "bmo", "revenue": 318449191.17, "revenueEstimated": null, "fiscalDateEnding": "2018-06-29", "updatedFromDate": "2023-05-17"}, {"date": "2018-08-31", "symbol": "2930.T", "eps": 2.51, "epsEstimated": null, "time": "bmo", "revenue": 2042580000, "revenueEstimated": null, "fiscalDateEnding": "2018-08-31", "updatedFromDate": "2023-10-17"}, {"date": "2018-08-31", "symbol": "TRUHF", "eps": null, "epsEstimated": null, "time": "bmo", "revenue": null, "revenueEstimated": null, "fiscalDateEnding": "2018-06-30", "updatedFromDate": "2023-08-16"}, {"date": "2018-08-31", "symbol": "PILL.CN", "eps": -0.01767, "epsEstimated": null, "time": "bmo", "revenue": 10000, "revenueEstimated": null, "fiscalDateEnding": "2018-08-31", "updatedFromDate": "2023-10-16"}, {"date": "2018-08-31", "symbol": "SPOFF", "eps": -0.00643, "epsEstimated": null, "time": "bmo", "revenue": null, "revenueEstimated": null, "fiscalDateEnding": "2018-08-31", "updatedFromDate": "2023-05-17"}, {"date": "2018-08-31", "symbol": "PERU.V", "eps": -0.03293, "epsEstimated": null, "time": "bmo", "revenue": null, "revenueEstimated": null, "fiscalDateEnding": "2018-08-31", "updatedFromDate": "2023-10-16"}, {"date": "2018-08-31", "symbol": "PCLO.V", "eps": -0.18231, "epsEstimated": null, "time": "bmo", "revenue": null, "revenueEstimated": null, "fiscalDateEnding": "2018-08-31", "updatedFromDate": "2023-10-16"}, {"date": "2018-08-31", "symbol": "ORI.CN", "eps": -0.28037, "epsEstimated": null, "time": "bmo", "revenue": null, "revenueEstimated": null, "fiscalDateEnding": "2018-08-31", "updatedFromDate": "2023-10-17"}, {"date": "2018-08-31", "symbol": "B2H.OL", "eps": 0.44, "epsEstimated": 0.44, "time": "bmo", "revenue": 534859000, "revenueEstimated": null, "fiscalDateEnding": "2018-06-29", "updatedFromDate": "2023-05-17"}, {"date": "2018-08-31", "symbol": "OGI.TO", "eps": 0.1193, "epsEstimated": null, "time": "bmo", "revenue": 2327000, "revenueEstimated": null, "fiscalDateEnding": "2018-08-31", "updatedFromDate": "2023-10-16"}, {"date": "2018-08-31", "symbol": "600928.SS", "eps": 0.1464, "epsEstimated": null, "time": "bmo", "revenue": 1375797972, "revenueEstimated": null, "fiscalDateEnding": "2018-06-30", "updatedFromDate": "2023-05-17"}, {"date": "2018-08-31", "symbol": "CONCHATORO.SN", "eps": 18.12, "epsEstimated": 13.77, "time": "bmo", "revenue": null, "revenueEstimated": null, "fiscalDateEnding": "2018-06-30", "updatedFromDate": "2023-08-16"}, {"date": "2018-08-31", "symbol": "FTMRQ", "eps": -0.00334, "epsEstimated": null, "time": "bmo", "revenue": null, "revenueEstimated": null, "fiscalDateEnding": "2018-08-31", "updatedFromDate": "2023-10-17"}, {"date": "2018-08-31", "symbol": "BLLG.CN", "eps": 0, "epsEstimated": null, "time": "bmo", "revenue": null, "revenueEstimated": null, "fiscalDateEnding": "2018-08-31", "updatedFromDate": "2023-10-16"}, {"date": "2018-08-31", "symbol": "ACT.CN", "eps": -0.00526, "epsEstimated": null, "time": "bmo", "revenue": 20000, "revenueEstimated": null, "fiscalDateEnding": "2018-08-31", "updatedFromDate": "2023-10-17"}, {"date": "2018-08-31", "symbol": "CG1.AX", "eps": -0.01919, "epsEstimated": null, "time": "bmo", "revenue": 4513045.75, "revenueEstimated": null, "fiscalDateEnding": "2018-05-31", "updatedFromDate": "2023-10-17"}, {"date": "2018-08-31", "symbol": "ORC.DE", "eps": 0.566, "epsEstimated": null, "time": "bmo", "revenue": 9193000000, "revenueEstimated": null, "fiscalDateEnding": "2018-08-31", "updatedFromDate": "2023-10-17"}, {"date": "2018-08-31", "symbol": "BPIRF", "eps": 0.06, "epsEstimated": 0.00632, "time": "bmo", "revenue": null, "revenueEstimated": null, "fiscalDateEnding": "2018-06-30", "updatedFromDate": "2023-05-17"}, {"date": "2018-08-31", "symbol": "NKE.NE", "eps": 0.668, "epsEstimated": null, "time": "bmo", "revenue": 9948000000, "revenueEstimated": null, "fiscalDateEnding": "2018-08-31", "updatedFromDate": "2023-10-16"}, {"date": "2018-08-31", "symbol": "NVX.V", "eps": -0.00521, "epsEstimated": null, "time": "bmo", "revenue": null, "revenueEstimated": null, "fiscalDateEnding": "2018-08-31", "updatedFromDate": "2023-10-16"}, {"date": "2018-08-31", "symbol": "603586.SS", "eps": 0.1116, "epsEstimated": null, "time": "bmo", "revenue": 364065210.93, "revenueEstimated": null, "fiscalDateEnding": "2018-06-29", "updatedFromDate": "2023-05-17"}, {"date": "2018-08-31", "symbol": "600163.SS", "eps": 0.021, "epsEstimated": null, "time": "bmo", "revenue": 108164837.92, "revenueEstimated": null, "fiscalDateEnding": "2018-05-31", "updatedFromDate": "2023-05-17"}, {"date": "2018-08-31", "symbol": "SASDF", "eps": 3.35, "epsEstimated": 3.66, "time": "bmo", "revenue": null, "revenueEstimated": null, "fiscalDateEnding": "2018-06-30", "updatedFromDate": "2023-05-17"}, {"date": "2018-08-31", "symbol": "NDAT.CN", "eps": -0.00028, "epsEstimated": null, "time": "bmo", "revenue": 38818, "revenueEstimated": null, "fiscalDateEnding": "2018-08-31", "updatedFromDate": "2023-10-17"}, {"date": "2018-08-31", "symbol": "GAME.V", "eps": -80.86433, "epsEstimated": null, "time": "bmo", "revenue": 1529181, "revenueEstimated": null, "fiscalDateEnding": "2018-08-31", "updatedFromDate": "2023-10-16"}, {"date": "2018-08-31", "symbol": "VIN.CN", "eps": -0.00634, "epsEstimated": null, "time": "bmo", "revenue": null, "revenueEstimated": null, "fiscalDateEnding": "2018-08-31", "updatedFromDate": "2023-10-17"}, {"date": "2018-08-31", "symbol": "000410.SZ", "eps": 0.00919, "epsEstimated": null, "time": "bmo", "revenue": 1700528241.78, "revenueEstimated": null, "fiscalDateEnding": "2018-06-29", "updatedFromDate": "2023-05-17"}, {"date": "2018-08-31", "symbol": "RIPLEY.SN", "eps": 2.67, "epsEstimated": null, "time": "bmo", "revenue": 387476614000, "revenueEstimated": null, "fiscalDateEnding": "2018-05-31", "updatedFromDate": "2023-08-17"}, {"date": "2018-08-31", "symbol": "NTAR.CN", "eps": -0.01408, "epsEstimated": null, "time": "bmo", "revenue": 22544, "revenueEstimated": null, "fiscalDateEnding": "2018-08-31", "updatedFromDate": "2023-10-16"}, {"date": "2018-08-31", "symbol": "NWST.V", "eps": -0.00304, "epsEstimated": null, "time": "bmo", "revenue": null, "revenueEstimated": null, "fiscalDateEnding": "2018-08-31", "updatedFromDate": "2023-10-16"}, {"date": "2018-08-31", "symbol": "8013.HK", "eps": -0.00118, "epsEstimated": null, "time": "bmo", "revenue": 20554000, "revenueEstimated": null, "fiscalDateEnding": "2018-08-31", "updatedFromDate": "2023-10-16"}, {"date": "2018-08-31", "symbol": "TTX.CN", "eps": -0.00516, "epsEstimated": null, "time": "bmo", "revenue": null, "revenueEstimated": null, "fiscalDateEnding": "2018-08-31", "updatedFromDate": "2023-10-17"}, {"date": "2018-08-31", "symbol": "OCO.V", "eps": -0.00345, "epsEstimated": null, "time": "bmo", "revenue": null, "revenueEstimated": null, "fiscalDateEnding": "2018-08-31", "updatedFromDate": "2023-10-17"}, {"date": "2018-08-31", "symbol": "BICO.ST", "eps": 0.03466, "epsEstimated": null, "time": "bmo", "revenue": 16681000, "revenueEstimated": null, "fiscalDateEnding": "2018-08-31", "updatedFromDate": "2023-10-16"}, {"date": "2018-08-31", "symbol": "KRUS", "eps": 0.124, "epsEstimated": null, "time": "amc", "revenue": 14645000, "revenueEstimated": null, "fiscalDateEnding": "2018-08-31", "updatedFromDate": "2023-09-29"}, {"date": "2018-08-31", "symbol": "REVO.V", "eps": -0.00552, "epsEstimated": null, "time": "bmo", "revenue": 314565, "revenueEstimated": null, "fiscalDateEnding": "2018-08-31", "updatedFromDate": "2023-10-17"}, {"date": "2018-08-31", "symbol": "000422.SZ", "eps": 0.744, "epsEstimated": null, "time": "bmo", "revenue": 3855903431.24, "revenueEstimated": null, "fiscalDateEnding": "2018-06-29", "updatedFromDate": "2023-05-17"}, {"date": "2018-08-31", "symbol": "300675.SZ", "eps": null, "epsEstimated": null, "time": "bmo", "revenue": null, "revenueEstimated": null, "fiscalDateEnding": "2018-06-30", "updatedFromDate": "2023-05-17"}, {"date": "2018-08-31", "symbol": "RAD.CN", "eps": -0.00246, "epsEstimated": null, "time": "bmo", "revenue": null, "revenueEstimated": null, "fiscalDateEnding": "2018-08-31", "updatedFromDate": "2023-10-17"}, {"date": "2018-08-31", "symbol": "603363.SS", "eps": 0.00453, "epsEstimated": null, "time": "bmo", "revenue": 1381302451.81, "revenueEstimated": null, "fiscalDateEnding": "2018-06-29", "updatedFromDate": "2023-05-17"}, {"date": "2018-08-31", "symbol": "NERD.CN", "eps": -0.00436, "epsEstimated": null, "time": "bmo", "revenue": 2067517, "revenueEstimated": null, "fiscalDateEnding": "2018-08-31", "updatedFromDate": "2023-10-17"}, {"date": "2018-08-31", "symbol": "W8A.DE", "eps": 1.55, "epsEstimated": null, "time": "bmo", "revenue": 33442000000, "revenueEstimated": null, "fiscalDateEnding": "2018-08-31", "updatedFromDate": "2023-10-16"}, {"date": "2018-08-31", "symbol": "603936.SS", "eps": 0.08932, "epsEstimated": null, "time": "bmo", "revenue": 472329577.52, "revenueEstimated": null, "fiscalDateEnding": "2018-06-29", "updatedFromDate": "2023-08-16"}, {"date": "2018-08-31", "symbol": "BIG", "eps": 0.59, "epsEstimated": 0.67, "time": "bmo", "revenue": 1295796000, "revenueEstimated": 1387922033.8983052, "fiscalDateEnding": "2018-05-31", "updatedFromDate": "2023-10-10"}, {"date": "2018-08-31", "symbol": "000593.SZ", "eps": 0.022, "epsEstimated": null, "time": "bmo", "revenue": 158026104, "revenueEstimated": null, "fiscalDateEnding": "2018-09-29", "updatedFromDate": "2023-05-17"}, {"date": "2018-08-31", "symbol": "LXENF", "eps": -0.01878, "epsEstimated": null, "time": "bmo", "revenue": null, "revenueEstimated": null, "fiscalDateEnding": "2018-08-31", "updatedFromDate": "2023-10-17"}, {"date": "2018-08-31", "symbol": "LI.V", "eps": -0.04595, "epsEstimated": null, "time": "bmo", "revenue": null, "revenueEstimated": null, "fiscalDateEnding": "2018-08-31", "updatedFromDate": "2023-10-17"}, {"date": "2018-08-31", "symbol": "FENX.CN", "eps": -0.00357, "epsEstimated": null, "time": "bmo", "revenue": null, "revenueEstimated": null, "fiscalDateEnding": "2018-08-31", "updatedFromDate": "2023-10-17"}, {"date": "2018-08-31", "symbol": "NKE.DE", "eps": 0.668, "epsEstimated": null, "time": "bmo", "revenue": 9948000000, "revenueEstimated": null, "fiscalDateEnding": "2018-08-31", "updatedFromDate": "2023-10-17"}, {"date": "2018-08-31", "symbol": "3996.T", "eps": 7.71, "epsEstimated": null, "time": "bmo", "revenue": 789869000, "revenueEstimated": null, "fiscalDateEnding": "2018-08-31", "updatedFromDate": "2023-10-17"}, {"date": "2018-08-31", "symbol": "ESK.V", "eps": -0.00165, "epsEstimated": null, "time": "bmo", "revenue": null, "revenueEstimated": null, "fiscalDateEnding": "2018-08-31", "updatedFromDate": "2023-10-17"}, {"date": "2018-08-31", "symbol": "000016.SZ", "eps": 0.119, "epsEstimated": null, "time": "bmo", "revenue": 9852176039.99, "revenueEstimated": null, "fiscalDateEnding": "2018-06-29", "updatedFromDate": "2023-05-17"}, {"date": "2018-08-31", "symbol": "600811.SS", "eps": 0.09668, "epsEstimated": null, "time": "bmo", "revenue": 2544513316.58, "revenueEstimated": null, "fiscalDateEnding": "2018-06-29", "updatedFromDate": "2023-05-17"}, {"date": "2018-08-31", "symbol": "AAG.V", "eps": -0.00665, "epsEstimated": null, "time": "bmo", "revenue": null, "revenueEstimated": null, "fiscalDateEnding": "2018-08-31", "updatedFromDate": "2023-10-17"}, {"date": "2018-08-31", "symbol": "AUSA.CN", "eps": -0.00462, "epsEstimated": null, "time": "bmo", "revenue": -2129, "revenueEstimated": null, "fiscalDateEnding": "2018-05-31", "updatedFromDate": "2023-10-16"}, {"date": "2018-08-31", "symbol": "FLC.AX", "eps": null, "epsEstimated": null, "time": "bmo", "revenue": null, "revenueEstimated": null, "fiscalDateEnding": "2018-05-31", "updatedFromDate": "2023-05-17"}, {"date": "2018-08-31", "symbol": "APGO.V", "eps": -0.00177, "epsEstimated": null, "time": "bmo", "revenue": null, "revenueEstimated": null, "fiscalDateEnding": "2018-08-31", "updatedFromDate": "2023-10-16"}, {"date": "2018-08-31", "symbol": "SAGA.OL", "eps": null, "epsEstimated": null, "time": "bmo", "revenue": null, "revenueEstimated": null, "fiscalDateEnding": "2018-06-30", "updatedFromDate": "2023-05-17"}, {"date": "2018-08-31", "symbol": "VML.V", "eps": -0.00685, "epsEstimated": null, "time": "bmo", "revenue": null, "revenueEstimated": null, "fiscalDateEnding": "2018-08-31", "updatedFromDate": "2023-10-16"}, {"date": "2018-08-31", "symbol": "300629.SZ", "eps": null, "epsEstimated": null, "time": "bmo", "revenue": null, "revenueEstimated": null, "fiscalDateEnding": "2018-06-30", "updatedFromDate": "2023-05-17"}, {"date": "2018-08-31", "symbol": "601860.SS", "eps": 0.1111, "epsEstimated": null, "time": "bmo", "revenue": 1003168471.75, "revenueEstimated": null, "fiscalDateEnding": "2018-06-29", "updatedFromDate": "2023-05-17"}, {"date": "2018-08-31", "symbol": "NOB.V", "eps": -0.00684, "epsEstimated": null, "time": "bmo", "revenue": null, "revenueEstimated": null, "fiscalDateEnding": "2018-08-31", "updatedFromDate": "2023-10-16"}, {"date": "2018-08-31", "symbol": "SUPV", "eps": 0.13, "epsEstimated": 0.37, "time": "bmo", "revenue": 4747753000, "revenueEstimated": 336000, "fiscalDateEnding": "2018-06-30", "updatedFromDate": "2023-09-29"}, {"date": "2018-08-31", "symbol": "0732.HK", "eps": 0.01178, "epsEstimated": null, "time": "bmo", "revenue": 4940610500, "revenueEstimated": null, "fiscalDateEnding": "2018-05-31", "updatedFromDate": "2023-08-16"}, {"date": "2018-08-31", "symbol": "2855.TW", "eps": 0.632, "epsEstimated": null, "time": "bmo", "revenue": 2150324000, "revenueEstimated": null, "fiscalDateEnding": "2018-06-29", "updatedFromDate": "2023-05-17"}, {"date": "2018-08-31", "symbol": "GW1.AX", "eps": null, "epsEstimated": null, "time": "bmo", "revenue": null, "revenueEstimated": null, "fiscalDateEnding": "2018-09-30", "updatedFromDate": "2023-05-17"}, {"date": "2018-08-31", "symbol": "ESKYF", "eps": -0.00165, "epsEstimated": null, "time": "bmo", "revenue": null, "revenueEstimated": null, "fiscalDateEnding": "2018-08-31", "updatedFromDate": "2023-10-16"}, {"date": "2018-08-31", "symbol": "000680.SZ", "eps": 0.02652, "epsEstimated": null, "time": "bmo", "revenue": 2488146989.82, "revenueEstimated": null, "fiscalDateEnding": "2018-06-29", "updatedFromDate": "2023-05-17"}, {"date": "2018-08-31", "symbol": "INDY.JK", "eps": 0.00344, "epsEstimated": null, "time": "bmo", "revenue": 638169931, "revenueEstimated": null, "fiscalDateEnding": "2018-06-29", "updatedFromDate": "2023-05-17"}, {"date": "2018-08-31", "symbol": "NBZ.ST", "eps": -0.12054, "epsEstimated": null, "time": "bmo", "revenue": 14575580, "revenueEstimated": null, "fiscalDateEnding": "2018-06-30", "updatedFromDate": "2023-10-16"}, {"date": "2018-08-31", "symbol": "SPR.CN", "eps": -0.04259, "epsEstimated": null, "time": "bmo", "revenue": null, "revenueEstimated": null, "fiscalDateEnding": "2018-08-31", "updatedFromDate": "2023-10-17"}, {"date": "2018-08-31", "symbol": "VGCX.TO", "eps": 0.0072, "epsEstimated": null, "time": "bmo", "revenue": null, "revenueEstimated": null, "fiscalDateEnding": "2018-08-31", "updatedFromDate": "2023-10-16"}, {"date": "2018-08-31", "symbol": "2799.HK", "eps": null, "epsEstimated": null, "time": "bmo", "revenue": null, "revenueEstimated": null, "fiscalDateEnding": "2018-05-31", "updatedFromDate": "2023-05-17"}, {"date": "2018-08-31", "symbol": "AONNY", "eps": 4.75, "epsEstimated": null, "time": "bmo", "revenue": 2161769000000, "revenueEstimated": null, "fiscalDateEnding": "2018-08-31", "updatedFromDate": "2023-10-17"}, {"date": "2018-08-31", "symbol": "EMFGF", "eps": null, "epsEstimated": null, "time": "bmo", "revenue": null, "revenueEstimated": null, "fiscalDateEnding": "2018-06-30", "updatedFromDate": "2023-05-17"}, {"date": "2018-08-31", "symbol": "601801.SS", "eps": 0.11, "epsEstimated": 0.09, "time": "bmo", "revenue": 2120388708.26, "revenueEstimated": null, "fiscalDateEnding": "2018-06-29", "updatedFromDate": "2023-05-17"}, {"date": "2018-08-31", "symbol": "MVXM", "eps": -0.0005, "epsEstimated": null, "time": "bmo", "revenue": null, "revenueEstimated": null, "fiscalDateEnding": "2018-08-31", "updatedFromDate": "2023-10-10"}, {"date": "2018-08-31", "symbol": "4813.T", "eps": 0.96, "epsEstimated": null, "time": "bmo", "revenue": 1585846000, "revenueEstimated": null, "fiscalDateEnding": "2018-05-31", "updatedFromDate": "2023-10-17"}, {"date": "2018-08-31", "symbol": "AALI.V", "eps": -0.007, "epsEstimated": null, "time": "bmo", "revenue": null, "revenueEstimated": null, "fiscalDateEnding": "2018-08-31", "updatedFromDate": "2023-10-16"}, {"date": "2018-08-31", "symbol": "8412.HK", "eps": -0.14961, "epsEstimated": null, "time": "bmo", "revenue": 21116000, "revenueEstimated": null, "fiscalDateEnding": "2018-08-31", "updatedFromDate": "2023-10-16"}, {"date": "2018-08-31", "symbol": "600967.SS", "eps": 0.14, "epsEstimated": null, "time": "bmo", "revenue": 3547141475.83, "revenueEstimated": null, "fiscalDateEnding": "2018-06-29", "updatedFromDate": "2023-05-17"}, {"date": "2018-08-31", "symbol": "HBH.DE", "eps": 2.85, "epsEstimated": null, "time": "bmo", "revenue": 1163300000, "revenueEstimated": null, "fiscalDateEnding": "2018-08-31", "updatedFromDate": "2023-10-17"}, {"date": "2018-08-31", "symbol": "GAME", "eps": -94.74109, "epsEstimated": null, "time": "bmo", "revenue": 3632838, "revenueEstimated": null, "fiscalDateEnding": "2018-08-31", "updatedFromDate": "2023-10-10"}, {"date": "2018-08-31", "symbol": "7113.KL", "eps": 0.01333, "epsEstimated": null, "time": "bmo", "revenue": 1217352000, "revenueEstimated": null, "fiscalDateEnding": "2018-08-31", "updatedFromDate": "2023-10-16"}, {"date": "2018-08-31", "symbol": "8353.HK", "eps": 0.0011, "epsEstimated": null, "time": "bmo", "revenue": 3577073, "revenueEstimated": null, "fiscalDateEnding": "2018-08-31", "updatedFromDate": "2023-10-16"}, {"date": "2018-08-31", "symbol": "CVTV", "eps": -0.00018, "epsEstimated": null, "time": "bmo", "revenue": null, "revenueEstimated": null, "fiscalDateEnding": "2018-08-31", "updatedFromDate": "2023-10-17"}, {"date": "2018-08-31", "symbol": "6309.T", "eps": 15.44, "epsEstimated": null, "time": "bmo", "revenue": 9511485000, "revenueEstimated": null, "fiscalDateEnding": "2018-07-31", "updatedFromDate": "2023-05-17"}, {"date": "2018-08-31", "symbol": "9901.HK", "eps": 0.07741, "epsEstimated": null, "time": "bmo", "revenue": 859846000, "revenueEstimated": null, "fiscalDateEnding": "2018-08-31", "updatedFromDate": "2023-10-17"}, {"date": "2018-08-31", "symbol": "BFC.AX", "eps": -0.01521, "epsEstimated": null, "time": "bmo", "revenue": 21198500, "revenueEstimated": null, "fiscalDateEnding": "2018-05-31", "updatedFromDate": "2023-10-16"}, {"date": "2018-08-31", "symbol": "EQTRF", "eps": -0.00502, "epsEstimated": null, "time": "bmo", "revenue": null, "revenueEstimated": null, "fiscalDateEnding": "2018-08-31", "updatedFromDate": "2023-10-16"}, {"date": "2018-08-31", "symbol": "000010.SZ", "eps": -0.05, "epsEstimated": null, "time": "bmo", "revenue": 26542371.58, "revenueEstimated": null, "fiscalDateEnding": "2018-06-29", "updatedFromDate": "2023-05-17"}, {"date": "2018-08-31", "symbol": "GVR.V", "eps": -0.02239, "epsEstimated": null, "time": "bmo", "revenue": null, "revenueEstimated": null, "fiscalDateEnding": "2018-08-31", "updatedFromDate": "2023-10-16"}, {"date": "2018-08-31", "symbol": "FIT.CN", "eps": -0.11847, "epsEstimated": null, "time": "bmo", "revenue": 19133, "revenueEstimated": null, "fiscalDateEnding": "2018-08-31", "updatedFromDate": "2023-10-09"}, {"date": "2018-08-31", "symbol": "FUIZF", "eps": null, "epsEstimated": null, "time": "bmo", "revenue": null, "revenueEstimated": null, "fiscalDateEnding": "2018-06-30", "updatedFromDate": "2023-05-17"}, {"date": "2018-08-31", "symbol": "MPC.TO", "eps": 0.1745, "epsEstimated": null, "time": "bmo", "revenue": 7654000, "revenueEstimated": null, "fiscalDateEnding": "2018-08-31", "updatedFromDate": "2023-10-16"}, {"date": "2018-08-31", "symbol": "AGN.CN", "eps": -0.0313, "epsEstimated": null, "time": "bmo", "revenue": null, "revenueEstimated": null, "fiscalDateEnding": "2018-08-31", "updatedFromDate": "2023-08-16"}, {"date": "2018-08-31", "symbol": "2HQ.DE", "eps": 0.1751, "epsEstimated": null, "time": "bmo", "revenue": 10234456.207892, "revenueEstimated": null, "fiscalDateEnding": "2018-08-31", "updatedFromDate": "2023-10-16"}, {"date": "2018-08-31", "symbol": "DSNG.JK", "eps": 7.69, "epsEstimated": null, "time": "bmo", "revenue": 1160058000000, "revenueEstimated": null, "fiscalDateEnding": "2018-06-29", "updatedFromDate": "2023-05-17"}, {"date": "2018-08-31", "symbol": "1FC.DE", "eps": 0.1078, "epsEstimated": null, "time": "bmo", "revenue": 180645000, "revenueEstimated": null, "fiscalDateEnding": "2018-08-31", "updatedFromDate": "2023-10-16"}, {"date": "2018-08-31", "symbol": "SAS.ST", "eps": 3.35, "epsEstimated": 3.57, "time": "bmo", "revenue": 13146000000, "revenueEstimated": null, "fiscalDateEnding": "2018-07-31", "updatedFromDate": "2023-10-16"}, {"date": "2018-08-31", "symbol": "MOJO.CN", "eps": -0.92607, "epsEstimated": null, "time": "bmo", "revenue": 52211, "revenueEstimated": null, "fiscalDateEnding": "2018-08-31", "updatedFromDate": "2023-10-16"}, {"date": "2018-08-31", "symbol": "1538.HK", "eps": null, "epsEstimated": null, "time": "bmo", "revenue": null, "revenueEstimated": null, "fiscalDateEnding": "2018-05-31", "updatedFromDate": "2023-05-17"}, {"date": "2018-08-31", "symbol": "000592.SZ", "eps": 0.00819, "epsEstimated": null, "time": "bmo", "revenue": 279922352.84, "revenueEstimated": null, "fiscalDateEnding": "2018-06-29", "updatedFromDate": "2023-05-17"}, {"date": "2018-08-31", "symbol": "EPIC.CN", "eps": -0.0443, "epsEstimated": null, "time": "bmo", "revenue": 57655, "revenueEstimated": null, "fiscalDateEnding": "2018-08-31", "updatedFromDate": "2023-10-16"}, {"date": "2018-08-31", "symbol": "TINS.JK", "eps": 15.52, "epsEstimated": null, "time": "bmo", "revenue": 2342104000000, "revenueEstimated": null, "fiscalDateEnding": "2018-06-29", "updatedFromDate": "2023-05-17"}, {"date": "2018-08-31", "symbol": "HANNF", "eps": -0.00541, "epsEstimated": null, "time": "bmo", "revenue": null, "revenueEstimated": null, "fiscalDateEnding": "2018-08-31", "updatedFromDate": "2023-10-12"}, {"date": "2018-08-31", "symbol": "000416.SZ", "eps": 0.0028, "epsEstimated": null, "time": "bmo", "revenue": 18354023.27, "revenueEstimated": null, "fiscalDateEnding": "2018-06-29", "updatedFromDate": "2023-05-17"}, {"date": "2018-08-31", "symbol": "TMG.V", "eps": -0.00035, "epsEstimated": null, "time": "bmo", "revenue": 6800861, "revenueEstimated": null, "fiscalDateEnding": "2018-08-31", "updatedFromDate": "2023-10-16"}, {"date": "2018-08-31", "symbol": "TALK.ST", "eps": -0.00385, "epsEstimated": null, "time": "bmo", "revenue": 5509243, "revenueEstimated": null, "fiscalDateEnding": "2018-06-29", "updatedFromDate": "2023-05-17"}, {"date": "2018-08-31", "symbol": "JUSHF", "eps": -0.00699, "epsEstimated": null, "time": "bmo", "revenue": null, "revenueEstimated": null, "fiscalDateEnding": "2018-08-31", "updatedFromDate": "2023-09-29"}, {"date": "2018-08-31", "symbol": "TLRY.TO", "eps": 0.08445, "epsEstimated": null, "time": "bmo", "revenue": 10234456.207892, "revenueEstimated": null, "fiscalDateEnding": "2018-08-31", "updatedFromDate": "2023-10-16"}, {"date": "2018-08-31", "symbol": "NODL.OL", "eps": 0.01089, "epsEstimated": null, "time": "bmo", "revenue": null, "revenueEstimated": null, "fiscalDateEnding": "2018-05-31", "updatedFromDate": "2023-08-16"}, {"date": "2018-08-31", "symbol": "000007.SZ", "eps": -0.00862, "epsEstimated": null, "time": "bmo", "revenue": 11693714.83, "revenueEstimated": null, "fiscalDateEnding": "2018-06-29", "updatedFromDate": "2023-05-17"}, {"date": "2018-08-31", "symbol": "3415.T", "eps": 2.07, "epsEstimated": null, "time": "bmo", "revenue": 2803311000, "revenueEstimated": null, "fiscalDateEnding": "2018-08-31", "updatedFromDate": "2023-10-17"}, {"date": "2018-08-31", "symbol": "MBLM.CN", "eps": -0.05297, "epsEstimated": null, "time": "bmo", "revenue": 52986, "revenueEstimated": null, "fiscalDateEnding": "2018-08-31", "updatedFromDate": "2023-10-16"}, {"date": "2018-08-31", "symbol": "000690.SZ", "eps": 0.06, "epsEstimated": null, "time": "bmo", "revenue": 816530682.43, "revenueEstimated": null, "fiscalDateEnding": "2018-05-31", "updatedFromDate": "2023-05-17"}, {"date": "2018-08-31", "symbol": "5139.KL", "eps": 0.3159, "epsEstimated": null, "time": "bmo", "revenue": 332092000, "revenueEstimated": null, "fiscalDateEnding": "2018-08-31", "updatedFromDate": "2023-10-16"}, {"date": "2018-08-31", "symbol": "601866.SS", "eps": 0.00396, "epsEstimated": 0.02971, "time": "bmo", "revenue": 4755596598.09, "revenueEstimated": null, "fiscalDateEnding": "2018-06-29", "updatedFromDate": "2023-05-17"}, {"date": "2018-08-31", "symbol": "ASCLF", "eps": null, "epsEstimated": null, "time": "bmo", "revenue": null, "revenueEstimated": null, "fiscalDateEnding": "2018-06-30", "updatedFromDate": "2023-05-17"}, {"date": "2018-08-31", "symbol": "BUB.AX", "eps": -0.01948, "epsEstimated": null, "time": "bmo", "revenue": 10978713.25, "revenueEstimated": null, "fiscalDateEnding": "2018-05-31", "updatedFromDate": "2023-10-17"}, {"date": "2018-08-31", "symbol": "VNA.F", "eps": 0.22, "epsEstimated": 0.52, "time": "bmo", "revenue": 682900000, "revenueEstimated": null, "fiscalDateEnding": "2018-06-29", "updatedFromDate": "2023-05-17"}, {"date": "2018-08-31", "symbol": "FIOGF", "eps": null, "epsEstimated": null, "time": "bmo", "revenue": null, "revenueEstimated": null, "fiscalDateEnding": "2018-06-30", "updatedFromDate": "2023-05-17"}, {"date": "2018-08-31", "symbol": "CRES.CN", "eps": -0.01889, "epsEstimated": null, "time": "bmo", "revenue": null, "revenueEstimated": null, "fiscalDateEnding": "2018-08-31", "updatedFromDate": "2023-10-16"}, {"date": "2018-08-31", "symbol": "VAF.LS", "eps": 0.00753, "epsEstimated": null, "time": "bmo", "revenue": 22850000, "revenueEstimated": null, "fiscalDateEnding": "2018-06-29", "updatedFromDate": "2023-05-17"}]}