{"result": [{"date": "2018-04-01", "symbol": "2705.TW", "eps": -4.47085, "epsEstimated": null, "time": "bmo", "revenue": 770313000, "revenueEstimated": null, "fiscalDateEnding": "2018-03-30", "updatedFromDate": "2023-05-17"}, {"date": "2018-04-01", "symbol": "8033.TW", "eps": -0.06529, "epsEstimated": null, "time": "bmo", "revenue": 229154000, "revenueEstimated": null, "fiscalDateEnding": "2018-03-30", "updatedFromDate": "2023-05-17"}, {"date": "2018-04-01", "symbol": "2429.TW", "eps": -0.12313, "epsEstimated": null, "time": "bmo", "revenue": 215151000, "revenueEstimated": null, "fiscalDateEnding": "2018-03-30", "updatedFromDate": "2023-05-17"}, {"date": "2018-04-01", "symbol": "SHAOF", "eps": 156.26, "epsEstimated": 136.75, "time": "bmo", "revenue": null, "revenueEstimated": null, "fiscalDateEnding": "2018-09-30", "updatedFromDate": "2023-05-17"}, {"date": "2018-04-01", "symbol": "3536.TW", "eps": -0.01363, "epsEstimated": null, "time": "bmo", "revenue": 321715000, "revenueEstimated": null, "fiscalDateEnding": "2018-06-29", "updatedFromDate": "2023-05-17"}, {"date": "2018-04-01", "symbol": "FRSH", "eps": 0.09324, "epsEstimated": null, "time": "bmo", "revenue": 34772000, "revenueEstimated": null, "fiscalDateEnding": "2018-04-01", "updatedFromDate": "2023-09-29"}, {"date": "2018-04-01", "symbol": "603126.SS", "eps": 0.0137, "epsEstimated": null, "time": "bmo", "revenue": 324338020.9, "revenueEstimated": null, "fiscalDateEnding": "2018-03-30", "updatedFromDate": "2023-05-17"}, {"date": "2018-04-01", "symbol": "WNWSF", "eps": 45.19, "epsEstimated": null, "time": "bmo", "revenue": null, "revenueEstimated": null, "fiscalDateEnding": "2018-06-30", "updatedFromDate": "2023-05-17"}, {"date": "2018-04-01", "symbol": "1533.TW", "eps": 0.27, "epsEstimated": 0.43, "time": "bmo", "revenue": 713052000, "revenueEstimated": null, "fiscalDateEnding": "2018-03-30", "updatedFromDate": "2023-05-17"}, {"date": "2018-04-01", "symbol": "8473.TW", "eps": 0.759, "epsEstimated": null, "time": "bmo", "revenue": 1012797000, "revenueEstimated": null, "fiscalDateEnding": "2018-03-31", "updatedFromDate": "2023-05-17"}, {"date": "2018-04-01", "symbol": "1611.TW", "eps": -0.12346, "epsEstimated": null, "time": "bmo", "revenue": 590333000, "revenueEstimated": null, "fiscalDateEnding": "2018-01-01", "updatedFromDate": "2023-05-17"}, {"date": "2018-04-01", "symbol": "3062.TW", "eps": 0.03549, "epsEstimated": null, "time": "bmo", "revenue": 2000221000, "revenueEstimated": null, "fiscalDateEnding": "2018-03-30", "updatedFromDate": "2023-05-17"}, {"date": "2018-04-02", "symbol": "HRST", "eps": -3.12929, "epsEstimated": null, "time": "bmo", "revenue": 67942000, "revenueEstimated": null, "fiscalDateEnding": "2018-03-30", "updatedFromDate": "2023-05-17"}, {"date": "2018-04-02", "symbol": "BH-A", "eps": -3.43375, "epsEstimated": null, "time": "bmo", "revenue": 202225000, "revenueEstimated": null, "fiscalDateEnding": "2018-03-30", "updatedFromDate": "2023-10-16"}, {"date": "2018-04-02", "symbol": "PYCFF", "eps": null, "epsEstimated": null, "time": "amc", "revenue": null, "revenueEstimated": null, "fiscalDateEnding": "2018-03-31", "updatedFromDate": "2023-05-17"}, {"date": "2018-04-02", "symbol": "1419.TW", "eps": -0.18772, "epsEstimated": null, "time": "bmo", "revenue": 345626000, "revenueEstimated": null, "fiscalDateEnding": "2018-03-30", "updatedFromDate": "2023-05-17"}, {"date": "2018-04-02", "symbol": "600469.SS", "eps": -0.18, "epsEstimated": null, "time": "bmo", "revenue": 1433839604.62, "revenueEstimated": null, "fiscalDateEnding": "2018-03-30", "updatedFromDate": "2023-05-17"}, {"date": "2018-04-02", "symbol": "5942.T", "eps": 7.66, "epsEstimated": null, "time": "bmo", "revenue": 6767470000, "revenueEstimated": null, "fiscalDateEnding": "2018-02-27", "updatedFromDate": "2023-05-17"}, {"date": "2018-04-02", "symbol": "FISH.JK", "eps": 0.00886, "epsEstimated": null, "time": "bmo", "revenue": 240493745, "revenueEstimated": null, "fiscalDateEnding": "2018-03-30", "updatedFromDate": "2023-05-17"}, {"date": "2018-04-02", "symbol": "1980.HK", "eps": 0.1335, "epsEstimated": null, "time": "bmo", "revenue": 196476000, "revenueEstimated": null, "fiscalDateEnding": "2018-01-02", "updatedFromDate": "2023-05-17"}, {"date": "2018-04-02", "symbol": "5880.TW", "eps": 0.2875, "epsEstimated": null, "time": "bmo", "revenue": 10372399000, "revenueEstimated": null, "fiscalDateEnding": "2018-01-02", "updatedFromDate": "2023-05-17"}, {"date": "2018-04-02", "symbol": "KREN.JK", "eps": 5.43, "epsEstimated": null, "time": "bmo", "revenue": 951423254049, "revenueEstimated": null, "fiscalDateEnding": "2018-03-30", "updatedFromDate": "2023-05-17"}, {"date": "2018-04-02", "symbol": "YUMAQ", "eps": null, "epsEstimated": null, "time": "bmo", "revenue": null, "revenueEstimated": null, "fiscalDateEnding": "2018-03-31", "updatedFromDate": "2023-05-17"}, {"date": "2018-04-02", "symbol": "2883.TW", "eps": 0.19, "epsEstimated": 0.18, "time": "bmo", "revenue": 61057696000, "revenueEstimated": null, "fiscalDateEnding": "2018-01-02", "updatedFromDate": "2023-05-17"}, {"date": "2018-04-02", "symbol": "FECOF", "eps": -0.0001, "epsEstimated": null, "time": "bmo", "revenue": null, "revenueEstimated": null, "fiscalDateEnding": "2018-03-31", "updatedFromDate": "2023-09-29"}, {"date": "2018-04-02", "symbol": "TGHI", "eps": -2.00592, "epsEstimated": null, "time": "bmo", "revenue": 274000, "revenueEstimated": null, "fiscalDateEnding": "2018-03-30", "updatedFromDate": "2023-09-29"}, {"date": "2018-04-02", "symbol": "DNT.TO", "eps": 9e-05, "epsEstimated": null, "time": "bmo", "revenue": null, "revenueEstimated": null, "fiscalDateEnding": "2018-03-30", "updatedFromDate": "2023-05-17"}, {"date": "2018-04-02", "symbol": "AVTX", "eps": -1.48786, "epsEstimated": null, "time": "bmo", "revenue": 4482775, "revenueEstimated": null, "fiscalDateEnding": "2018-03-30", "updatedFromDate": "2023-09-29"}, {"date": "2018-04-02", "symbol": "4439.T", "eps": null, "epsEstimated": null, "time": "bmo", "revenue": null, "revenueEstimated": null, "fiscalDateEnding": "2018-02-28", "updatedFromDate": "2023-05-17"}, {"date": "2018-04-02", "symbol": "8227.T", "eps": 156.26, "epsEstimated": 136.75, "time": "bmo", "revenue": 134548000000, "revenueEstimated": null, "fiscalDateEnding": "2018-01-02", "updatedFromDate": "2023-10-17"}, {"date": "2018-04-02", "symbol": "GZCO.JK", "eps": -9.44617, "epsEstimated": null, "time": "bmo", "revenue": 138533000000, "revenueEstimated": null, "fiscalDateEnding": "2018-03-30", "updatedFromDate": "2023-05-17"}, {"date": "2018-04-02", "symbol": "600558.SS", "eps": 0.04311, "epsEstimated": null, "time": "bmo", "revenue": 693839700.08, "revenueEstimated": null, "fiscalDateEnding": "2018-06-29", "updatedFromDate": "2023-05-17"}, {"date": "2018-04-02", "symbol": "EQS.PA", "eps": null, "epsEstimated": null, "time": "bmo", "revenue": null, "revenueEstimated": null, "fiscalDateEnding": "2018-03-31", "updatedFromDate": "2023-05-17"}, {"date": "2018-04-02", "symbol": "AEF.TO", "eps": -1.88987, "epsEstimated": null, "time": "bmo", "revenue": 67014000, "revenueEstimated": null, "fiscalDateEnding": "2018-03-30", "updatedFromDate": "2023-05-17"}, {"date": "2018-04-02", "symbol": "CASS.JK", "eps": 10.55, "epsEstimated": null, "time": "bmo", "revenue": 479192306000, "revenueEstimated": null, "fiscalDateEnding": "2018-03-30", "updatedFromDate": "2023-05-17"}, {"date": "2018-04-02", "symbol": "2323.TW", "eps": -0.1426, "epsEstimated": null, "time": "bmo", "revenue": 2190075000, "revenueEstimated": null, "fiscalDateEnding": "2018-01-02", "updatedFromDate": "2023-05-17"}, {"date": "2018-04-02", "symbol": "JAWA.JK", "eps": -13.90928, "epsEstimated": null, "time": "bmo", "revenue": 154836852639, "revenueEstimated": null, "fiscalDateEnding": "2018-03-30", "updatedFromDate": "2023-05-17"}, {"date": "2018-04-02", "symbol": "4825.T", "eps": 45.19, "epsEstimated": null, "time": "bmo", "revenue": 4190003000, "revenueEstimated": null, "fiscalDateEnding": "2018-01-02", "updatedFromDate": "2023-10-17"}, {"date": "2018-04-02", "symbol": "000400.KS", "eps": 108, "epsEstimated": null, "time": "bmo", "revenue": 750916386280, "revenueEstimated": null, "fiscalDateEnding": "2018-03-31", "updatedFromDate": "2023-10-16"}, {"date": "2018-04-02", "symbol": "6139.TW", "eps": 0.4773, "epsEstimated": null, "time": "bmo", "revenue": 6007594000, "revenueEstimated": null, "fiscalDateEnding": "2018-03-30", "updatedFromDate": "2023-05-17"}, {"date": "2018-04-02", "symbol": "5609.TWO", "eps": 0.3424, "epsEstimated": null, "time": "bmo", "revenue": 3920045000, "revenueEstimated": null, "fiscalDateEnding": "2018-03-30", "updatedFromDate": "2023-05-17"}, {"date": "2018-04-02", "symbol": "ULTJ.JK", "eps": 14.46, "epsEstimated": null, "time": "bmo", "revenue": 1303139000000, "revenueEstimated": null, "fiscalDateEnding": "2018-03-30", "updatedFromDate": "2023-05-17"}, {"date": "2018-04-02", "symbol": "PRWYF", "eps": null, "epsEstimated": null, "time": "bmo", "revenue": null, "revenueEstimated": null, "fiscalDateEnding": "2018-03-31", "updatedFromDate": "2023-05-17"}, {"date": "2018-04-02", "symbol": "GLG.TO", "eps": -0.08243, "epsEstimated": null, "time": "bmo", "revenue": 6027365, "revenueEstimated": null, "fiscalDateEnding": "2018-01-02", "updatedFromDate": "2023-05-17"}, {"date": "2018-04-02", "symbol": "RRTS", "eps": -17, "epsEstimated": null, "time": "amc", "revenue": 569984000, "revenueEstimated": null, "fiscalDateEnding": "2018-03-30", "updatedFromDate": "2023-09-29"}, {"date": "2018-04-02", "symbol": "2438.TW", "eps": 0.1007, "epsEstimated": null, "time": "bmo", "revenue": 119642000, "revenueEstimated": null, "fiscalDateEnding": "2018-03-30", "updatedFromDate": "2023-05-17"}, {"date": "2018-04-02", "symbol": "BLTA.JK", "eps": 9e-05, "epsEstimated": null, "time": "bmo", "revenue": 6476216, "revenueEstimated": null, "fiscalDateEnding": "2018-03-30", "updatedFromDate": "2023-05-17"}, {"date": "2018-04-02", "symbol": "APLN.JK", "eps": 1.04, "epsEstimated": null, "time": "bmo", "revenue": 1361190742000, "revenueEstimated": null, "fiscalDateEnding": "2018-03-30", "updatedFromDate": "2023-05-17"}, {"date": "2018-04-02", "symbol": "CCOXF", "eps": null, "epsEstimated": null, "time": "amc", "revenue": null, "revenueEstimated": null, "fiscalDateEnding": "2018-03-31", "updatedFromDate": "2023-05-17"}, {"date": "2018-04-02", "symbol": "BKDP.JK", "eps": -0.95035, "epsEstimated": null, "time": "bmo", "revenue": 15842173140, "revenueEstimated": null, "fiscalDateEnding": "2018-03-30", "updatedFromDate": "2023-05-17"}, {"date": "2018-04-02", "symbol": "CRKR", "eps": -0.01333, "epsEstimated": null, "time": "bmo", "revenue": 3991166, "revenueEstimated": null, "fiscalDateEnding": "2018-03-30", "updatedFromDate": "2023-05-17"}, {"date": "2018-04-02", "symbol": "5392.TWO", "eps": 0.1855, "epsEstimated": null, "time": "bmo", "revenue": 3044131000, "revenueEstimated": null, "fiscalDateEnding": "2018-06-29", "updatedFromDate": "2023-05-17"}, {"date": "2018-04-02", "symbol": "600105.SS", "eps": 0.03362, "epsEstimated": null, "time": "bmo", "revenue": 661003420.96, "revenueEstimated": null, "fiscalDateEnding": "2018-03-30", "updatedFromDate": "2023-05-17"}, {"date": "2018-04-02", "symbol": "3296.TW", "eps": -0.58, "epsEstimated": null, "time": "bmo", "revenue": 459512000, "revenueEstimated": null, "fiscalDateEnding": "2018-03-30", "updatedFromDate": "2023-05-17"}, {"date": "2018-04-02", "symbol": "AMFG.JK", "eps": 83.48, "epsEstimated": null, "time": "bmo", "revenue": 1080353000000, "revenueEstimated": null, "fiscalDateEnding": "2018-03-30", "updatedFromDate": "2023-05-17"}, {"date": "2018-04-02", "symbol": "ACCFF", "eps": null, "epsEstimated": null, "time": "bmo", "revenue": null, "revenueEstimated": null, "fiscalDateEnding": "2018-03-31", "updatedFromDate": "2023-05-17"}, {"date": "2018-04-02", "symbol": "603026.SS", "eps": 0.33, "epsEstimated": null, "time": "bmo", "revenue": 1253673199.09, "revenueEstimated": null, "fiscalDateEnding": "2018-03-30", "updatedFromDate": "2023-05-17"}, {"date": "2018-04-02", "symbol": "3333.T", "eps": 9.11, "epsEstimated": null, "time": "bmo", "revenue": 12577463000, "revenueEstimated": null, "fiscalDateEnding": "2018-01-02", "updatedFromDate": "2023-10-17"}, {"date": "2018-04-02", "symbol": "1903.TW", "eps": -0.13703, "epsEstimated": null, "time": "bmo", "revenue": 71068000, "revenueEstimated": null, "fiscalDateEnding": "2018-03-30", "updatedFromDate": "2023-05-17"}, {"date": "2018-04-02", "symbol": "PACD", "eps": -57800, "epsEstimated": -44352.5, "time": "bmo", "revenue": null, "revenueEstimated": null, "fiscalDateEnding": "2018-03-31", "updatedFromDate": "2023-09-29"}, {"date": "2018-04-02", "symbol": "4720.TW", "eps": 0.01467, "epsEstimated": null, "time": "bmo", "revenue": 729185000, "revenueEstimated": null, "fiscalDateEnding": "2018-03-30", "updatedFromDate": "2023-05-17"}, {"date": "2018-04-02", "symbol": "ARLLF", "eps": null, "epsEstimated": null, "time": "bmo", "revenue": null, "revenueEstimated": null, "fiscalDateEnding": "2018-03-31", "updatedFromDate": "2023-05-17"}, {"date": "2018-04-02", "symbol": "1102.TW", "eps": 0.54, "epsEstimated": 0.61, "time": "bmo", "revenue": 16573882000, "revenueEstimated": null, "fiscalDateEnding": "2018-03-30", "updatedFromDate": "2023-05-17"}, {"date": "2018-04-02", "symbol": "NXTD", "eps": -0.15, "epsEstimated": -0.17, "time": "bmo", "revenue": 4930608, "revenueEstimated": 7042857.142857142, "fiscalDateEnding": "2018-03-30", "updatedFromDate": "2023-05-17"}, {"date": "2018-04-02", "symbol": "7965.T", "eps": 39.39, "epsEstimated": null, "time": "bmo", "revenue": 28044000000, "revenueEstimated": null, "fiscalDateEnding": "2018-02-27", "updatedFromDate": "2023-05-17"}, {"date": "2018-04-02", "symbol": "4930.TW", "eps": -0.62185, "epsEstimated": null, "time": "bmo", "revenue": 2602072000, "revenueEstimated": null, "fiscalDateEnding": "2018-06-29", "updatedFromDate": "2023-05-17"}, {"date": "2018-04-02", "symbol": "LMR.V", "eps": null, "epsEstimated": null, "time": "bmo", "revenue": null, "revenueEstimated": null, "fiscalDateEnding": "2018-06-30", "updatedFromDate": "2023-05-17"}, {"date": "2018-04-02", "symbol": "GADS", "eps": -0.13894, "epsEstimated": null, "time": "bmo", "revenue": null, "revenueEstimated": null, "fiscalDateEnding": "2018-03-30", "updatedFromDate": "2023-05-17"}, {"date": "2018-04-02", "symbol": "2601.TW", "eps": -0.13761, "epsEstimated": null, "time": "bmo", "revenue": 1837482000, "revenueEstimated": null, "fiscalDateEnding": "2018-06-29", "updatedFromDate": "2023-05-17"}, {"date": "2018-04-02", "symbol": "AMY.V", "eps": -0.00203, "epsEstimated": null, "time": "bmo", "revenue": null, "revenueEstimated": null, "fiscalDateEnding": "2018-01-31", "updatedFromDate": "2023-08-25"}, {"date": "2018-04-02", "symbol": "ME.TO", "eps": -0.01708, "epsEstimated": null, "time": "bmo", "revenue": null, "revenueEstimated": null, "fiscalDateEnding": "2018-03-30", "updatedFromDate": "2023-08-16"}, {"date": "2018-04-02", "symbol": "600768.SS", "eps": -0.041, "epsEstimated": null, "time": "bmo", "revenue": 151797674.86, "revenueEstimated": null, "fiscalDateEnding": "2018-03-30", "updatedFromDate": "2023-05-17"}, {"date": "2018-04-02", "symbol": "CALM", "eps": 1.27, "epsEstimated": 1.39, "time": "bmo", "revenue": 435820000, "revenueEstimated": 480763492.063492, "fiscalDateEnding": "2018-03-02", "updatedFromDate": "2023-09-29"}, {"date": "2018-04-02", "symbol": "POTRF", "eps": null, "epsEstimated": null, "time": "amc", "revenue": null, "revenueEstimated": null, "fiscalDateEnding": "2018-03-31", "updatedFromDate": "2023-05-17"}, {"date": "2018-04-02", "symbol": "601126.SS", "eps": -0.0227, "epsEstimated": null, "time": "bmo", "revenue": 504651968.29, "revenueEstimated": null, "fiscalDateEnding": "2018-03-30", "updatedFromDate": "2023-05-17"}, {"date": "2018-04-02", "symbol": "PSSR", "eps": -0.15, "epsEstimated": null, "time": "bmo", "revenue": 3513487, "revenueEstimated": null, "fiscalDateEnding": "2018-01-30", "updatedFromDate": "2023-09-29"}, {"date": "2018-04-02", "symbol": "PKPK.JK", "eps": null, "epsEstimated": null, "time": "bmo", "revenue": null, "revenueEstimated": null, "fiscalDateEnding": "2018-03-31", "updatedFromDate": "2023-05-17"}, {"date": "2018-04-02", "symbol": "3148.T", "eps": 39.37, "epsEstimated": null, "time": "bmo", "revenue": 69279000000, "revenueEstimated": null, "fiscalDateEnding": "2018-01-02", "updatedFromDate": "2023-10-17"}, {"date": "2018-04-02", "symbol": "QUTIF", "eps": 0.07693, "epsEstimated": null, "time": "amc", "revenue": 5996936, "revenueEstimated": null, "fiscalDateEnding": "2018-03-31", "updatedFromDate": "2023-08-25"}, {"date": "2018-04-02", "symbol": "AMYZF", "eps": -0.00203, "epsEstimated": null, "time": "bmo", "revenue": null, "revenueEstimated": null, "fiscalDateEnding": "2018-01-31", "updatedFromDate": "2023-08-25"}, {"date": "2018-04-02", "symbol": "CSAP.JK", "eps": 5, "epsEstimated": null, "time": "bmo", "revenue": 2575461511000, "revenueEstimated": null, "fiscalDateEnding": "2018-03-30", "updatedFromDate": "2023-05-17"}, {"date": "2018-04-02", "symbol": "AHCCF", "eps": null, "epsEstimated": null, "time": "bmo", "revenue": null, "revenueEstimated": null, "fiscalDateEnding": "2018-03-31", "updatedFromDate": "2023-05-17"}, {"date": "2018-04-02", "symbol": "6188.TWO", "eps": 0.1217, "epsEstimated": null, "time": "bmo", "revenue": 1528207000, "revenueEstimated": null, "fiscalDateEnding": "2018-03-30", "updatedFromDate": "2023-05-17"}, {"date": "2018-04-02", "symbol": "CELL.MI", "eps": 0.4599, "epsEstimated": null, "time": "bmo", "revenue": 93827000, "revenueEstimated": null, "fiscalDateEnding": "2018-03-31", "updatedFromDate": "2023-05-17"}, {"date": "2018-04-02", "symbol": "ACD.TO", "eps": 0.28, "epsEstimated": null, "time": "bmo", "revenue": 8831945, "revenueEstimated": null, "fiscalDateEnding": "2018-01-02", "updatedFromDate": "2023-05-17"}, {"date": "2018-04-02", "symbol": "3024.TW", "eps": 0.01274, "epsEstimated": null, "time": "bmo", "revenue": 369634000, "revenueEstimated": null, "fiscalDateEnding": "2018-03-30", "updatedFromDate": "2023-05-17"}, {"date": "2018-04-02", "symbol": "MTLA.JK", "eps": 11.58, "epsEstimated": null, "time": "bmo", "revenue": 318760177000, "revenueEstimated": null, "fiscalDateEnding": "2018-03-31", "updatedFromDate": "2023-05-17"}, {"date": "2018-04-02", "symbol": "003090.KS", "eps": 335, "epsEstimated": null, "time": "bmo", "revenue": 288111079000, "revenueEstimated": null, "fiscalDateEnding": "2018-03-31", "updatedFromDate": "2023-10-16"}, {"date": "2018-04-02", "symbol": "2753.T", "eps": 73.44, "epsEstimated": null, "time": "bmo", "revenue": 7933000000, "revenueEstimated": null, "fiscalDateEnding": "2018-01-02", "updatedFromDate": "2023-10-16"}, {"date": "2018-04-02", "symbol": "ISGN", "eps": -0.04929, "epsEstimated": null, "time": "bmo", "revenue": 214000, "revenueEstimated": null, "fiscalDateEnding": "2018-03-30", "updatedFromDate": "2023-05-17"}, {"date": "2018-04-02", "symbol": "8217.T", "eps": -3.11, "epsEstimated": null, "time": "bmo", "revenue": 64975000000, "revenueEstimated": null, "fiscalDateEnding": "2018-01-02", "updatedFromDate": "2023-10-16"}, {"date": "2018-04-02", "symbol": "4100.SR", "eps": 0.5, "epsEstimated": null, "time": "bmo", "revenue": 142705834, "revenueEstimated": null, "fiscalDateEnding": "2018-01-02", "updatedFromDate": "2023-10-16"}, {"date": "2018-04-02", "symbol": "CERC", "eps": null, "epsEstimated": null, "time": "bmo", "revenue": null, "revenueEstimated": null, "fiscalDateEnding": "2018-03-31", "updatedFromDate": "2023-05-17"}, {"date": "2018-04-02", "symbol": "ATMS", "eps": -0.09, "epsEstimated": null, "time": "bmo", "revenue": 89000, "revenueEstimated": null, "fiscalDateEnding": "2018-03-30", "updatedFromDate": "2023-09-29"}, {"date": "2018-04-02", "symbol": "ZMSPF", "eps": null, "epsEstimated": null, "time": "bmo", "revenue": null, "revenueEstimated": null, "fiscalDateEnding": "2018-06-30", "updatedFromDate": "2023-05-17"}, {"date": "2018-04-02", "symbol": "PALI", "eps": -142.02342, "epsEstimated": null, "time": "bmo", "revenue": 2500, "revenueEstimated": null, "fiscalDateEnding": "2018-03-30", "updatedFromDate": "2023-09-29"}, {"date": "2018-04-02", "symbol": "2614.TW", "eps": 0.05683, "epsEstimated": null, "time": "bmo", "revenue": 3919999000, "revenueEstimated": null, "fiscalDateEnding": "2018-03-30", "updatedFromDate": "2023-05-17"}, {"date": "2018-04-02", "symbol": "GGRGF", "eps": null, "epsEstimated": null, "time": "bmo", "revenue": null, "revenueEstimated": null, "fiscalDateEnding": "2018-03-31", "updatedFromDate": "2023-05-17"}, {"date": "2018-04-03", "symbol": "WUXIF", "eps": null, "epsEstimated": null, "time": "bmo", "revenue": null, "revenueEstimated": null, "fiscalDateEnding": "2018-03-31", "updatedFromDate": "2023-05-17"}, {"date": "2018-04-03", "symbol": "COTQF", "eps": -0.06, "epsEstimated": -0.11, "time": "bmo", "revenue": null, "revenueEstimated": null, "fiscalDateEnding": "2018-06-30", "updatedFromDate": "2023-09-29"}, {"date": "2018-04-03", "symbol": "ALFLE.PA", "eps": 0.844, "epsEstimated": null, "time": "bmo", "revenue": 725270000, "revenueEstimated": null, "fiscalDateEnding": "2018-03-31", "updatedFromDate": "2023-05-17"}, {"date": "2018-04-03", "symbol": "7545.T", "eps": 16.19, "epsEstimated": null, "time": "bmo", "revenue": 36457000000, "revenueEstimated": null, "fiscalDateEnding": "2018-01-03", "updatedFromDate": "2023-10-17"}, {"date": "2018-04-03", "symbol": "AEHR", "eps": 0.02, "epsEstimated": null, "time": "amc", "revenue": 7393000, "revenueEstimated": null, "fiscalDateEnding": "2018-02-27", "updatedFromDate": "2023-09-29"}, {"date": "2018-04-03", "symbol": "PHPMF", "eps": null, "epsEstimated": null, "time": "bmo", "revenue": null, "revenueEstimated": null, "fiscalDateEnding": "2018-03-31", "updatedFromDate": "2023-05-17"}, {"date": "2018-04-03", "symbol": "9872.T", "eps": 13.43, "epsEstimated": null, "time": "bmo", "revenue": 14147461000, "revenueEstimated": null, "fiscalDateEnding": "2018-02-27", "updatedFromDate": "2023-05-17"}, {"date": "2018-04-03", "symbol": "SPN.V", "eps": null, "epsEstimated": null, "time": "bmo", "revenue": null, "revenueEstimated": null, "fiscalDateEnding": "2018-03-31", "updatedFromDate": "2023-05-17"}, {"date": "2018-04-03", "symbol": "SOS", "eps": 5, "epsEstimated": 18.33, "time": "bmo", "revenue": 23075000, "revenueEstimated": null, "fiscalDateEnding": "2018-01-03", "updatedFromDate": "2023-05-17"}, {"date": "2018-04-03", "symbol": "ALVAL.PA", "eps": -0.33174, "epsEstimated": null, "time": "bmo", "revenue": 366000, "revenueEstimated": null, "fiscalDateEnding": "2018-01-03", "updatedFromDate": "2023-05-17"}, {"date": "2018-04-03", "symbol": "7445.T", "eps": 30.94, "epsEstimated": null, "time": "bmo", "revenue": 22413000000, "revenueEstimated": null, "fiscalDateEnding": "2018-02-27", "updatedFromDate": "2023-05-17"}, {"date": "2018-04-03", "symbol": "GNRRF", "eps": null, "epsEstimated": null, "time": "bmo", "revenue": null, "revenueEstimated": null, "fiscalDateEnding": "2018-03-31", "updatedFromDate": "2023-05-17"}, {"date": "2018-04-03", "symbol": "SNIPF", "eps": null, "epsEstimated": null, "time": "bmo", "revenue": null, "revenueEstimated": null, "fiscalDateEnding": "2018-03-31", "updatedFromDate": "2023-05-17"}, {"date": "2018-04-03", "symbol": "EXA.PA", "eps": null, "epsEstimated": null, "time": "bmo", "revenue": null, "revenueEstimated": null, "fiscalDateEnding": "2018-03-31", "updatedFromDate": "2023-07-04"}, {"date": "2018-04-03", "symbol": "PWG.PA", "eps": -0.02844, "epsEstimated": null, "time": "bmo", "revenue": 15223750, "revenueEstimated": null, "fiscalDateEnding": "2018-01-03", "updatedFromDate": "2023-05-17"}, {"date": "2018-04-03", "symbol": "ALDEL.PA", "eps": 0.577, "epsEstimated": null, "time": "bmo", "revenue": 53507000, "revenueEstimated": null, "fiscalDateEnding": "2018-01-03", "updatedFromDate": "2023-05-17"}, {"date": "2018-04-03", "symbol": "PANR.JK", "eps": null, "epsEstimated": null, "time": "bmo", "revenue": null, "revenueEstimated": null, "fiscalDateEnding": "2018-03-31", "updatedFromDate": "2023-05-17"}, {"date": "2018-04-03", "symbol": "600690.SS", "eps": 0.2, "epsEstimated": 0.17, "time": "bmo", "revenue": 42655164567.37, "revenueEstimated": null, "fiscalDateEnding": "2018-03-30", "updatedFromDate": "2023-08-16"}, {"date": "2018-04-03", "symbol": "GNRO.PA", "eps": -0.14178, "epsEstimated": null, "time": "bmo", "revenue": 1865775, "revenueEstimated": null, "fiscalDateEnding": "2018-01-03", "updatedFromDate": "2023-05-17"}, {"date": "2018-04-03", "symbol": "DMSIM.BR", "eps": null, "epsEstimated": null, "time": "bmo", "revenue": null, "revenueEstimated": null, "fiscalDateEnding": "2018-03-31", "updatedFromDate": "2023-05-17"}, {"date": "2018-04-03", "symbol": "LNDC", "eps": 0.09, "epsEstimated": 0.09, "time": "amc", "revenue": 149323000, "revenueEstimated": 144900000, "fiscalDateEnding": "2018-02-24", "updatedFromDate": "2023-08-16"}, {"date": "2018-04-03", "symbol": "002731.SZ", "eps": 0.02353, "epsEstimated": null, "time": "bmo", "revenue": 626171306.6, "revenueEstimated": null, "fiscalDateEnding": "2018-03-30", "updatedFromDate": "2023-05-17"}, {"date": "2018-04-03", "symbol": "ALESA.PA", "eps": -0.08503, "epsEstimated": null, "time": "bmo", "revenue": 1862250, "revenueEstimated": null, "fiscalDateEnding": "2018-01-03", "updatedFromDate": "2023-05-17"}, {"date": "2018-04-03", "symbol": "2809.TW", "eps": 1.13, "epsEstimated": 1.27, "time": "bmo", "revenue": 2118711000, "revenueEstimated": null, "fiscalDateEnding": "2018-03-30", "updatedFromDate": "2023-08-16"}, {"date": "2018-04-03", "symbol": "2809.T", "eps": 22.09, "epsEstimated": 25.82, "time": "bmo", "revenue": 137212000000, "revenueEstimated": null, "fiscalDateEnding": "2018-02-27", "updatedFromDate": "2023-05-17"}, {"date": "2018-04-03", "symbol": "600084.SS", "eps": -0.01566, "epsEstimated": null, "time": "bmo", "revenue": 118969613.98, "revenueEstimated": null, "fiscalDateEnding": "2018-06-29", "updatedFromDate": "2023-05-17"}, {"date": "2018-04-03", "symbol": "ISKJ.ME", "eps": null, "epsEstimated": null, "time": "bmo", "revenue": null, "revenueEstimated": null, "fiscalDateEnding": "2018-01-03", "updatedFromDate": "2023-05-17"}, {"date": "2018-04-03", "symbol": "ARG.PA", "eps": 2.1, "epsEstimated": null, "time": "bmo", "revenue": 21347500, "revenueEstimated": null, "fiscalDateEnding": "2018-01-03", "updatedFromDate": "2023-05-17"}, {"date": "2018-04-03", "symbol": "LFCR", "eps": 0.09, "epsEstimated": 0.09, "time": "bmo", "revenue": 149323000, "revenueEstimated": null, "fiscalDateEnding": "2018-02-28", "updatedFromDate": "2023-11-28"}, {"date": "2018-04-03", "symbol": "ICON.JK", "eps": null, "epsEstimated": null, "time": "bmo", "revenue": null, "revenueEstimated": null, "fiscalDateEnding": "2018-03-31", "updatedFromDate": "2023-05-17"}, {"date": "2018-04-03", "symbol": "PLAY", "eps": 0.61, "epsEstimated": 0.59, "time": "amc", "revenue": 282139000, "revenueEstimated": 299901639.3442623, "fiscalDateEnding": "2018-01-03", "updatedFromDate": "2023-10-10"}, {"date": "2018-04-03", "symbol": "000547.SZ", "eps": 0.06, "epsEstimated": null, "time": "bmo", "revenue": 517945246.5, "revenueEstimated": null, "fiscalDateEnding": "2018-03-30", "updatedFromDate": "2023-05-17"}, {"date": "2018-04-03", "symbol": "7447.T", "eps": 25.26, "epsEstimated": null, "time": "bmo", "revenue": 4350656000, "revenueEstimated": null, "fiscalDateEnding": "2018-02-27", "updatedFromDate": "2023-05-17"}, {"date": "2018-04-03", "symbol": "KP2.AX", "eps": null, "epsEstimated": null, "time": "bmo", "revenue": null, "revenueEstimated": null, "fiscalDateEnding": "2018-03-31", "updatedFromDate": "2023-05-17"}, {"date": "2018-04-03", "symbol": "MLRT", "eps": -2.06411, "epsEstimated": null, "time": "bmo", "revenue": 251062, "revenueEstimated": null, "fiscalDateEnding": "2018-03-31", "updatedFromDate": "2023-09-29"}, {"date": "2018-04-03", "symbol": "MYMD", "eps": 76.8, "epsEstimated": 23.04, "time": "bmo", "revenue": 302475, "revenueEstimated": 90000.00000000001, "fiscalDateEnding": "2018-03-30", "updatedFromDate": "2023-09-29"}, {"date": "2018-04-03", "symbol": "002099.SZ", "eps": 0.03, "epsEstimated": null, "time": "bmo", "revenue": 610754044.64, "revenueEstimated": null, "fiscalDateEnding": "2018-03-30", "updatedFromDate": "2023-05-17"}, {"date": "2018-04-03", "symbol": "2471.T", "eps": 1.37, "epsEstimated": null, "time": "bmo", "revenue": 3212000000, "revenueEstimated": null, "fiscalDateEnding": "2018-02-27", "updatedFromDate": "2023-08-16"}, {"date": "2018-04-03", "symbol": "GTXO", "eps": -5.08811, "epsEstimated": null, "time": "bmo", "revenue": 147248, "revenueEstimated": null, "fiscalDateEnding": "2018-06-29", "updatedFromDate": "2023-05-17"}, {"date": "2018-04-03", "symbol": "NGS.ST", "eps": 1.13, "epsEstimated": null, "time": "bmo", "revenue": 158513000, "revenueEstimated": null, "fiscalDateEnding": "2018-06-29", "updatedFromDate": "2023-05-17"}]}