{"result": [{"date": "2018-05-31", "symbol": "BIBLF", "eps": -0.05, "epsEstimated": -0.00938, "time": "bmo", "revenue": null, "revenueEstimated": null, "fiscalDateEnding": "2018-12-31", "updatedFromDate": "2023-08-16"}, {"date": "2018-05-31", "symbol": "BORR.OL", "eps": -0.35, "epsEstimated": -0.39, "time": "bmo", "revenue": null, "revenueEstimated": null, "fiscalDateEnding": "2018-03-31", "updatedFromDate": "2023-05-17"}, {"date": "2018-05-31", "symbol": "AGNPF", "eps": -0.28841, "epsEstimated": null, "time": "amc", "revenue": null, "revenueEstimated": null, "fiscalDateEnding": "2018-05-31", "updatedFromDate": "2023-08-17"}, {"date": "2018-05-31", "symbol": "DCI", "eps": 0.53, "epsEstimated": 0.52, "time": "bmo", "revenue": 724700000, "revenueEstimated": 686792452.8301886, "fiscalDateEnding": "2018-02-28", "updatedFromDate": "2023-09-29"}, {"date": "2018-05-31", "symbol": "EXPR", "eps": 0.2, "epsEstimated": -0.2, "time": "bmo", "revenue": 628426000, "revenueEstimated": 958800000, "fiscalDateEnding": "2018-02-28", "updatedFromDate": "2023-10-10"}, {"date": "2018-05-31", "symbol": "GTWO.V", "eps": -0.00378, "epsEstimated": null, "time": "bmo", "revenue": null, "revenueEstimated": null, "fiscalDateEnding": "2018-05-31", "updatedFromDate": "2023-10-16"}, {"date": "2018-05-31", "symbol": "HOLCO.AS", "eps": 1.76, "epsEstimated": null, "time": "bmo", "revenue": 22725500, "revenueEstimated": null, "fiscalDateEnding": "2018-02-28", "updatedFromDate": "2023-10-17"}, {"date": "2018-05-31", "symbol": "NBUD.CN", "eps": -0.00171, "epsEstimated": null, "time": "bmo", "revenue": null, "revenueEstimated": null, "fiscalDateEnding": "2018-05-31", "updatedFromDate": "2023-05-17"}, {"date": "2018-05-31", "symbol": "NOR.OL", "eps": -0.7647, "epsEstimated": null, "time": "bmo", "revenue": 127450.06825, "revenueEstimated": null, "fiscalDateEnding": "2018-03-30", "updatedFromDate": "2023-08-16"}, {"date": "2018-05-31", "symbol": "PCX.DE", "eps": 0.632, "epsEstimated": null, "time": "bmo", "revenue": 871100000, "revenueEstimated": null, "fiscalDateEnding": "2018-05-31", "updatedFromDate": "2023-10-17"}, {"date": "2018-05-31", "symbol": "PDO.CN", "eps": -0.02329, "epsEstimated": null, "time": "bmo", "revenue": 187264, "revenueEstimated": null, "fiscalDateEnding": "2018-05-31", "updatedFromDate": "2023-10-16"}, {"date": "2018-05-31", "symbol": "GDL.TO", "eps": 0.2116, "epsEstimated": null, "time": "bmo", "revenue": 133326000, "revenueEstimated": null, "fiscalDateEnding": "2018-05-31", "updatedFromDate": "2023-10-16"}, {"date": "2018-05-31", "symbol": "ARN.AX", "eps": -0.00093, "epsEstimated": null, "time": "bmo", "revenue": null, "revenueEstimated": null, "fiscalDateEnding": "2018-05-31", "updatedFromDate": "2023-11-28"}, {"date": "2018-05-31", "symbol": "LFCR", "eps": 0.2181, "epsEstimated": null, "time": "bmo", "revenue": 141076000, "revenueEstimated": null, "fiscalDateEnding": "2018-05-31", "updatedFromDate": "2023-11-28"}, {"date": "2018-05-31", "symbol": "GAME.V", "eps": 3.74, "epsEstimated": null, "time": "bmo", "revenue": 1025713, "revenueEstimated": null, "fiscalDateEnding": "2018-05-31", "updatedFromDate": "2023-10-16"}, {"date": "2018-05-31", "symbol": "8013.HK", "eps": 0.00015, "epsEstimated": null, "time": "bmo", "revenue": 24676000, "revenueEstimated": null, "fiscalDateEnding": "2018-05-31", "updatedFromDate": "2023-10-16"}, {"date": "2018-05-31", "symbol": "SRIL.JK", "eps": 0.002, "epsEstimated": null, "time": "bmo", "revenue": 267837342, "revenueEstimated": null, "fiscalDateEnding": "2018-03-30", "updatedFromDate": "2023-05-17"}, {"date": "2018-05-31", "symbol": "ITOEF", "eps": 28.09, "epsEstimated": null, "time": "bmo", "revenue": null, "revenueEstimated": null, "fiscalDateEnding": "2018-09-30", "updatedFromDate": "2023-05-17"}, {"date": "2018-05-31", "symbol": "SPEONE.ST", "eps": -0.31702, "epsEstimated": null, "time": "bmo", "revenue": 7498000, "revenueEstimated": null, "fiscalDateEnding": "2018-03-30", "updatedFromDate": "2023-05-17"}, {"date": "2018-05-31", "symbol": "RYKKY", "eps": 36.28, "epsEstimated": null, "time": "bmo", "revenue": 106307000000, "revenueEstimated": null, "fiscalDateEnding": "2018-05-31", "updatedFromDate": "2023-05-17"}, {"date": "2018-05-31", "symbol": "MPC.TO", "eps": 0.118, "epsEstimated": null, "time": "bmo", "revenue": 7582000, "revenueEstimated": null, "fiscalDateEnding": "2018-05-31", "updatedFromDate": "2023-10-16"}, {"date": "2018-05-31", "symbol": "CURN", "eps": 0.08, "epsEstimated": 0.23, "time": "bmo", "revenue": null, "revenueEstimated": null, "fiscalDateEnding": "2018-06-30", "updatedFromDate": "2023-05-17"}, {"date": "2018-05-31", "symbol": "4666.T", "eps": 13.59, "epsEstimated": 20.23, "time": "bmo", "revenue": 69997000000, "revenueEstimated": null, "fiscalDateEnding": "2018-04-29", "updatedFromDate": "2023-08-16"}, {"date": "2018-05-31", "symbol": "CXI.TO", "eps": 0.08, "epsEstimated": 0.23, "time": "bmo", "revenue": 8887772, "revenueEstimated": null, "fiscalDateEnding": "2018-04-30", "updatedFromDate": "2023-10-16"}, {"date": "2018-05-31", "symbol": "LPKR.JK", "eps": 4.63, "epsEstimated": 7.24, "time": "bmo", "revenue": 2467363000000, "revenueEstimated": null, "fiscalDateEnding": "2018-03-30", "updatedFromDate": "2023-08-16"}, {"date": "2018-05-31", "symbol": "SZU.DE", "eps": 0.1126, "epsEstimated": null, "time": "bmo", "revenue": 1741000000, "revenueEstimated": null, "fiscalDateEnding": "2018-05-31", "updatedFromDate": "2023-10-17"}, {"date": "2018-05-31", "symbol": "AEP.V", "eps": -0.01579, "epsEstimated": null, "time": "bmo", "revenue": 3987449, "revenueEstimated": null, "fiscalDateEnding": "2018-05-31", "updatedFromDate": "2023-08-16"}, {"date": "2018-05-31", "symbol": "603936.SS", "eps": 0.04592, "epsEstimated": null, "time": "bmo", "revenue": 432998646.72, "revenueEstimated": null, "fiscalDateEnding": "2018-03-30", "updatedFromDate": "2023-08-16"}, {"date": "2018-05-31", "symbol": "AGN.CN", "eps": -0.28493, "epsEstimated": null, "time": "bmo", "revenue": null, "revenueEstimated": null, "fiscalDateEnding": "2018-05-31", "updatedFromDate": "2023-08-16"}, {"date": "2018-05-31", "symbol": "NODL.OL", "eps": 0.00628, "epsEstimated": null, "time": "bmo", "revenue": null, "revenueEstimated": null, "fiscalDateEnding": "2018-02-28", "updatedFromDate": "2023-08-16"}, {"date": "2018-05-31", "symbol": "ASRI.JK", "eps": 15.24, "epsEstimated": 16.44, "time": "bmo", "revenue": 1014520903000, "revenueEstimated": null, "fiscalDateEnding": "2018-03-30", "updatedFromDate": "2023-08-16"}, {"date": "2018-05-31", "symbol": "HISJF", "eps": 0.22, "epsEstimated": null, "time": "bmo", "revenue": null, "revenueEstimated": null, "fiscalDateEnding": "2018-06-30", "updatedFromDate": "2023-09-29"}, {"date": "2018-05-31", "symbol": "PTLKF", "eps": 4.63, "epsEstimated": 7.24, "time": "bmo", "revenue": null, "revenueEstimated": null, "fiscalDateEnding": "2018-03-31", "updatedFromDate": "2023-08-16"}, {"date": "2018-05-31", "symbol": "TGRVF", "eps": 0.01, "epsEstimated": null, "time": "bmo", "revenue": null, "revenueEstimated": null, "fiscalDateEnding": "2018-03-31", "updatedFromDate": "2023-09-29"}, {"date": "2018-05-31", "symbol": "QQ.CN", "eps": -0.09199, "epsEstimated": null, "time": "bmo", "revenue": 188445, "revenueEstimated": null, "fiscalDateEnding": "2018-05-31", "updatedFromDate": "2023-10-16"}, {"date": "2018-05-31", "symbol": "2930.T", "eps": 2.26, "epsEstimated": null, "time": "bmo", "revenue": 1904965000, "revenueEstimated": null, "fiscalDateEnding": "2018-05-31", "updatedFromDate": "2023-10-17"}, {"date": "2018-05-31", "symbol": "OTEC.OL", "eps": 0.04, "epsEstimated": 0.01333, "time": "bmo", "revenue": 72200000, "revenueEstimated": null, "fiscalDateEnding": "2018-02-28", "updatedFromDate": "2023-05-17"}, {"date": "2018-05-31", "symbol": "GVR.V", "eps": -0.01453, "epsEstimated": null, "time": "bmo", "revenue": null, "revenueEstimated": null, "fiscalDateEnding": "2018-05-31", "updatedFromDate": "2023-10-16"}, {"date": "2018-05-31", "symbol": "2012.TW", "eps": 0.4223, "epsEstimated": null, "time": "bmo", "revenue": 2348634000, "revenueEstimated": null, "fiscalDateEnding": "2018-03-31", "updatedFromDate": "2023-08-17"}, {"date": "2018-05-31", "symbol": "HBM.DE", "eps": 1.41, "epsEstimated": null, "time": "bmo", "revenue": 1162100000, "revenueEstimated": null, "fiscalDateEnding": "2018-05-31", "updatedFromDate": "2023-10-16"}, {"date": "2018-05-31", "symbol": "SLZ.WA", "eps": -0.11763, "epsEstimated": null, "time": "bmo", "revenue": 3002137.06, "revenueEstimated": null, "fiscalDateEnding": "2018-03-31", "updatedFromDate": "2023-05-17"}, {"date": "2018-05-31", "symbol": "6578.T", "eps": 15.85, "epsEstimated": null, "time": "bmo", "revenue": 1292039000, "revenueEstimated": null, "fiscalDateEnding": "2018-05-31", "updatedFromDate": "2023-10-17"}, {"date": "2018-05-31", "symbol": "TELE.JK", "eps": 17.19, "epsEstimated": null, "time": "bmo", "revenue": 6435862000000, "revenueEstimated": null, "fiscalDateEnding": "2018-03-30", "updatedFromDate": "2023-05-17"}, {"date": "2018-05-31", "symbol": "HLPMF", "eps": 0.2, "epsEstimated": 0.19, "time": "bmo", "revenue": null, "revenueEstimated": null, "fiscalDateEnding": "2018-03-31", "updatedFromDate": "2023-05-17"}, {"date": "2018-05-31", "symbol": "MPCC.OL", "eps": 0.01, "epsEstimated": 0.05, "time": "bmo", "revenue": 46935000, "revenueEstimated": null, "fiscalDateEnding": "2018-02-28", "updatedFromDate": "2023-05-17"}, {"date": "2018-05-31", "symbol": "CNTR.CN", "eps": -0.00095, "epsEstimated": null, "time": "bmo", "revenue": null, "revenueEstimated": null, "fiscalDateEnding": "2018-05-31", "updatedFromDate": "2023-10-17"}, {"date": "2018-05-31", "symbol": "FRO.OL", "eps": -0.08, "epsEstimated": -0.14, "time": "bmo", "revenue": 169621000, "revenueEstimated": null, "fiscalDateEnding": "2018-03-31", "updatedFromDate": "2023-10-16"}, {"date": "2018-05-31", "symbol": "SHLM", "eps": 0.17, "epsEstimated": null, "time": "bmo", "revenue": 722240000, "revenueEstimated": null, "fiscalDateEnding": "2018-05-31", "updatedFromDate": "2023-11-01"}, {"date": "2018-05-31", "symbol": "SB-PD", "eps": 0.03, "epsEstimated": 0.022, "time": "bmo", "revenue": 193191000, "revenueEstimated": null, "fiscalDateEnding": "2018-03-31", "updatedFromDate": "2023-05-17"}, {"date": "2018-05-31", "symbol": "ORC.DE", "eps": 0.821, "epsEstimated": null, "time": "bmo", "revenue": 11251000000, "revenueEstimated": null, "fiscalDateEnding": "2018-05-31", "updatedFromDate": "2023-10-17"}, {"date": "2018-05-31", "symbol": "HMLP", "eps": 0.59, "epsEstimated": 0.37, "time": "bmo", "revenue": 34885000, "revenueEstimated": 21880169.491525427, "fiscalDateEnding": "2018-03-30", "updatedFromDate": "2023-08-25"}, {"date": "2018-05-31", "symbol": "PQEFF", "eps": -0.05234, "epsEstimated": null, "time": "bmo", "revenue": null, "revenueEstimated": null, "fiscalDateEnding": "2018-05-31", "updatedFromDate": "2023-09-29"}, {"date": "2018-05-31", "symbol": "FDX.DE", "eps": 4.16, "epsEstimated": null, "time": "bmo", "revenue": 17314000000, "revenueEstimated": null, "fiscalDateEnding": "2018-05-31", "updatedFromDate": "2023-10-17"}, {"date": "2018-05-31", "symbol": "AGB2.DE", "eps": 0.3425, "epsEstimated": null, "time": "bmo", "revenue": 630278000, "revenueEstimated": null, "fiscalDateEnding": "2018-05-31", "updatedFromDate": "2023-10-16"}, {"date": "2018-05-31", "symbol": "AWR.CN", "eps": -0.00776, "epsEstimated": null, "time": "bmo", "revenue": null, "revenueEstimated": null, "fiscalDateEnding": "2018-05-31", "updatedFromDate": "2023-10-16"}, {"date": "2018-05-31", "symbol": "BRIM.IC", "eps": -0.00011, "epsEstimated": null, "time": "bmo", "revenue": 49805000, "revenueEstimated": null, "fiscalDateEnding": "2018-06-29", "updatedFromDate": "2023-05-17"}, {"date": "2018-05-31", "symbol": "CRES.CN", "eps": -0.03531, "epsEstimated": null, "time": "bmo", "revenue": null, "revenueEstimated": null, "fiscalDateEnding": "2018-05-31", "updatedFromDate": "2023-10-16"}, {"date": "2018-05-31", "symbol": "TCAN.CN", "eps": -0.05612, "epsEstimated": null, "time": "bmo", "revenue": null, "revenueEstimated": null, "fiscalDateEnding": "2018-05-31", "updatedFromDate": "2023-05-17"}, {"date": "2018-05-31", "symbol": "ACRHF", "eps": -0.00016, "epsEstimated": null, "time": "bmo", "revenue": null, "revenueEstimated": null, "fiscalDateEnding": "2018-05-31", "updatedFromDate": "2023-05-17"}, {"date": "2018-05-31", "symbol": "JUSH.CN", "eps": -0.00204, "epsEstimated": null, "time": "bmo", "revenue": null, "revenueEstimated": null, "fiscalDateEnding": "2018-05-31", "updatedFromDate": "2023-10-16"}, {"date": "2018-05-31", "symbol": "LFST.V", "eps": -0.02936, "epsEstimated": null, "time": "bmo", "revenue": 4062221, "revenueEstimated": null, "fiscalDateEnding": "2018-05-31", "updatedFromDate": "2023-10-16"}, {"date": "2018-05-31", "symbol": "9603.T", "eps": 39.28, "epsEstimated": 49.61, "time": "bmo", "revenue": 176738000000, "revenueEstimated": null, "fiscalDateEnding": "2018-04-30", "updatedFromDate": "2023-08-25"}, {"date": "2018-05-31", "symbol": "NPPTF", "eps": -0.10115, "epsEstimated": null, "time": "amc", "revenue": 165445, "revenueEstimated": null, "fiscalDateEnding": "2018-05-31", "updatedFromDate": "2023-08-25"}, {"date": "2018-05-31", "symbol": "RSTN", "eps": -1.3364, "epsEstimated": null, "time": "bmo", "revenue": null, "revenueEstimated": null, "fiscalDateEnding": "2018-05-31", "updatedFromDate": "2023-05-17"}, {"date": "2018-05-31", "symbol": "HOLHF", "eps": 0.03, "epsEstimated": 0.06, "time": "bmo", "revenue": null, "revenueEstimated": null, "fiscalDateEnding": "2018-03-31", "updatedFromDate": "2023-05-17"}, {"date": "2018-05-31", "symbol": "LOT.V", "eps": -0.00184, "epsEstimated": null, "time": "bmo", "revenue": null, "revenueEstimated": null, "fiscalDateEnding": "2018-05-31", "updatedFromDate": "2023-10-16"}, {"date": "2018-05-31", "symbol": "LUXX.CN", "eps": -0.00743, "epsEstimated": null, "time": "bmo", "revenue": null, "revenueEstimated": null, "fiscalDateEnding": "2018-05-31", "updatedFromDate": "2023-10-16"}, {"date": "2018-05-31", "symbol": "COALA.ST", "eps": 2.1, "epsEstimated": null, "time": "bmo", "revenue": 509500000, "revenueEstimated": null, "fiscalDateEnding": "2018-05-31", "updatedFromDate": "2023-10-16"}, {"date": "2018-05-31", "symbol": "PTNR.TA", "eps": 0.05314, "epsEstimated": null, "time": "bmo", "revenue": 826000000, "revenueEstimated": null, "fiscalDateEnding": "2018-03-31", "updatedFromDate": "2023-08-17"}, {"date": "2018-05-31", "symbol": "5139.KL", "eps": 0.3887, "epsEstimated": null, "time": "bmo", "revenue": 325718000, "revenueEstimated": null, "fiscalDateEnding": "2018-05-31", "updatedFromDate": "2023-10-16"}, {"date": "2018-05-31", "symbol": "SFL", "eps": 0.25, "epsEstimated": 0.21, "time": "bmo", "revenue": 92349000, "revenueEstimated": 77532000, "fiscalDateEnding": "2018-03-31", "updatedFromDate": "2023-09-29"}, {"date": "2018-05-31", "symbol": "JUSHF", "eps": -0.00204, "epsEstimated": null, "time": "bmo", "revenue": null, "revenueEstimated": null, "fiscalDateEnding": "2018-05-31", "updatedFromDate": "2023-09-29"}, {"date": "2018-05-31", "symbol": "8611.HK", "eps": 0.01476, "epsEstimated": null, "time": "bmo", "revenue": 18312000, "revenueEstimated": null, "fiscalDateEnding": "2018-05-31", "updatedFromDate": "2023-05-17"}, {"date": "2018-05-31", "symbol": "MOJO.CN", "eps": -1.12258, "epsEstimated": null, "time": "bmo", "revenue": null, "revenueEstimated": null, "fiscalDateEnding": "2018-05-31", "updatedFromDate": "2023-10-16"}, {"date": "2018-05-31", "symbol": "EQTRF", "eps": -0.00861, "epsEstimated": null, "time": "bmo", "revenue": null, "revenueEstimated": null, "fiscalDateEnding": "2018-05-31", "updatedFromDate": "2023-10-16"}, {"date": "2018-05-31", "symbol": "9901.HK", "eps": 0.04095, "epsEstimated": null, "time": "bmo", "revenue": 701001000, "revenueEstimated": null, "fiscalDateEnding": "2018-05-31", "updatedFromDate": "2023-10-17"}, {"date": "2018-05-31", "symbol": "BOLT.TA", "eps": null, "epsEstimated": null, "time": "bmo", "revenue": null, "revenueEstimated": null, "fiscalDateEnding": "2018-03-31", "updatedFromDate": "2023-08-02"}, {"date": "2018-05-31", "symbol": "VS", "eps": -3.36505, "epsEstimated": null, "time": "bmo", "revenue": null, "revenueEstimated": null, "fiscalDateEnding": "2018-03-31", "updatedFromDate": "2023-09-29"}, {"date": "2018-05-31", "symbol": "BBW", "eps": 0.02, "epsEstimated": 0.25, "time": "bmo", "revenue": 101529000, "revenueEstimated": null, "fiscalDateEnding": "2018-02-28", "updatedFromDate": "2023-10-10"}, {"date": "2018-05-31", "symbol": "CBKC", "eps": -0.14, "epsEstimated": -0.13, "time": "bmo", "revenue": 92264000, "revenueEstimated": null, "fiscalDateEnding": "2018-02-02", "updatedFromDate": "2023-05-17"}, {"date": "2018-05-31", "symbol": "ESKYF", "eps": -0.00326, "epsEstimated": null, "time": "bmo", "revenue": null, "revenueEstimated": null, "fiscalDateEnding": "2018-05-31", "updatedFromDate": "2023-10-16"}, {"date": "2018-05-31", "symbol": "RUPRF", "eps": -0.01176, "epsEstimated": null, "time": "bmo", "revenue": null, "revenueEstimated": null, "fiscalDateEnding": "2018-05-31", "updatedFromDate": "2023-10-16"}, {"date": "2018-05-31", "symbol": "NOB.V", "eps": -0.00508, "epsEstimated": null, "time": "bmo", "revenue": null, "revenueEstimated": null, "fiscalDateEnding": "2018-05-31", "updatedFromDate": "2023-10-16"}, {"date": "2018-05-31", "symbol": "GLNG", "eps": -0.21, "epsEstimated": -0.22, "time": "bmo", "revenue": 66190000, "revenueEstimated": 51841582.03125, "fiscalDateEnding": "2018-03-31", "updatedFromDate": "2023-09-29"}, {"date": "2018-05-31", "symbol": "NVX.V", "eps": -0.01001, "epsEstimated": null, "time": "bmo", "revenue": null, "revenueEstimated": null, "fiscalDateEnding": "2018-05-31", "updatedFromDate": "2023-10-16"}, {"date": "2018-05-31", "symbol": "NKE.NE", "eps": 0.693, "epsEstimated": null, "time": "bmo", "revenue": 9789000000, "revenueEstimated": null, "fiscalDateEnding": "2018-05-31", "updatedFromDate": "2023-10-16"}, {"date": "2018-05-31", "symbol": "NWST.V", "eps": -0.00924, "epsEstimated": null, "time": "bmo", "revenue": null, "revenueEstimated": null, "fiscalDateEnding": "2018-05-31", "updatedFromDate": "2023-10-16"}, {"date": "2018-05-31", "symbol": "CAL", "eps": 0.43, "epsEstimated": 0.48, "time": "amc", "revenue": 720263000, "revenueEstimated": 690900000, "fiscalDateEnding": "2018-02-28", "updatedFromDate": "2023-10-10"}, {"date": "2018-05-31", "symbol": "VRSSF", "eps": null, "epsEstimated": null, "time": "bmo", "revenue": null, "revenueEstimated": null, "fiscalDateEnding": "2018-02-28", "updatedFromDate": "2023-10-10"}, {"date": "2018-05-31", "symbol": "THER", "eps": 29.1, "epsEstimated": null, "time": "bmo", "revenue": null, "revenueEstimated": null, "fiscalDateEnding": "2018-03-30", "updatedFromDate": "2023-05-17"}, {"date": "2018-05-31", "symbol": "ORI.CN", "eps": -0.07194, "epsEstimated": null, "time": "bmo", "revenue": null, "revenueEstimated": null, "fiscalDateEnding": "2018-05-31", "updatedFromDate": "2023-10-17"}, {"date": "2018-05-31", "symbol": "PCLO.V", "eps": -0.15314, "epsEstimated": null, "time": "bmo", "revenue": null, "revenueEstimated": null, "fiscalDateEnding": "2018-05-31", "updatedFromDate": "2023-10-16"}, {"date": "2018-05-31", "symbol": "GAME", "eps": 3.74, "epsEstimated": null, "time": "bmo", "revenue": 1025713, "revenueEstimated": null, "fiscalDateEnding": "2018-05-31", "updatedFromDate": "2023-10-10"}, {"date": "2018-05-31", "symbol": "PILL.CN", "eps": -0.06569, "epsEstimated": null, "time": "bmo", "revenue": 12778, "revenueEstimated": null, "fiscalDateEnding": "2018-05-31", "updatedFromDate": "2023-10-16"}, {"date": "2018-05-31", "symbol": "DLTR", "eps": 1.19, "epsEstimated": 1.23, "time": "bmo", "revenue": 6205200000, "revenueEstimated": 5740378991.59664, "fiscalDateEnding": "2018-02-28", "updatedFromDate": "2023-10-10"}, {"date": "2018-05-31", "symbol": "BURL", "eps": 1.26, "epsEstimated": 1.09, "time": "bmo", "revenue": 1998071000, "revenueEstimated": 1318986507.936508, "fiscalDateEnding": "2018-02-28", "updatedFromDate": "2023-10-10"}, {"date": "2018-05-31", "symbol": "CRVL", "eps": 0.47, "epsEstimated": null, "time": "bmo", "revenue": 146082000, "revenueEstimated": null, "fiscalDateEnding": "2018-02-28", "updatedFromDate": "2023-10-10"}, {"date": "2018-05-31", "symbol": "ULTA", "eps": 2.7, "epsEstimated": 2.48, "time": "amc", "revenue": 2124716000, "revenueEstimated": 1417917037.0370371, "fiscalDateEnding": "2018-02-28", "updatedFromDate": "2023-10-10"}, {"date": "2018-05-31", "symbol": "PUMA.V", "eps": -0.01482, "epsEstimated": null, "time": "bmo", "revenue": null, "revenueEstimated": null, "fiscalDateEnding": "2018-05-31", "updatedFromDate": "2023-10-16"}, {"date": "2018-05-31", "symbol": "8131.HK", "eps": -0.00124, "epsEstimated": null, "time": "bmo", "revenue": 4936000, "revenueEstimated": null, "fiscalDateEnding": "2018-05-31", "updatedFromDate": "2023-05-17"}, {"date": "2018-05-31", "symbol": "GHM", "eps": 0.07, "epsEstimated": 0.01, "time": "bmo", "revenue": 17198000, "revenueEstimated": 3168571.4285714296, "fiscalDateEnding": "2018-02-28", "updatedFromDate": "2023-10-10"}, {"date": "2018-05-31", "symbol": "COST", "eps": 1.7, "epsEstimated": 1.69, "time": "amc", "revenue": 32361000000, "revenueEstimated": 32170641176.47059, "fiscalDateEnding": "2018-05-12", "updatedFromDate": "2023-09-29"}, {"date": "2018-05-31", "symbol": "6196.T", "eps": 19.88, "epsEstimated": null, "time": "bmo", "revenue": 1267361000, "revenueEstimated": null, "fiscalDateEnding": "2018-05-31", "updatedFromDate": "2023-05-17"}, {"date": "2018-05-31", "symbol": "YEXT", "eps": -0.11, "epsEstimated": -0.12, "time": "amc", "revenue": 51095000, "revenueEstimated": 55739999.99999999, "fiscalDateEnding": "2018-04-29", "updatedFromDate": "2023-09-29"}, {"date": "2018-05-31", "symbol": "PNA1V.HE", "eps": null, "epsEstimated": null, "time": "bmo", "revenue": 199660000, "revenueEstimated": null, "fiscalDateEnding": "2018-02-28", "updatedFromDate": "2023-05-17"}, {"date": "2018-05-31", "symbol": "HLLGY", "eps": 0.51, "epsEstimated": null, "time": "bmo", "revenue": 1930395000, "revenueEstimated": null, "fiscalDateEnding": "2018-05-31", "updatedFromDate": "2023-10-17"}, {"date": "2018-05-31", "symbol": "NCLTY", "eps": 17.53, "epsEstimated": null, "time": "bmo", "revenue": 157648000000, "revenueEstimated": null, "fiscalDateEnding": "2018-05-31", "updatedFromDate": "2023-10-17"}, {"date": "2018-05-31", "symbol": "3558.T", "eps": -11.70659, "epsEstimated": null, "time": "bmo", "revenue": 1371014000, "revenueEstimated": null, "fiscalDateEnding": "2018-05-31", "updatedFromDate": "2023-10-17"}, {"date": "2018-05-31", "symbol": "SSMS.JK", "eps": 21.46, "epsEstimated": null, "time": "bmo", "revenue": 900808170000, "revenueEstimated": null, "fiscalDateEnding": "2018-03-31", "updatedFromDate": "2023-05-17"}, {"date": "2018-05-31", "symbol": "PCLOF", "eps": -0.15314, "epsEstimated": null, "time": "bmo", "revenue": null, "revenueEstimated": null, "fiscalDateEnding": "2018-05-31", "updatedFromDate": "2023-08-25"}, {"date": "2018-05-31", "symbol": "VLNSF", "eps": -0.17237, "epsEstimated": null, "time": "bmo", "revenue": 77874000, "revenueEstimated": null, "fiscalDateEnding": "2018-05-31", "updatedFromDate": "2023-11-09"}, {"date": "2018-05-31", "symbol": "SEAG.CN", "eps": -0.00317, "epsEstimated": null, "time": "bmo", "revenue": null, "revenueEstimated": null, "fiscalDateEnding": "2018-05-31", "updatedFromDate": "2023-10-16"}, {"date": "2018-05-31", "symbol": "VMW", "eps": 1.26, "epsEstimated": 1.14, "time": "amc", "revenue": 2008000000, "revenueEstimated": 1816761904.7619045, "fiscalDateEnding": "2018-05-03", "updatedFromDate": "2023-09-29"}, {"date": "2018-05-31", "symbol": "AEO", "eps": 0.23, "epsEstimated": 0.22, "time": "bmo", "revenue": 1244199000, "revenueEstimated": 787217391.3043478, "fiscalDateEnding": "2018-02-28", "updatedFromDate": "2023-10-10"}, {"date": "2018-05-31", "symbol": "RELI", "eps": -7.48417, "epsEstimated": null, "time": "bmo", "revenue": 1500, "revenueEstimated": null, "fiscalDateEnding": "2018-05-31", "updatedFromDate": "2023-08-25"}, {"date": "2018-05-31", "symbol": "6552.T", "eps": 8.66, "epsEstimated": null, "time": "bmo", "revenue": 725510000, "revenueEstimated": null, "fiscalDateEnding": "2018-05-31", "updatedFromDate": "2023-10-16"}, {"date": "2018-05-31", "symbol": "SGD.V", "eps": -0.00166, "epsEstimated": null, "time": "bmo", "revenue": 9335, "revenueEstimated": null, "fiscalDateEnding": "2018-05-31", "updatedFromDate": "2023-10-16"}, {"date": "2018-05-31", "symbol": "SGMD.V", "eps": -0.00628, "epsEstimated": null, "time": "bmo", "revenue": 1008852, "revenueEstimated": null, "fiscalDateEnding": "2018-05-31", "updatedFromDate": "2023-10-16"}, {"date": "2018-05-31", "symbol": "1430.T", "eps": 45.6, "epsEstimated": null, "time": "bmo", "revenue": 6161572000, "revenueEstimated": null, "fiscalDateEnding": "2018-05-31", "updatedFromDate": "2023-10-17"}, {"date": "2018-05-31", "symbol": "6532.T", "eps": 1.85, "epsEstimated": null, "time": "bmo", "revenue": 5776000000, "revenueEstimated": null, "fiscalDateEnding": "2018-05-31", "updatedFromDate": "2023-10-17"}, {"date": "2018-05-31", "symbol": "RIINF", "eps": -0.00401, "epsEstimated": null, "time": "bmo", "revenue": null, "revenueEstimated": null, "fiscalDateEnding": "2018-05-31", "updatedFromDate": "2023-09-29"}, {"date": "2018-05-31", "symbol": "SLM.AX", "eps": -0.00498, "epsEstimated": null, "time": "bmo", "revenue": 62405750, "revenueEstimated": null, "fiscalDateEnding": "2018-05-31", "updatedFromDate": "2023-10-16"}, {"date": "2018-05-31", "symbol": "BNN.CN", "eps": -0.00264, "epsEstimated": null, "time": "bmo", "revenue": null, "revenueEstimated": null, "fiscalDateEnding": "2018-05-31", "updatedFromDate": "2023-05-17"}, {"date": "2018-05-31", "symbol": "CAWW", "eps": -0.0392, "epsEstimated": null, "time": "bmo", "revenue": 4222986, "revenueEstimated": null, "fiscalDateEnding": "2018-05-31", "updatedFromDate": "2023-09-29"}, {"date": "2018-05-31", "symbol": "ETE.AT", "eps": null, "epsEstimated": null, "time": "bmo", "revenue": null, "revenueEstimated": null, "fiscalDateEnding": "2018-03-31", "updatedFromDate": "2023-05-17"}, {"date": "2018-05-31", "symbol": "EKTAF", "eps": 1.42, "epsEstimated": 1.61, "time": "bmo", "revenue": 3320000000, "revenueEstimated": null, "fiscalDateEnding": "2018-02-28", "updatedFromDate": "2023-10-17"}, {"date": "2018-05-31", "symbol": "GRM.DE", "eps": 0.597, "epsEstimated": null, "time": "bmo", "revenue": 3890200000, "revenueEstimated": null, "fiscalDateEnding": "2018-05-31", "updatedFromDate": "2023-10-17"}, {"date": "2018-05-31", "symbol": "ORRCF", "eps": -0.00434, "epsEstimated": null, "time": "bmo", "revenue": 1232, "revenueEstimated": null, "fiscalDateEnding": "2018-05-31", "updatedFromDate": "2023-10-12"}, {"date": "2018-05-31", "symbol": "PSAB.JK", "eps": 2e-05, "epsEstimated": null, "time": "bmo", "revenue": 43691110, "revenueEstimated": null, "fiscalDateEnding": "2018-06-29", "updatedFromDate": "2023-05-17"}, {"date": "2018-05-31", "symbol": "GRUSF", "eps": -0.02618, "epsEstimated": null, "time": "bmo", "revenue": null, "revenueEstimated": null, "fiscalDateEnding": "2018-05-31", "updatedFromDate": "2023-09-29"}, {"date": "2018-05-31", "symbol": "CLSH.CN", "eps": -0.22358, "epsEstimated": null, "time": "bmo", "revenue": null, "revenueEstimated": null, "fiscalDateEnding": "2018-05-31", "updatedFromDate": "2023-10-17"}, {"date": "2018-05-31", "symbol": "5971.T", "eps": 237.78, "epsEstimated": null, "time": "bmo", "revenue": null, "revenueEstimated": null, "fiscalDateEnding": "2018-03-31", "updatedFromDate": "2023-05-19"}, {"date": "2018-05-31", "symbol": "NKE.DE", "eps": 0.693, "epsEstimated": null, "time": "bmo", "revenue": 9789000000, "revenueEstimated": null, "fiscalDateEnding": "2018-05-31", "updatedFromDate": "2023-10-17"}, {"date": "2018-05-31", "symbol": "HLE.DE", "eps": 1.02, "epsEstimated": null, "time": "bmo", "revenue": 1930395000, "revenueEstimated": null, "fiscalDateEnding": "2018-05-31", "updatedFromDate": "2023-10-17"}, {"date": "2018-05-31", "symbol": "DLKGF", "eps": null, "epsEstimated": null, "time": "bmo", "revenue": null, "revenueEstimated": null, "fiscalDateEnding": "2018-03-31", "updatedFromDate": "2023-05-17"}, {"date": "2018-05-31", "symbol": "FTSSF", "eps": null, "epsEstimated": null, "time": "bmo", "revenue": null, "revenueEstimated": null, "fiscalDateEnding": "2018-03-31", "updatedFromDate": "2023-05-17"}, {"date": "2018-05-31", "symbol": "NBGIF", "eps": null, "epsEstimated": null, "time": "bmo", "revenue": null, "revenueEstimated": null, "fiscalDateEnding": "2018-03-31", "updatedFromDate": "2023-05-17"}, {"date": "2018-05-31", "symbol": "TLRY.TO", "eps": -0.02135, "epsEstimated": null, "time": "bmo", "revenue": 9144985.710792, "revenueEstimated": null, "fiscalDateEnding": "2018-05-31", "updatedFromDate": "2023-10-16"}, {"date": "2018-05-31", "symbol": "TMG.V", "eps": 0.00096, "epsEstimated": null, "time": "bmo", "revenue": 17408211, "revenueEstimated": null, "fiscalDateEnding": "2018-05-31", "updatedFromDate": "2023-10-16"}, {"date": "2018-05-31", "symbol": "HANNF", "eps": -0.00743, "epsEstimated": null, "time": "bmo", "revenue": null, "revenueEstimated": null, "fiscalDateEnding": "2018-05-31", "updatedFromDate": "2023-10-12"}, {"date": "2018-05-31", "symbol": "CIEN", "eps": 0.23, "epsEstimated": 0.3, "time": "bmo", "revenue": 729978000, "revenueEstimated": 952173913.0434783, "fiscalDateEnding": "2018-04-29", "updatedFromDate": "2023-09-29"}, {"date": "2018-05-31", "symbol": "JILL", "eps": 1.45, "epsEstimated": 0.95, "time": "bmo", "revenue": 170902000, "revenueEstimated": 125172413.79310346, "fiscalDateEnding": "2018-02-28", "updatedFromDate": "2023-10-10"}, {"date": "2018-05-31", "symbol": "EVLO", "eps": -6.5891, "epsEstimated": null, "time": "bmo", "revenue": null, "revenueEstimated": null, "fiscalDateEnding": "2018-03-30", "updatedFromDate": "2023-09-29"}, {"date": "2018-05-31", "symbol": "1FC.DE", "eps": 0.2486, "epsEstimated": null, "time": "bmo", "revenue": 192352000, "revenueEstimated": null, "fiscalDateEnding": "2018-05-31", "updatedFromDate": "2023-10-16"}, {"date": "2018-05-31", "symbol": "TATT", "eps": -0.08, "epsEstimated": null, "time": "bmo", "revenue": 24357000, "revenueEstimated": null, "fiscalDateEnding": "2018-03-31", "updatedFromDate": "2023-09-29"}, {"date": "2018-05-31", "symbol": "2HQ.DE", "eps": -0.04491, "epsEstimated": null, "time": "bmo", "revenue": 9144985.710792, "revenueEstimated": null, "fiscalDateEnding": "2018-05-31", "updatedFromDate": "2023-10-16"}, {"date": "2018-05-31", "symbol": "DBG.V", "eps": -0.00303, "epsEstimated": null, "time": "bmo", "revenue": null, "revenueEstimated": null, "fiscalDateEnding": "2018-05-31", "updatedFromDate": "2023-10-17"}, {"date": "2018-05-31", "symbol": "FIT.CN", "eps": -0.79669, "epsEstimated": null, "time": "bmo", "revenue": 43, "revenueEstimated": null, "fiscalDateEnding": "2018-05-31", "updatedFromDate": "2023-10-09"}, {"date": "2018-05-31", "symbol": "MGPHF", "eps": -0.00417, "epsEstimated": -0.00238, "time": "bmo", "revenue": null, "revenueEstimated": null, "fiscalDateEnding": "2018-02-28", "updatedFromDate": "2023-10-16"}, {"date": "2018-05-31", "symbol": "CVTV", "eps": -0.0002, "epsEstimated": null, "time": "bmo", "revenue": null, "revenueEstimated": null, "fiscalDateEnding": "2018-05-31", "updatedFromDate": "2023-10-17"}, {"date": "2018-05-31", "symbol": "SOLT.ST", "eps": 0.07642, "epsEstimated": null, "time": "bmo", "revenue": 19847000, "revenueEstimated": null, "fiscalDateEnding": "2018-06-29", "updatedFromDate": "2023-05-17"}, {"date": "2018-05-31", "symbol": "ELPE.AT", "eps": 0.2, "epsEstimated": 0.19, "time": "bmo", "revenue": null, "revenueEstimated": null, "fiscalDateEnding": "2018-03-31", "updatedFromDate": "2023-05-17"}, {"date": "2018-05-31", "symbol": "7113.KL", "eps": 0.01547, "epsEstimated": null, "time": "bmo", "revenue": 1100574000, "revenueEstimated": null, "fiscalDateEnding": "2018-05-31", "updatedFromDate": "2023-10-16"}, {"date": "2018-05-31", "symbol": "HBH.DE", "eps": 2.69, "epsEstimated": null, "time": "bmo", "revenue": 1227300000, "revenueEstimated": null, "fiscalDateEnding": "2018-05-31", "updatedFromDate": "2023-10-17"}, {"date": "2018-05-31", "symbol": "8353.HK", "eps": 0.00036, "epsEstimated": null, "time": "bmo", "revenue": 4760452, "revenueEstimated": null, "fiscalDateEnding": "2018-05-31", "updatedFromDate": "2023-10-16"}, {"date": "2018-05-31", "symbol": "8412.HK", "eps": -0.34985, "epsEstimated": null, "time": "bmo", "revenue": 17033000, "revenueEstimated": null, "fiscalDateEnding": "2018-05-31", "updatedFromDate": "2023-10-16"}, {"date": "2018-05-31", "symbol": "AALI.V", "eps": -0.00511, "epsEstimated": null, "time": "bmo", "revenue": null, "revenueEstimated": null, "fiscalDateEnding": "2018-05-31", "updatedFromDate": "2023-10-16"}, {"date": "2018-05-31", "symbol": "MESO", "eps": -0.22, "epsEstimated": -0.2, "time": "bmo", "revenue": 991000, "revenueEstimated": null, "fiscalDateEnding": "2018-03-31", "updatedFromDate": "2023-09-29"}, {"date": "2018-05-31", "symbol": "ACG.CN", "eps": -0.00504, "epsEstimated": null, "time": "bmo", "revenue": null, "revenueEstimated": null, "fiscalDateEnding": "2018-05-31", "updatedFromDate": "2023-10-16"}, {"date": "2018-05-31", "symbol": "CTO.DE", "eps": 1.7, "epsEstimated": null, "time": "bmo", "revenue": 32361000000, "revenueEstimated": null, "fiscalDateEnding": "2018-05-31", "updatedFromDate": "2023-10-09"}, {"date": "2018-05-31", "symbol": "SPR.CN", "eps": -0.0014, "epsEstimated": null, "time": "bmo", "revenue": null, "revenueEstimated": null, "fiscalDateEnding": "2018-05-31", "updatedFromDate": "2023-10-17"}, {"date": "2018-05-31", "symbol": "VML.V", "eps": -0.00253, "epsEstimated": null, "time": "bmo", "revenue": null, "revenueEstimated": null, "fiscalDateEnding": "2018-05-31", "updatedFromDate": "2023-10-16"}, {"date": "2018-05-31", "symbol": "MRVL", "eps": 0.32, "epsEstimated": 0.31, "time": "amc", "revenue": 604631000, "revenueEstimated": 585706250, "fiscalDateEnding": "2018-04-30", "updatedFromDate": "2023-09-29"}, {"date": "2018-05-31", "symbol": "WDAY", "eps": 0.33, "epsEstimated": 0.26, "time": "amc", "revenue": 618643000, "revenueEstimated": 487415696.96969694, "fiscalDateEnding": "2018-04-29", "updatedFromDate": "2023-09-29"}, {"date": "2018-05-31", "symbol": "APGO.V", "eps": -0.00223, "epsEstimated": null, "time": "bmo", "revenue": null, "revenueEstimated": null, "fiscalDateEnding": "2018-05-31", "updatedFromDate": "2023-10-16"}, {"date": "2018-05-31", "symbol": "VR.CN", "eps": -0.43415, "epsEstimated": null, "time": "bmo", "revenue": null, "revenueEstimated": null, "fiscalDateEnding": "2018-05-31", "updatedFromDate": "2023-10-16"}, {"date": "2018-05-31", "symbol": "PAM", "eps": 1.56, "epsEstimated": 1.19, "time": "bmo", "revenue": 960543500.970891, "revenueEstimated": 669958912, "fiscalDateEnding": "2018-03-31", "updatedFromDate": "2023-09-29"}, {"date": "2018-05-31", "symbol": "AAG.V", "eps": -0.0068, "epsEstimated": null, "time": "bmo", "revenue": null, "revenueEstimated": null, "fiscalDateEnding": "2018-05-31", "updatedFromDate": "2023-10-17"}, {"date": "2018-05-31", "symbol": "ESK.V", "eps": -0.00326, "epsEstimated": null, "time": "bmo", "revenue": null, "revenueEstimated": null, "fiscalDateEnding": "2018-05-31", "updatedFromDate": "2023-10-17"}, {"date": "2018-05-31", "symbol": "HP.CN", "eps": -0.00714, "epsEstimated": null, "time": "bmo", "revenue": null, "revenueEstimated": null, "fiscalDateEnding": "2018-05-31", "updatedFromDate": "2023-10-17"}, {"date": "2018-05-31", "symbol": "FENX.CN", "eps": -0.00087, "epsEstimated": null, "time": "bmo", "revenue": null, "revenueEstimated": null, "fiscalDateEnding": "2018-05-31", "updatedFromDate": "2023-10-17"}, {"date": "2018-05-31", "symbol": "LI.V", "eps": -0.02174, "epsEstimated": null, "time": "bmo", "revenue": null, "revenueEstimated": null, "fiscalDateEnding": "2018-05-31", "updatedFromDate": "2023-10-17"}, {"date": "2018-05-31", "symbol": "LXENF", "eps": -0.02643, "epsEstimated": null, "time": "bmo", "revenue": null, "revenueEstimated": null, "fiscalDateEnding": "2018-05-31", "updatedFromDate": "2023-10-17"}, {"date": "2018-05-31", "symbol": "LXXGF", "eps": -0.03151, "epsEstimated": null, "time": "bmo", "revenue": null, "revenueEstimated": null, "fiscalDateEnding": "2018-05-31", "updatedFromDate": "2023-10-17"}, {"date": "2018-05-31", "symbol": "ALPHA.AT", "eps": 0.04, "epsEstimated": 0.035, "time": "bmo", "revenue": null, "revenueEstimated": null, "fiscalDateEnding": "2018-03-31", "updatedFromDate": "2023-05-17"}, {"date": "2018-05-31", "symbol": "VLN.TO", "eps": -0.17237, "epsEstimated": null, "time": "bmo", "revenue": 77874000, "revenueEstimated": null, "fiscalDateEnding": "2018-05-31", "updatedFromDate": "2023-10-16"}, {"date": "2018-05-31", "symbol": "REVO.V", "eps": -0.00856, "epsEstimated": null, "time": "bmo", "revenue": 373208, "revenueEstimated": null, "fiscalDateEnding": "2018-05-31", "updatedFromDate": "2023-10-17"}, {"date": "2018-05-31", "symbol": "DLEKG.TA", "eps": 29.07, "epsEstimated": null, "time": "bmo", "revenue": 1781000000, "revenueEstimated": null, "fiscalDateEnding": "2018-03-31", "updatedFromDate": "2023-05-17"}, {"date": "2018-05-31", "symbol": "BICO.ST", "eps": 0.01193, "epsEstimated": null, "time": "bmo", "revenue": 12202000, "revenueEstimated": null, "fiscalDateEnding": "2018-05-31", "updatedFromDate": "2023-10-16"}, {"date": "2018-05-31", "symbol": "TTX.CN", "eps": -0.0133, "epsEstimated": null, "time": "bmo", "revenue": null, "revenueEstimated": null, "fiscalDateEnding": "2018-05-31", "updatedFromDate": "2023-10-17"}, {"date": "2018-05-31", "symbol": "INLOT.AT", "eps": null, "epsEstimated": null, "time": "bmo", "revenue": null, "revenueEstimated": null, "fiscalDateEnding": "2018-03-31", "updatedFromDate": "2023-05-17"}, {"date": "2018-05-31", "symbol": "VIN.CN", "eps": -0.00193, "epsEstimated": null, "time": "bmo", "revenue": null, "revenueEstimated": null, "fiscalDateEnding": "2018-05-31", "updatedFromDate": "2023-10-17"}, {"date": "2018-05-31", "symbol": "ELBMF", "eps": null, "epsEstimated": null, "time": "bmo", "revenue": null, "revenueEstimated": null, "fiscalDateEnding": "2018-03-31", "updatedFromDate": "2023-05-17"}, {"date": "2018-05-31", "symbol": "FTMRQ", "eps": -0.00239, "epsEstimated": null, "time": "bmo", "revenue": null, "revenueEstimated": null, "fiscalDateEnding": "2018-05-31", "updatedFromDate": "2023-10-17"}, {"date": "2018-05-31", "symbol": "WORLD.BK", "eps": -0.06247, "epsEstimated": null, "time": "bmo", "revenue": 49274000, "revenueEstimated": null, "fiscalDateEnding": "2018-05-31", "updatedFromDate": "2023-10-16"}, {"date": "2018-05-31", "symbol": "SJJ.DE", "eps": 0.02853, "epsEstimated": null, "time": "bmo", "revenue": 14200710, "revenueEstimated": null, "fiscalDateEnding": "2018-05-31", "updatedFromDate": "2023-05-17"}, {"date": "2018-05-31", "symbol": "ELBM", "eps": -0.25112, "epsEstimated": null, "time": "bmo", "revenue": null, "revenueEstimated": null, "fiscalDateEnding": "2018-03-31", "updatedFromDate": "2023-09-29"}, {"date": "2018-05-31", "symbol": "TITN", "eps": -0.07, "epsEstimated": -0.1, "time": "bmo", "revenue": 245678000, "revenueEstimated": 280774857.14285713, "fiscalDateEnding": "2018-04-29", "updatedFromDate": "2023-09-29"}, {"date": "2018-05-31", "symbol": "1310.HK", "eps": 0.07777, "epsEstimated": null, "time": "bmo", "revenue": 1040428500, "revenueEstimated": null, "fiscalDateEnding": "2018-05-31", "updatedFromDate": "2023-05-17"}, {"date": "2018-05-31", "symbol": "DOOO", "eps": 0.52, "epsEstimated": 0.29, "time": "bmo", "revenue": 1505900000, "revenueEstimated": 873103188.375, "fiscalDateEnding": "2018-02-28", "updatedFromDate": "2023-10-17"}, {"date": "2018-05-31", "symbol": "ZC.V", "eps": -0.12225, "epsEstimated": null, "time": "bmo", "revenue": 107922, "revenueEstimated": null, "fiscalDateEnding": "2018-05-31", "updatedFromDate": "2023-10-16"}, {"date": "2018-05-31", "symbol": "8427.HK", "eps": -0.00098, "epsEstimated": null, "time": "bmo", "revenue": 12636000, "revenueEstimated": null, "fiscalDateEnding": "2018-05-31", "updatedFromDate": "2023-10-17"}, {"date": "2018-05-31", "symbol": "NERD.CN", "eps": -0.00512, "epsEstimated": null, "time": "bmo", "revenue": 2304061, "revenueEstimated": null, "fiscalDateEnding": "2018-05-31", "updatedFromDate": "2023-10-17"}, {"date": "2018-05-31", "symbol": "RHCCF", "eps": null, "epsEstimated": null, "time": "bmo", "revenue": null, "revenueEstimated": null, "fiscalDateEnding": "2018-03-31", "updatedFromDate": "2023-05-17"}, {"date": "2018-05-31", "symbol": "ELBM.V", "eps": -0.25112, "epsEstimated": null, "time": "bmo", "revenue": null, "revenueEstimated": null, "fiscalDateEnding": "2018-03-31", "updatedFromDate": "2023-10-16"}, {"date": "2018-05-31", "symbol": "EPIC.CN", "eps": -0.04106, "epsEstimated": null, "time": "bmo", "revenue": 22124, "revenueEstimated": null, "fiscalDateEnding": "2018-05-31", "updatedFromDate": "2023-10-16"}, {"date": "2018-05-31", "symbol": "MVXM", "eps": -0.00396, "epsEstimated": null, "time": "bmo", "revenue": 40, "revenueEstimated": null, "fiscalDateEnding": "2018-05-31", "updatedFromDate": "2023-10-10"}, {"date": "2018-05-31", "symbol": "FAF.TO", "eps": -0.01911, "epsEstimated": null, "time": "bmo", "revenue": null, "revenueEstimated": null, "fiscalDateEnding": "2018-05-31", "updatedFromDate": "2023-10-16"}, {"date": "2018-05-31", "symbol": "GMLP", "eps": 0.21, "epsEstimated": 0.11, "time": "bmo", "revenue": 74200000, "revenueEstimated": 56345625, "fiscalDateEnding": "2018-03-30", "updatedFromDate": "2023-05-17"}, {"date": "2018-05-31", "symbol": "FRO", "eps": -0.08, "epsEstimated": -0.17, "time": "bmo", "revenue": 169621000, "revenueEstimated": 318000000, "fiscalDateEnding": "2018-03-31", "updatedFromDate": "2023-09-29"}, {"date": "2018-05-31", "symbol": "BNTC", "eps": -56.12, "epsEstimated": null, "time": "bmo", "revenue": 98319.723828, "revenueEstimated": null, "fiscalDateEnding": "2018-03-31", "updatedFromDate": "2023-09-29"}, {"date": "2018-05-31", "symbol": "AONNY", "eps": 7.78, "epsEstimated": null, "time": "bmo", "revenue": 2104632000000, "revenueEstimated": null, "fiscalDateEnding": "2018-05-31", "updatedFromDate": "2023-10-17"}, {"date": "2018-05-31", "symbol": "6778.T", "eps": -19.55, "epsEstimated": null, "time": "bmo", "revenue": 503388000, "revenueEstimated": null, "fiscalDateEnding": "2018-04-30", "updatedFromDate": "2023-05-17"}, {"date": "2018-05-31", "symbol": "CBKCQ", "eps": -0.14, "epsEstimated": -0.13, "time": "bmo", "revenue": 84293000, "revenueEstimated": null, "fiscalDateEnding": "2018-02-28", "updatedFromDate": "2023-10-10"}, {"date": "2018-05-31", "symbol": "GPHBF", "eps": -0.04076, "epsEstimated": null, "time": "amc", "revenue": 909512, "revenueEstimated": null, "fiscalDateEnding": "2018-05-31", "updatedFromDate": "2023-09-29"}, {"date": "2018-05-31", "symbol": "GGG.V", "eps": -0.04076, "epsEstimated": null, "time": "bmo", "revenue": 909512, "revenueEstimated": null, "fiscalDateEnding": "2018-05-31", "updatedFromDate": "2023-10-16"}, {"date": "2018-05-31", "symbol": "GGO.V", "eps": -0.01006, "epsEstimated": null, "time": "bmo", "revenue": null, "revenueEstimated": null, "fiscalDateEnding": "2018-05-31", "updatedFromDate": "2023-10-16"}, {"date": "2018-05-31", "symbol": "EDAC.MI", "eps": null, "epsEstimated": null, "time": "bmo", "revenue": null, "revenueEstimated": null, "fiscalDateEnding": "2018-03-31", "updatedFromDate": "2023-05-17"}, {"date": "2018-05-31", "symbol": "AMLI", "eps": -0.02174, "epsEstimated": null, "time": "bmo", "revenue": null, "revenueEstimated": null, "fiscalDateEnding": "2018-05-31", "updatedFromDate": "2023-09-29"}, {"date": "2018-05-31", "symbol": "601500.SS", "eps": 0.045, "epsEstimated": null, "time": "bmo", "revenue": 974382413.07, "revenueEstimated": null, "fiscalDateEnding": "2018-03-30", "updatedFromDate": "2023-05-17"}, {"date": "2018-05-31", "symbol": "ENTG.V", "eps": null, "epsEstimated": null, "time": "bmo", "revenue": null, "revenueEstimated": null, "fiscalDateEnding": "2018-03-31", "updatedFromDate": "2023-05-17"}, {"date": "2018-05-31", "symbol": "6110.HK", "eps": 0.09629, "epsEstimated": null, "time": "bmo", "revenue": 7902100000, "revenueEstimated": null, "fiscalDateEnding": "2018-05-31", "updatedFromDate": "2023-10-17"}, {"date": "2018-05-31", "symbol": "J.CN", "eps": -0.01836, "epsEstimated": null, "time": "bmo", "revenue": null, "revenueEstimated": null, "fiscalDateEnding": "2018-05-31", "updatedFromDate": "2023-05-17"}, {"date": "2018-05-31", "symbol": "4369.T", "eps": 47.72, "epsEstimated": null, "time": "bmo", "revenue": 2013682000, "revenueEstimated": null, "fiscalDateEnding": "2018-02-28", "updatedFromDate": "2023-10-17"}, {"date": "2018-05-31", "symbol": "WDDMF", "eps": null, "epsEstimated": null, "time": "amc", "revenue": null, "revenueEstimated": null, "fiscalDateEnding": "2018-03-31", "updatedFromDate": "2023-05-17"}, {"date": "2018-05-31", "symbol": "DG", "eps": 1.36, "epsEstimated": 1.4, "time": "bmo", "revenue": 6649809000, "revenueEstimated": 6294338235.294117, "fiscalDateEnding": "2018-02-28", "updatedFromDate": "2023-10-10"}, {"date": "2018-05-31", "symbol": "3816.T", "eps": 19.36, "epsEstimated": null, "time": "bmo", "revenue": 603231000, "revenueEstimated": null, "fiscalDateEnding": "2018-04-30", "updatedFromDate": "2023-05-17"}, {"date": "2018-05-31", "symbol": "BNCH.V", "eps": -0.01922, "epsEstimated": null, "time": "bmo", "revenue": null, "revenueEstimated": null, "fiscalDateEnding": "2018-05-31", "updatedFromDate": "2023-10-17"}, {"date": "2018-05-31", "symbol": "CBP.CN", "eps": -0.03563, "epsEstimated": null, "time": "bmo", "revenue": 197630, "revenueEstimated": null, "fiscalDateEnding": "2018-05-31", "updatedFromDate": "2023-10-17"}, {"date": "2018-05-31", "symbol": "CCC.CN", "eps": -0.23348, "epsEstimated": null, "time": "bmo", "revenue": null, "revenueEstimated": null, "fiscalDateEnding": "2018-05-31", "updatedFromDate": "2023-10-17"}, {"date": "2018-05-31", "symbol": "KRI.AT", "eps": 0.175, "epsEstimated": null, "time": "bmo", "revenue": 32396154, "revenueEstimated": null, "fiscalDateEnding": "2018-02-28", "updatedFromDate": "2023-05-17"}, {"date": "2018-05-31", "symbol": "W8A.DE", "eps": 1.35, "epsEstimated": null, "time": "bmo", "revenue": 34334000000, "revenueEstimated": null, "fiscalDateEnding": "2018-05-31", "updatedFromDate": "2023-10-16"}, {"date": "2018-05-31", "symbol": "DOO.TO", "eps": 0.52, "epsEstimated": 0.29, "time": "bmo", "revenue": 1505900000, "revenueEstimated": null, "fiscalDateEnding": "2018-02-28", "updatedFromDate": "2023-10-17"}, {"date": "2018-05-31", "symbol": "603586.SS", "eps": 0.01, "epsEstimated": null, "time": "bmo", "revenue": 322210000.91, "revenueEstimated": null, "fiscalDateEnding": "2018-03-30", "updatedFromDate": "2023-05-17"}, {"date": "2018-05-31", "symbol": "ETRGF", "eps": null, "epsEstimated": null, "time": "amc", "revenue": null, "revenueEstimated": null, "fiscalDateEnding": "2018-03-31", "updatedFromDate": "2023-05-17"}, {"date": "2018-05-31", "symbol": "4291.SR", "eps": 0.43, "epsEstimated": null, "time": "bmo", "revenue": 51863575, "revenueEstimated": null, "fiscalDateEnding": "2018-05-31", "updatedFromDate": "2023-05-17"}, {"date": "2018-05-31", "symbol": "EXE.PA", "eps": 1.44, "epsEstimated": null, "time": "bmo", "revenue": 209767000, "revenueEstimated": null, "fiscalDateEnding": "2018-02-28", "updatedFromDate": "2023-05-17"}, {"date": "2018-05-31", "symbol": "TFRFF", "eps": -0.11, "epsEstimated": null, "time": "bmo", "revenue": 32972000, "revenueEstimated": null, "fiscalDateEnding": "2018-03-31", "updatedFromDate": "2023-09-29"}, {"date": "2018-05-31", "symbol": "3996.T", "eps": 3.02, "epsEstimated": null, "time": "bmo", "revenue": 633707000, "revenueEstimated": null, "fiscalDateEnding": "2018-05-31", "updatedFromDate": "2023-10-17"}, {"date": "2018-05-31", "symbol": "GLI.JO", "eps": 0.00013, "epsEstimated": null, "time": "bmo", "revenue": 572287, "revenueEstimated": null, "fiscalDateEnding": "2018-05-31", "updatedFromDate": "2023-10-16"}, {"date": "2018-05-31", "symbol": "KIRK", "eps": 0.953, "epsEstimated": -0.09, "time": "bmo", "revenue": 216147000, "revenueEstimated": 237500000.00000003, "fiscalDateEnding": "2018-02-28", "updatedFromDate": "2023-10-10"}, {"date": "2018-05-31", "symbol": "CCCM.V", "eps": -0.00275, "epsEstimated": null, "time": "bmo", "revenue": null, "revenueEstimated": null, "fiscalDateEnding": "2018-05-31", "updatedFromDate": "2023-10-16"}, {"date": "2018-05-31", "symbol": "CMD", "eps": 0.6, "epsEstimated": 0.6, "time": "bmo", "revenue": 217268000, "revenueEstimated": 217300000, "fiscalDateEnding": "2018-04-29", "updatedFromDate": "2023-05-17"}, {"date": "2018-05-31", "symbol": "LULU", "eps": 0.55, "epsEstimated": 0.46, "time": "amc", "revenue": 1167458000, "revenueEstimated": 543385454.5454545, "fiscalDateEnding": "2018-02-28", "updatedFromDate": "2023-10-10"}, {"date": "2018-05-31", "symbol": "ALBKF", "eps": 0.04, "epsEstimated": 0.035, "time": "bmo", "revenue": null, "revenueEstimated": null, "fiscalDateEnding": "2018-03-31", "updatedFromDate": "2023-05-17"}, {"date": "2018-05-31", "symbol": "ACRDF", "eps": -0.00016, "epsEstimated": null, "time": "bmo", "revenue": null, "revenueEstimated": null, "fiscalDateEnding": "2018-05-31", "updatedFromDate": "2023-08-16"}, {"date": "2018-05-31", "symbol": "OCO.V", "eps": -0.00317, "epsEstimated": null, "time": "bmo", "revenue": null, "revenueEstimated": null, "fiscalDateEnding": "2018-05-31", "updatedFromDate": "2023-10-17"}, {"date": "2018-05-31", "symbol": "KEN", "eps": 10.13, "epsEstimated": null, "time": "bmo", "revenue": 101000000, "revenueEstimated": null, "fiscalDateEnding": "2018-03-31", "updatedFromDate": "2023-09-29"}, {"date": "2018-05-31", "symbol": "STW.ST", "eps": -0.44596, "epsEstimated": null, "time": "bmo", "revenue": null, "revenueEstimated": null, "fiscalDateEnding": "2018-05-31", "updatedFromDate": "2023-10-16"}, {"date": "2018-05-31", "symbol": "LLG.V", "eps": -0.00417, "epsEstimated": -0.00238, "time": "bmo", "revenue": null, "revenueEstimated": null, "fiscalDateEnding": "2018-02-28", "updatedFromDate": "2023-10-16"}, {"date": "2018-05-31", "symbol": "CTS.TO", "eps": -0.04451, "epsEstimated": null, "time": "bmo", "revenue": null, "revenueEstimated": null, "fiscalDateEnding": "2018-05-31", "updatedFromDate": "2023-05-17"}, {"date": "2018-05-31", "symbol": "MDLN.JK", "eps": 8.94, "epsEstimated": null, "time": "bmo", "revenue": 612423387763, "revenueEstimated": null, "fiscalDateEnding": "2018-03-30", "updatedFromDate": "2023-05-17"}, {"date": "2018-05-31", "symbol": "8446.HK", "eps": 0.00525, "epsEstimated": null, "time": "bmo", "revenue": 23915289, "revenueEstimated": null, "fiscalDateEnding": "2018-05-31", "updatedFromDate": "2023-10-16"}, {"date": "2018-05-31", "symbol": "LNDZF", "eps": -0.00628, "epsEstimated": null, "time": "bmo", "revenue": 1008852, "revenueEstimated": null, "fiscalDateEnding": "2018-05-31", "updatedFromDate": "2023-10-10"}, {"date": "2018-05-31", "symbol": "BFYW", "eps": -0.00173, "epsEstimated": null, "time": "bmo", "revenue": null, "revenueEstimated": null, "fiscalDateEnding": "2018-05-31", "updatedFromDate": "2023-10-10"}, {"date": "2018-05-31", "symbol": "IRV.CN", "eps": -0.0086, "epsEstimated": null, "time": "bmo", "revenue": null, "revenueEstimated": null, "fiscalDateEnding": "2018-05-31", "updatedFromDate": "2023-10-16"}, {"date": "2018-05-31", "symbol": "CE2.DE", "eps": 0.0279, "epsEstimated": null, "time": "bmo", "revenue": 192454000, "revenueEstimated": null, "fiscalDateEnding": "2018-05-31", "updatedFromDate": "2023-10-17"}, {"date": "2018-05-31", "symbol": "AXNVF", "eps": null, "epsEstimated": null, "time": "bmo", "revenue": null, "revenueEstimated": null, "fiscalDateEnding": "2018-03-31", "updatedFromDate": "2023-05-17"}, {"date": "2018-05-31", "symbol": "RHC.V", "eps": -0.00513, "epsEstimated": null, "time": "bmo", "revenue": null, "revenueEstimated": null, "fiscalDateEnding": "2018-03-31", "updatedFromDate": "2023-10-16"}, {"date": "2018-05-31", "symbol": "WBR.TO", "eps": -0.05, "epsEstimated": -0.00938, "time": "bmo", "revenue": 7011987, "revenueEstimated": null, "fiscalDateEnding": "2018-04-29", "updatedFromDate": "2023-08-16"}, {"date": "2018-05-31", "symbol": "AUR.ST", "eps": -0.03427, "epsEstimated": null, "time": "bmo", "revenue": 2259838.954281, "revenueEstimated": null, "fiscalDateEnding": "2018-03-31", "updatedFromDate": "2023-08-17"}, {"date": "2018-05-31", "symbol": "ZUO", "eps": -0.32, "epsEstimated": -0.41, "time": "amc", "revenue": 51744000, "revenueEstimated": 62092800, "fiscalDateEnding": "2018-04-29", "updatedFromDate": "2023-09-29"}, {"date": "2018-05-31", "symbol": "GRIN.CN", "eps": -0.02618, "epsEstimated": null, "time": "bmo", "revenue": null, "revenueEstimated": null, "fiscalDateEnding": "2018-05-31", "updatedFromDate": "2023-10-16"}, {"date": "2018-05-31", "symbol": "ONVO", "eps": -1.4, "epsEstimated": -1.4, "time": "amc", "revenue": 779000, "revenueEstimated": 1110000, "fiscalDateEnding": "2018-02-28", "updatedFromDate": "2023-10-10"}, {"date": "2018-05-31", "symbol": "WEBC", "eps": 5.14, "epsEstimated": null, "time": "bmo", "revenue": null, "revenueEstimated": null, "fiscalDateEnding": "2018-04-30", "updatedFromDate": "2023-09-29"}, {"date": "2018-05-31", "symbol": "ELBMD", "eps": null, "epsEstimated": null, "time": "bmo", "revenue": null, "revenueEstimated": null, "fiscalDateEnding": "2018-03-31", "updatedFromDate": "2023-05-17"}, {"date": "2018-05-31", "symbol": "9275.T", "eps": 111.15, "epsEstimated": null, "time": "bmo", "revenue": 6613279000, "revenueEstimated": null, "fiscalDateEnding": "2018-05-31", "updatedFromDate": "2023-10-17"}, {"date": "2018-05-31", "symbol": "STSGF", "eps": null, "epsEstimated": null, "time": "bmo", "revenue": null, "revenueEstimated": null, "fiscalDateEnding": "2018-03-31", "updatedFromDate": "2023-05-17"}, {"date": "2018-05-31", "symbol": "CMI.V", "eps": 0.00045, "epsEstimated": null, "time": "bmo", "revenue": 1816142, "revenueEstimated": null, "fiscalDateEnding": "2018-05-31", "updatedFromDate": "2023-05-17"}, {"date": "2018-05-31", "symbol": "GME", "eps": 0.1, "epsEstimated": 0.09, "time": "amc", "revenue": 3063000000, "revenueEstimated": 1738805263.1578948, "fiscalDateEnding": "2018-02-28", "updatedFromDate": "2023-10-09"}, {"date": "2018-05-31", "symbol": "SVIN", "eps": -3.07692, "epsEstimated": null, "time": "--", "revenue": 10249000, "revenueEstimated": null, "fiscalDateEnding": "2018-05-31", "updatedFromDate": "2023-11-09"}, {"date": "2018-05-31", "symbol": "KLIC", "eps": 0.54, "epsEstimated": 0.5, "time": "amc", "revenue": 221772000, "revenueEstimated": 205370370.37037036, "fiscalDateEnding": "2018-03-30", "updatedFromDate": "2023-09-29"}, {"date": "2018-05-31", "symbol": "3415.T", "eps": 4.69, "epsEstimated": null, "time": "bmo", "revenue": 2930669000, "revenueEstimated": null, "fiscalDateEnding": "2018-05-31", "updatedFromDate": "2023-10-17"}, {"date": "2018-06-01", "symbol": "TORM", "eps": -0.07, "epsEstimated": null, "time": "amc", "revenue": null, "revenueEstimated": null, "fiscalDateEnding": "2018-03-30", "updatedFromDate": "2023-09-29"}, {"date": "2018-06-01", "symbol": "HYDR.L", "eps": 5.02, "epsEstimated": null, "time": "bmo", "revenue": 99699000000, "revenueEstimated": null, "fiscalDateEnding": "2018-03-30", "updatedFromDate": "2023-05-17"}, {"date": "2018-06-01", "symbol": "GWIN", "eps": null, "epsEstimated": null, "time": "bmo", "revenue": null, "revenueEstimated": null, "fiscalDateEnding": "2018-03-31", "updatedFromDate": "2023-05-17"}, {"date": "2018-06-01", "symbol": "BIG", "eps": 0.95, "epsEstimated": 1.19, "time": "bmo", "revenue": 1598551000, "revenueEstimated": 1588336842.105263, "fiscalDateEnding": "2018-03-01", "updatedFromDate": "2023-10-10"}, {"date": "2018-06-01", "symbol": "LB.TO", "eps": 1.47, "epsEstimated": 1.38, "time": "bmo", "revenue": 259887000, "revenueEstimated": null, "fiscalDateEnding": "2018-04-30", "updatedFromDate": "2023-05-17"}, {"date": "2018-06-01", "symbol": "BBAR", "eps": 0.39, "epsEstimated": 0.4, "time": "bmo", "revenue": 8418156000, "revenueEstimated": null, "fiscalDateEnding": "2018-03-31", "updatedFromDate": "2023-09-29"}, {"date": "2018-06-01", "symbol": "CANF", "eps": -14.99, "epsEstimated": -11.99, "time": "bmo", "revenue": 632000, "revenueEstimated": null, "fiscalDateEnding": "2018-03-31", "updatedFromDate": "2023-09-29"}, {"date": "2018-06-01", "symbol": "CNCT", "eps": -0.00013, "epsEstimated": null, "time": "bmo", "revenue": null, "revenueEstimated": null, "fiscalDateEnding": "2018-03-31", "updatedFromDate": "2023-09-29"}, {"date": "2018-06-01", "symbol": "ANF", "eps": -0.56, "epsEstimated": -0.79, "time": "bmo", "revenue": 1155602000, "revenueEstimated": 1004987500, "fiscalDateEnding": "2018-03-01", "updatedFromDate": "2023-10-10"}, {"date": "2018-06-01", "symbol": "OAOFY", "eps": null, "epsEstimated": null, "time": "bmo", "revenue": null, "revenueEstimated": null, "fiscalDateEnding": "2018-03-31", "updatedFromDate": "2023-08-16"}, {"date": "2018-06-01", "symbol": "WH", "eps": 0.3908, "epsEstimated": null, "time": "bmo", "revenue": 302000000, "revenueEstimated": null, "fiscalDateEnding": "2018-03-30", "updatedFromDate": "2023-09-29"}, {"date": "2018-06-01", "symbol": "HLEE.SW", "eps": -0.59027, "epsEstimated": null, "time": "bmo", "revenue": 141020750, "revenueEstimated": null, "fiscalDateEnding": "2018-03-01", "updatedFromDate": "2023-05-17"}, {"date": "2018-06-01", "symbol": "EKTA-B.ST", "eps": 1.42, "epsEstimated": 1.6, "time": "bmo", "revenue": 3320000000, "revenueEstimated": null, "fiscalDateEnding": "2018-03-01", "updatedFromDate": "2023-10-17"}, {"date": "2018-06-01", "symbol": "6309.T", "eps": 63.83, "epsEstimated": null, "time": "bmo", "revenue": 11405958000, "revenueEstimated": null, "fiscalDateEnding": "2018-04-30", "updatedFromDate": "2023-05-17"}, {"date": "2018-06-01", "symbol": "TATNP.ME", "eps": 18.66, "epsEstimated": 18.13, "time": "bmo", "revenue": 188345000000, "revenueEstimated": null, "fiscalDateEnding": "2018-03-30", "updatedFromDate": "2023-08-16"}, {"date": "2018-06-01", "symbol": "TRNFP.ME", "eps": 6223.46, "epsEstimated": null, "time": "bmo", "revenue": 238067000000, "revenueEstimated": null, "fiscalDateEnding": "2018-03-01", "updatedFromDate": "2023-10-16"}, {"date": "2018-06-01", "symbol": "BRID", "eps": 0.52, "epsEstimated": null, "time": "bmo", "revenue": 37900000, "revenueEstimated": null, "fiscalDateEnding": "2018-04-19", "updatedFromDate": "2023-09-29"}, {"date": "2018-06-01", "symbol": "COOP", "eps": -0.05633, "epsEstimated": null, "time": "bmo", "revenue": 2200000, "revenueEstimated": null, "fiscalDateEnding": "2018-03-30", "updatedFromDate": "2023-09-29"}, {"date": "2018-06-01", "symbol": "LRCDF", "eps": 1.47, "epsEstimated": 1.38, "time": "bmo", "revenue": 259887000, "revenueEstimated": null, "fiscalDateEnding": "2018-04-30", "updatedFromDate": "2023-08-25"}, {"date": "2018-06-01", "symbol": "RSHYY", "eps": null, "epsEstimated": null, "time": "bmo", "revenue": null, "revenueEstimated": null, "fiscalDateEnding": "2018-03-31", "updatedFromDate": "2023-05-17"}, {"date": "2018-06-01", "symbol": "ATAD.L", "eps": 119.86, "epsEstimated": null, "time": "bmo", "revenue": 188345000000, "revenueEstimated": null, "fiscalDateEnding": "2018-03-30", "updatedFromDate": "2023-08-16"}, {"date": "2018-06-01", "symbol": "HEL.WA", "eps": 0.768, "epsEstimated": null, "time": "bmo", "revenue": 67218000, "revenueEstimated": null, "fiscalDateEnding": "2018-03-01", "updatedFromDate": "2023-10-17"}, {"date": "2018-06-01", "symbol": "OBNK", "eps": 0.609, "epsEstimated": null, "time": "bmo", "revenue": 43068000, "revenueEstimated": null, "fiscalDateEnding": "2018-03-30", "updatedFromDate": "2023-09-29"}, {"date": "2018-06-01", "symbol": "GRWC", "eps": -0.045, "epsEstimated": null, "time": "bmo", "revenue": 57665, "revenueEstimated": null, "fiscalDateEnding": "2018-03-30", "updatedFromDate": "2023-10-16"}, {"date": "2018-06-01", "symbol": "TATN.ME", "eps": 18.66, "epsEstimated": 18.13, "time": "bmo", "revenue": 233988000000, "revenueEstimated": null, "fiscalDateEnding": "2018-03-01", "updatedFromDate": "2023-08-16"}, {"date": "2018-06-01", "symbol": "EKTAY", "eps": 0.17, "epsEstimated": null, "time": "bmo", "revenue": 3320000000, "revenueEstimated": null, "fiscalDateEnding": "2018-03-01", "updatedFromDate": "2023-10-17"}, {"date": "2018-06-01", "symbol": "HYDR.ME", "eps": 0.05019, "epsEstimated": null, "time": "bmo", "revenue": 99699000000, "revenueEstimated": null, "fiscalDateEnding": "2018-03-30", "updatedFromDate": "2023-05-17"}, {"date": "2018-06-01", "symbol": "2593.T", "eps": 28.09, "epsEstimated": null, "time": "bmo", "revenue": 113631000000, "revenueEstimated": null, "fiscalDateEnding": "2018-03-01", "updatedFromDate": "2023-10-17"}, {"date": "2018-06-01", "symbol": "ALNN6.PA", "eps": -0.1025, "epsEstimated": null, "time": "bmo", "revenue": 3154250, "revenueEstimated": null, "fiscalDateEnding": "2018-03-01", "updatedFromDate": "2023-05-17"}, {"date": "2018-06-02", "symbol": "4028.T", "eps": 19.86, "epsEstimated": null, "time": "bmo", "revenue": 23348000000, "revenueEstimated": null, "fiscalDateEnding": "2018-03-02", "updatedFromDate": "2023-10-17"}]}