{"result": [{"date": "2018-05-01", "symbol": "AKR", "eps": 0.09, "epsEstimated": 0.13, "time": "amc", "revenue": 63124000, "revenueEstimated": 91173333.33333334, "fiscalDateEnding": "2018-03-30", "updatedFromDate": "2023-09-29"}, {"date": "2018-05-01", "symbol": "OVV", "eps": 0.8, "epsEstimated": 0.66, "time": "bmo", "revenue": 1313000000, "revenueEstimated": 1034484848, "fiscalDateEnding": "2018-03-31", "updatedFromDate": "2023-09-29"}, {"date": "2018-05-01", "symbol": "RUSMF", "eps": 0.62, "epsEstimated": 0.55, "time": "bmo", "revenue": null, "revenueEstimated": null, "fiscalDateEnding": "2018-03-31", "updatedFromDate": "2023-05-17"}, {"date": "2018-05-01", "symbol": "FNLIF", "eps": 0.6, "epsEstimated": 0.61, "time": "bmo", "revenue": null, "revenueEstimated": 14640000, "fiscalDateEnding": "2018-03-30", "updatedFromDate": "2023-08-16"}, {"date": "2018-05-01", "symbol": "FIVN", "eps": 0.08, "epsEstimated": 0.02909, "time": "amc", "revenue": 58905000, "revenueEstimated": 22089375, "fiscalDateEnding": "2018-03-30", "updatedFromDate": "2023-09-29"}, {"date": "2018-05-01", "symbol": "FKYS", "eps": 0.31, "epsEstimated": null, "time": "amc", "revenue": 7574000, "revenueEstimated": null, "fiscalDateEnding": "2018-03-30", "updatedFromDate": "2023-09-29"}, {"date": "2018-05-01", "symbol": "NMIH", "eps": 0.34, "epsEstimated": 0.31, "time": "amc", "revenue": 59972000, "revenueEstimated": 50147058.82352941, "fiscalDateEnding": "2018-03-30", "updatedFromDate": "2023-09-29"}, {"date": "2018-05-01", "symbol": "PKDC", "eps": -3.15, "epsEstimated": -3.37, "time": "bmo", "revenue": 109675000, "revenueEstimated": 116834792, "fiscalDateEnding": "2018-03-30", "updatedFromDate": "2023-09-29"}, {"date": "2018-05-01", "symbol": "USM", "eps": 0.52, "epsEstimated": 0.37, "time": "bmo", "revenue": 942000000, "revenueEstimated": 670269230.7692307, "fiscalDateEnding": "2018-03-30", "updatedFromDate": "2023-09-29"}, {"date": "2018-05-01", "symbol": "GNW", "eps": 0.25, "epsEstimated": 0.25, "time": "amc", "revenue": 2115000000, "revenueEstimated": 1342000000, "fiscalDateEnding": "2018-03-30", "updatedFromDate": "2023-09-29"}, {"date": "2018-05-01", "symbol": "MDLZ", "eps": 0.62, "epsEstimated": 0.61, "time": "amc", "revenue": 6765000000, "revenueEstimated": 6655887096.774194, "fiscalDateEnding": "2018-03-30", "updatedFromDate": "2023-09-29"}, {"date": "2018-05-01", "symbol": "VNTR", "eps": 0.85, "epsEstimated": 0.81, "time": "bmo", "revenue": 622000000, "revenueEstimated": 592729411.7647059, "fiscalDateEnding": "2018-03-30", "updatedFromDate": "2023-09-29"}, {"date": "2018-05-01", "symbol": "CTLT", "eps": 0.41, "epsEstimated": 0.39, "time": "bmo", "revenue": 627900000, "revenueEstimated": 597270731.7073171, "fiscalDateEnding": "2018-03-30", "updatedFromDate": "2023-09-29"}, {"date": "2018-05-01", "symbol": "ARC", "eps": 0.01, "epsEstimated": 0.00667, "time": "amc", "revenue": 97708000, "revenueEstimated": 195416000, "fiscalDateEnding": "2018-03-30", "updatedFromDate": "2023-09-29"}, {"date": "2018-05-01", "symbol": "RSI.TO", "eps": 0.08, "epsEstimated": 0.12, "time": "bmo", "revenue": 189455000, "revenueEstimated": null, "fiscalDateEnding": "2018-03-30", "updatedFromDate": "2023-05-17"}, {"date": "2018-05-01", "symbol": "YUMC", "eps": 0.53, "epsEstimated": 0.5, "time": "amc", "revenue": 2221000000, "revenueEstimated": 2095283018.8679242, "fiscalDateEnding": "2018-03-30", "updatedFromDate": "2023-09-29"}, {"date": "2018-05-01", "symbol": "MNARF", "eps": null, "epsEstimated": null, "time": "bmo", "revenue": null, "revenueEstimated": null, "fiscalDateEnding": "2018-03-31", "updatedFromDate": "2023-05-17"}, {"date": "2018-05-01", "symbol": "APAM", "eps": 0.78, "epsEstimated": 0.73, "time": "amc", "revenue": 212008000, "revenueEstimated": 198410256.41025642, "fiscalDateEnding": "2018-03-30", "updatedFromDate": "2023-09-29"}, {"date": "2018-05-01", "symbol": "NUVA", "eps": 0.39, "epsEstimated": 0.45, "time": "amc", "revenue": 260522000, "revenueEstimated": 300602307.69230765, "fiscalDateEnding": "2018-03-30", "updatedFromDate": "2023-09-29"}, {"date": "2018-05-01", "symbol": "BP", "eps": 0.78, "epsEstimated": 0.68, "time": "bmo", "revenue": 68172000000, "revenueEstimated": 49157025641.02564, "fiscalDateEnding": "2018-03-31", "updatedFromDate": "2023-09-29"}, {"date": "2018-05-01", "symbol": "FREJN", "eps": null, "epsEstimated": null, "time": "bmo", "revenue": null, "revenueEstimated": null, "fiscalDateEnding": "2018-03-30", "updatedFromDate": "2023-05-17"}, {"date": "2018-05-01", "symbol": "GTE", "eps": 0.5, "epsEstimated": 0.9, "time": "amc", "revenue": 138228000, "revenueEstimated": 248759999.99999997, "fiscalDateEnding": "2018-03-30", "updatedFromDate": "2023-09-29"}, {"date": "2018-05-01", "symbol": "NTLA", "eps": -0.51, "epsEstimated": -0.56, "time": "bmo", "revenue": 7469000, "revenueEstimated": 8494156.862745097, "fiscalDateEnding": "2018-03-30", "updatedFromDate": "2023-09-29"}, {"date": "2018-05-01", "symbol": "CMI", "eps": 3.3, "epsEstimated": 2.91, "time": "bmo", "revenue": 5570000000, "revenueEstimated": 6716090534.9794235, "fiscalDateEnding": "2018-03-31", "updatedFromDate": "2023-09-29"}, {"date": "2018-05-01", "symbol": "7820.T", "eps": 22.49, "epsEstimated": null, "time": "bmo", "revenue": 7352829000, "revenueEstimated": null, "fiscalDateEnding": "2018-02-01", "updatedFromDate": "2023-10-17"}, {"date": "2018-05-01", "symbol": "QUMU", "eps": -0.48, "epsEstimated": -0.34, "time": "amc", "revenue": 4831000, "revenueEstimated": 3421250.000000001, "fiscalDateEnding": "2018-03-30", "updatedFromDate": "2023-05-17"}, {"date": "2018-05-01", "symbol": "HVT-A", "eps": 0.29, "epsEstimated": 0.21, "time": "bmo", "revenue": 199442000, "revenueEstimated": null, "fiscalDateEnding": "2018-03-30", "updatedFromDate": "2023-05-17"}, {"date": "2018-05-01", "symbol": "SWZCF", "eps": 7.36, "epsEstimated": null, "time": "bmo", "revenue": null, "revenueEstimated": null, "fiscalDateEnding": "2018-03-30", "updatedFromDate": "2023-08-16"}, {"date": "2018-05-01", "symbol": "ENPH", "eps": -0.01, "epsEstimated": -0.00588, "time": "amc", "revenue": 69972000, "revenueEstimated": 209915999.99999997, "fiscalDateEnding": "2018-03-30", "updatedFromDate": "2023-09-29"}, {"date": "2018-05-01", "symbol": "JPFA.JK", "eps": 38.06, "epsEstimated": null, "time": "bmo", "revenue": 7860856000000, "revenueEstimated": null, "fiscalDateEnding": "2018-03-30", "updatedFromDate": "2023-05-17"}, {"date": "2018-05-01", "symbol": "SSNC", "eps": 0.53, "epsEstimated": 0.54, "time": "amc", "revenue": 421929000, "revenueEstimated": 429860377.3584906, "fiscalDateEnding": "2018-03-30", "updatedFromDate": "2023-09-29"}, {"date": "2018-05-01", "symbol": "CSU", "eps": -0.24, "epsEstimated": -0.23, "time": "amc", "revenue": 114643000, "revenueEstimated": 109866208.33333334, "fiscalDateEnding": "2018-03-30", "updatedFromDate": "2023-05-17"}, {"date": "2018-05-01", "symbol": "CG.TO", "eps": 0.05, "epsEstimated": 0.03133, "time": "bmo", "revenue": 235399000, "revenueEstimated": null, "fiscalDateEnding": "2018-03-30", "updatedFromDate": "2023-05-17"}, {"date": "2018-05-01", "symbol": "GIC", "eps": 0.38, "epsEstimated": 0.36, "time": "amc", "revenue": 355200000, "revenueEstimated": 206464864.86486486, "fiscalDateEnding": "2018-03-30", "updatedFromDate": "2023-09-29"}, {"date": "2018-05-01", "symbol": "SNDA", "eps": 3.6, "epsEstimated": 3.45, "time": "bmo", "revenue": 114643000, "revenueEstimated": null, "fiscalDateEnding": "2018-03-30", "updatedFromDate": "2023-09-29"}, {"date": "2018-05-01", "symbol": "CORR", "eps": 0.45, "epsEstimated": 0.55, "time": "bmo", "revenue": 21544838, "revenueEstimated": 26326666.666666668, "fiscalDateEnding": "2018-03-30", "updatedFromDate": "2023-09-29"}, {"date": "2018-05-01", "symbol": "EMAAR.AE", "eps": 0.21, "epsEstimated": 0.26, "time": "bmo", "revenue": 5887874000, "revenueEstimated": null, "fiscalDateEnding": "2018-02-01", "updatedFromDate": "2023-05-17"}, {"date": "2018-05-01", "symbol": "JCI", "eps": 0.53, "epsEstimated": 0.52, "time": "bmo", "revenue": 7475000000, "revenueEstimated": 5523773584.905661, "fiscalDateEnding": "2018-03-30", "updatedFromDate": "2023-09-29"}, {"date": "2018-05-01", "symbol": "PRET", "eps": 2.25, "epsEstimated": 2, "time": "amc", "revenue": 86282000, "revenueEstimated": null, "fiscalDateEnding": "2018-03-31", "updatedFromDate": "2023-09-29"}, {"date": "2018-05-01", "symbol": "NCR", "eps": 0.56, "epsEstimated": 0.44, "time": "amc", "revenue": 1517000000, "revenueEstimated": 1219017857.142857, "fiscalDateEnding": "2018-03-30", "updatedFromDate": "2023-09-29"}, {"date": "2018-05-01", "symbol": "RM", "eps": 0.72, "epsEstimated": 0.69, "time": "amc", "revenue": 65448000, "revenueEstimated": 69598958.33333333, "fiscalDateEnding": "2018-03-30", "updatedFromDate": "2023-09-29"}, {"date": "2018-05-01", "symbol": "UFS", "eps": 0.87, "epsEstimated": 0.76, "time": "bmo", "revenue": 1345000000, "revenueEstimated": 1174942528.7356322, "fiscalDateEnding": "2018-03-30", "updatedFromDate": "2023-05-17"}, {"date": "2018-05-01", "symbol": "VSTO", "eps": -0.22, "epsEstimated": -0.14, "time": "bmo", "revenue": 571227000, "revenueEstimated": 389472954.5454545, "fiscalDateEnding": "2018-03-30", "updatedFromDate": "2023-09-29"}, {"date": "2018-05-01", "symbol": "EVTC", "eps": 0.47, "epsEstimated": 0.31, "time": "amc", "revenue": 110274000, "revenueEstimated": 72751063.82978722, "fiscalDateEnding": "2018-03-30", "updatedFromDate": "2023-09-29"}, {"date": "2018-05-01", "symbol": "SHOP.TO", "eps": -0.01555, "epsEstimated": null, "time": "bmo", "revenue": 214340000, "revenueEstimated": null, "fiscalDateEnding": "2018-03-30", "updatedFromDate": "2023-05-17"}, {"date": "2018-05-01", "symbol": "AMRC", "eps": 0.15, "epsEstimated": 0.01667, "time": "bmo", "revenue": 167410000, "revenueEstimated": 22319999.999999996, "fiscalDateEnding": "2018-03-30", "updatedFromDate": "2023-09-29"}, {"date": "2018-05-01", "symbol": "600399.SS", "eps": -0.02, "epsEstimated": null, "time": "bmo", "revenue": 1557813521.94, "revenueEstimated": null, "fiscalDateEnding": "2018-03-30", "updatedFromDate": "2023-05-17"}, {"date": "2018-05-01", "symbol": "TOWR.JK", "eps": 10.2, "epsEstimated": 12.4, "time": "bmo", "revenue": 1361939000000, "revenueEstimated": null, "fiscalDateEnding": "2018-03-31", "updatedFromDate": "2023-08-16"}, {"date": "2018-05-01", "symbol": "CHRW", "eps": 1.01, "epsEstimated": 1, "time": "amc", "revenue": 3925327000, "revenueEstimated": 3886435643.5643563, "fiscalDateEnding": "2018-03-30", "updatedFromDate": "2023-09-29"}, {"date": "2018-05-01", "symbol": "MTSI", "eps": 0.13, "epsEstimated": 0.13, "time": "amc", "revenue": 150414000, "revenueEstimated": 138830769.23076922, "fiscalDateEnding": "2018-03-29", "updatedFromDate": "2023-09-29"}, {"date": "2018-05-01", "symbol": "ALL", "eps": 2.96, "epsEstimated": 2.61, "time": "amc", "revenue": 9770000000, "revenueEstimated": 8039858108.108108, "fiscalDateEnding": "2018-03-30", "updatedFromDate": "2023-09-29"}, {"date": "2018-05-01", "symbol": "AN", "eps": 1.01, "epsEstimated": 1, "time": "bmo", "revenue": 5259900000, "revenueEstimated": 5207821782.178218, "fiscalDateEnding": "2018-03-30", "updatedFromDate": "2023-09-29"}, {"date": "2018-05-01", "symbol": "FTS.TO", "eps": 0.69, "epsEstimated": 0.7, "time": "bmo", "revenue": 2197000000, "revenueEstimated": null, "fiscalDateEnding": "2018-03-30", "updatedFromDate": "2023-05-17"}, {"date": "2018-05-01", "symbol": "2692.T", "eps": 14.97, "epsEstimated": null, "time": "bmo", "revenue": 182426000000, "revenueEstimated": null, "fiscalDateEnding": "2018-02-01", "updatedFromDate": "2023-10-16"}, {"date": "2018-05-01", "symbol": "ASR.TO", "eps": 0.09, "epsEstimated": 0.036, "time": "bmo", "revenue": 56340000, "revenueEstimated": null, "fiscalDateEnding": "2018-03-30", "updatedFromDate": "2023-05-17"}, {"date": "2018-05-01", "symbol": "NPPTF", "eps": -0.232, "epsEstimated": null, "time": "amc", "revenue": 156535, "revenueEstimated": null, "fiscalDateEnding": "2018-02-28", "updatedFromDate": "2023-08-25"}, {"date": "2018-05-01", "symbol": "MPLF.L", "eps": null, "epsEstimated": null, "time": "bmo", "revenue": null, "revenueEstimated": null, "fiscalDateEnding": "2018-03-30", "updatedFromDate": "2023-05-17"}, {"date": "2018-05-01", "symbol": "ASH", "eps": 1.06, "epsEstimated": 0.87, "time": "amc", "revenue": 974000000, "revenueEstimated": 551547169.8113207, "fiscalDateEnding": "2018-03-30", "updatedFromDate": "2023-09-29"}, {"date": "2018-05-01", "symbol": "TVTX", "eps": -0.46, "epsEstimated": -0.45, "time": "amc", "revenue": 38432000, "revenueEstimated": null, "fiscalDateEnding": "2018-03-30", "updatedFromDate": "2023-11-28"}, {"date": "2018-05-01", "symbol": "6278.TW", "eps": 0.43, "epsEstimated": 0.16, "time": "bmo", "revenue": 6023923000, "revenueEstimated": null, "fiscalDateEnding": "2018-03-30", "updatedFromDate": "2023-05-17"}, {"date": "2018-05-01", "symbol": "ITFRF", "eps": 25.25, "epsEstimated": null, "time": "bmo", "revenue": null, "revenueEstimated": null, "fiscalDateEnding": "2018-09-30", "updatedFromDate": "2023-05-17"}, {"date": "2018-05-01", "symbol": "GNMK", "eps": -0.21, "epsEstimated": -0.22, "time": "amc", "revenue": 20645000, "revenueEstimated": 21628095.23809524, "fiscalDateEnding": "2018-03-30", "updatedFromDate": "2023-05-17"}, {"date": "2018-05-01", "symbol": "SABR", "eps": 0.44, "epsEstimated": 0.41, "time": "bmo", "revenue": 988369000, "revenueEstimated": 943472727.2727273, "fiscalDateEnding": "2018-03-30", "updatedFromDate": "2023-09-29"}, {"date": "2018-05-01", "symbol": "4951.T", "eps": 22.46, "epsEstimated": null, "time": "bmo", "revenue": 13206530000, "revenueEstimated": null, "fiscalDateEnding": "2018-02-01", "updatedFromDate": "2023-10-17"}, {"date": "2018-05-01", "symbol": "FISV", "eps": 0.76, "epsEstimated": 0.73, "time": "amc", "revenue": 1440000000, "revenueEstimated": 1383157894.7368422, "fiscalDateEnding": "2018-03-30", "updatedFromDate": "2023-09-29"}, {"date": "2018-05-01", "symbol": "PPBI", "eps": 0.6, "epsEstimated": 0.6, "time": "bmo", "revenue": 86680000, "revenueEstimated": 86129032.25806452, "fiscalDateEnding": "2018-03-30", "updatedFromDate": "2023-09-29"}, {"date": "2018-05-01", "symbol": "SU", "eps": 0.6, "epsEstimated": 0.53, "time": "amc", "revenue": 8807000000, "revenueEstimated": 7779516666.666667, "fiscalDateEnding": "2018-03-31", "updatedFromDate": "2023-09-29"}, {"date": "2018-05-01", "symbol": "IZQVF", "eps": null, "epsEstimated": null, "time": "bmo", "revenue": null, "revenueEstimated": null, "fiscalDateEnding": "2018-03-31", "updatedFromDate": "2023-05-17"}, {"date": "2018-05-01", "symbol": "CORR-PA", "eps": 0.45, "epsEstimated": 0.55, "time": "bmo", "revenue": 21544838, "revenueEstimated": null, "fiscalDateEnding": "2018-03-30", "updatedFromDate": "2023-05-17"}, {"date": "2018-05-01", "symbol": "PAYC", "eps": 0.95, "epsEstimated": 0.9, "time": "amc", "revenue": 153916000, "revenueEstimated": 145800000, "fiscalDateEnding": "2018-03-30", "updatedFromDate": "2023-09-29"}, {"date": "2018-05-01", "symbol": "IRWD", "eps": -0.27, "epsEstimated": -0.2, "time": "bmo", "revenue": 69155000, "revenueEstimated": 58948148.14814815, "fiscalDateEnding": "2018-03-30", "updatedFromDate": "2023-09-29"}, {"date": "2018-05-01", "symbol": "GOOD", "eps": 0.06, "epsEstimated": 0.01615, "time": "amc", "revenue": 26353000, "revenueEstimated": 17566666.666666668, "fiscalDateEnding": "2018-03-30", "updatedFromDate": "2023-09-29"}, {"date": "2018-05-01", "symbol": "BGFV", "eps": -0.05, "epsEstimated": -0.14, "time": "amc", "revenue": 234178000, "revenueEstimated": 655760000, "fiscalDateEnding": "2018-03-31", "updatedFromDate": "2023-09-29"}, {"date": "2018-05-01", "symbol": "ACRE", "eps": 0.33, "epsEstimated": 0.3, "time": "bmo", "revenue": 13137000, "revenueEstimated": 24945454.545454543, "fiscalDateEnding": "2018-03-30", "updatedFromDate": "2023-09-29"}, {"date": "2018-05-01", "symbol": "STRR", "eps": 0.6, "epsEstimated": 0.1, "time": "bmo", "revenue": 25465000, "revenueEstimated": null, "fiscalDateEnding": "2018-03-30", "updatedFromDate": "2023-09-29"}, {"date": "2018-05-01", "symbol": "NBLX", "eps": 0.97, "epsEstimated": 1.14, "time": "bmo", "revenue": 97733000, "revenueEstimated": 114861463.91752575, "fiscalDateEnding": "2018-03-30", "updatedFromDate": "2023-05-17"}, {"date": "2018-05-01", "symbol": "VNOM", "eps": 0.37, "epsEstimated": 0.36, "time": "amc", "revenue": 62393000, "revenueEstimated": 60499459.459459454, "fiscalDateEnding": "2018-03-30", "updatedFromDate": "2023-09-29"}, {"date": "2018-05-01", "symbol": "EMR", "eps": 0.76, "epsEstimated": 0.72, "time": "bmo", "revenue": 4248000000, "revenueEstimated": 4024421052.631579, "fiscalDateEnding": "2018-03-30", "updatedFromDate": "2023-09-29"}, {"date": "2018-05-01", "symbol": "EMTK.JK", "eps": -3.65528, "epsEstimated": null, "time": "bmo", "revenue": 1877374315000, "revenueEstimated": null, "fiscalDateEnding": "2018-03-30", "updatedFromDate": "2023-05-17"}, {"date": "2018-05-01", "symbol": "BLDP", "eps": -0.03, "epsEstimated": -0.02, "time": "amc", "revenue": 20090000, "revenueEstimated": 13393333.333333334, "fiscalDateEnding": "2018-03-31", "updatedFromDate": "2023-09-29"}, {"date": "2018-05-01", "symbol": "DSDVY", "eps": 0.35, "epsEstimated": null, "time": "bmo", "revenue": 18380000000, "revenueEstimated": null, "fiscalDateEnding": "2018-03-31", "updatedFromDate": "2023-09-29"}, {"date": "2018-05-01", "symbol": "VOYA-PB", "eps": 0.77, "epsEstimated": 0.86, "time": "bmo", "revenue": 1967000000, "revenueEstimated": null, "fiscalDateEnding": "2018-03-30", "updatedFromDate": "2023-05-17"}, {"date": "2018-05-01", "symbol": "TKR", "eps": 1.01, "epsEstimated": 0.84, "time": "bmo", "revenue": 883100000, "revenueEstimated": 734459405.9405941, "fiscalDateEnding": "2018-03-31", "updatedFromDate": "2023-09-29"}, {"date": "2018-05-01", "symbol": "SRC", "eps": 0.3, "epsEstimated": 0.28, "time": "amc", "revenue": 164322000, "revenueEstimated": 96600000.00000001, "fiscalDateEnding": "2018-03-30", "updatedFromDate": "2023-09-29"}, {"date": "2018-05-01", "symbol": "CMP", "eps": 0.37, "epsEstimated": 0.36, "time": "amc", "revenue": 437900000, "revenueEstimated": 426064864.8648648, "fiscalDateEnding": "2018-03-30", "updatedFromDate": "2023-10-10"}, {"date": "2018-05-01", "symbol": "053210.KS", "eps": 326, "epsEstimated": 381, "time": "bmo", "revenue": 172443033000, "revenueEstimated": null, "fiscalDateEnding": "2018-02-01", "updatedFromDate": "2023-05-17"}, {"date": "2018-05-01", "symbol": "FSP", "eps": 0.01, "epsEstimated": 0.24, "time": "amc", "revenue": 66893000, "revenueEstimated": 66890000, "fiscalDateEnding": "2018-03-30", "updatedFromDate": "2023-09-29"}, {"date": "2018-05-01", "symbol": "STAG", "eps": 0.22, "epsEstimated": 0.43, "time": "amc", "revenue": 83283000, "revenueEstimated": 3786363.6363636423, "fiscalDateEnding": "2018-03-30", "updatedFromDate": "2023-09-29"}, {"date": "2018-05-01", "symbol": "5946.T", "eps": 16.49, "epsEstimated": null, "time": "bmo", "revenue": 11157000000, "revenueEstimated": null, "fiscalDateEnding": "2018-03-30", "updatedFromDate": "2023-05-17"}, {"date": "2018-05-01", "symbol": "PBLOF", "eps": 0.36, "epsEstimated": 0.38, "time": "bmo", "revenue": null, "revenueEstimated": null, "fiscalDateEnding": "2018-03-31", "updatedFromDate": "2023-05-17"}, {"date": "2018-05-01", "symbol": "TRUP", "eps": -0.05, "epsEstimated": -0.04, "time": "amc", "revenue": 69760000, "revenueEstimated": 55807999.99999999, "fiscalDateEnding": "2018-03-30", "updatedFromDate": "2023-09-29"}, {"date": "2018-05-01", "symbol": "ENLC", "eps": 0.07, "epsEstimated": 0.12, "time": "amc", "revenue": 1761200000, "revenueEstimated": 3020057142.8571424, "fiscalDateEnding": "2018-03-30", "updatedFromDate": "2023-09-29"}, {"date": "2018-05-01", "symbol": "601949.SS", "eps": -0.0305, "epsEstimated": null, "time": "bmo", "revenue": 663132060.75, "revenueEstimated": null, "fiscalDateEnding": "2018-03-30", "updatedFromDate": "2023-05-17"}, {"date": "2018-05-01", "symbol": "6147.TWO", "eps": 0.57, "epsEstimated": 0.86, "time": "bmo", "revenue": 3850769000, "revenueEstimated": null, "fiscalDateEnding": "2018-03-30", "updatedFromDate": "2023-05-17"}, {"date": "2018-05-01", "symbol": "STX", "eps": 1.46, "epsEstimated": 1.33, "time": "bmo", "revenue": 2835000000, "revenueEstimated": 2553417808.219178, "fiscalDateEnding": "2018-02-01", "updatedFromDate": "2023-09-29"}, {"date": "2018-05-01", "symbol": "LPPF.JK", "eps": 85, "epsEstimated": 89.53, "time": "bmo", "revenue": 3385614000000, "revenueEstimated": null, "fiscalDateEnding": "2018-03-30", "updatedFromDate": "2023-08-16"}, {"date": "2018-05-01", "symbol": "QLYS", "eps": 0.36, "epsEstimated": 0.33, "time": "amc", "revenue": 64878000, "revenueEstimated": 59473333.333333336, "fiscalDateEnding": "2018-03-30", "updatedFromDate": "2023-09-29"}, {"date": "2018-05-01", "symbol": "AGCO", "eps": 0.35, "epsEstimated": 0.12, "time": "bmo", "revenue": 2007500000, "revenueEstimated": 688285714.2857143, "fiscalDateEnding": "2018-03-30", "updatedFromDate": "2023-09-29"}, {"date": "2018-05-01", "symbol": "OXFD", "eps": -0.4, "epsEstimated": -0.45, "time": "bmo", "revenue": 21370000, "revenueEstimated": 24041250, "fiscalDateEnding": "2018-03-30", "updatedFromDate": "2023-05-17"}, {"date": "2018-05-01", "symbol": "DEUZF", "eps": null, "epsEstimated": null, "time": "bmo", "revenue": null, "revenueEstimated": null, "fiscalDateEnding": "2018-03-31", "updatedFromDate": "2023-08-16"}, {"date": "2018-05-01", "symbol": "SHOP", "eps": -0.01555, "epsEstimated": -0.00558, "time": "bmo", "revenue": 214340000, "revenueEstimated": 267875000, "fiscalDateEnding": "2018-03-31", "updatedFromDate": "2023-09-29"}, {"date": "2018-05-01", "symbol": "SRRTF", "eps": null, "epsEstimated": null, "time": "bmo", "revenue": null, "revenueEstimated": null, "fiscalDateEnding": "2018-03-31", "updatedFromDate": "2023-05-17"}, {"date": "2018-05-01", "symbol": "AAPL", "eps": 0.68, "epsEstimated": 0.67, "time": "amc", "revenue": 61137000000, "revenueEstimated": 59793329670.329666, "fiscalDateEnding": "2018-03-30", "updatedFromDate": "2023-09-29"}, {"date": "2018-05-01", "symbol": "SXI", "eps": 1.11, "epsEstimated": 1.2, "time": "bmo", "revenue": 216743000, "revenueEstimated": 207675675.67567563, "fiscalDateEnding": "2018-03-30", "updatedFromDate": "2023-09-29"}, {"date": "2018-05-01", "symbol": "4927.T", "eps": 28.97, "epsEstimated": 31.16, "time": "bmo", "revenue": 59526000000, "revenueEstimated": null, "fiscalDateEnding": "2018-03-30", "updatedFromDate": "2023-05-17"}, {"date": "2018-05-01", "symbol": "MGRC", "eps": 0.59, "epsEstimated": 0.47, "time": "amc", "revenue": 105085000, "revenueEstimated": 83723728.81355932, "fiscalDateEnding": "2018-03-30", "updatedFromDate": "2023-09-29"}, {"date": "2018-05-01", "symbol": "NRC", "eps": 0.17, "epsEstimated": 0.29, "time": "bmo", "revenue": 31017000, "revenueEstimated": 52916470.58823529, "fiscalDateEnding": "2018-03-30", "updatedFromDate": "2023-09-29"}, {"date": "2018-05-01", "symbol": "3196.T", "eps": 5.17, "epsEstimated": null, "time": "bmo", "revenue": 7143877000, "revenueEstimated": null, "fiscalDateEnding": "2018-02-01", "updatedFromDate": "2023-05-17"}, {"date": "2018-05-01", "symbol": "GMICF", "eps": 1.31, "epsEstimated": 1.2, "time": "bmo", "revenue": null, "revenueEstimated": null, "fiscalDateEnding": "2018-03-31", "updatedFromDate": "2023-05-17"}, {"date": "2018-05-01", "symbol": "JBT", "eps": 0.34, "epsEstimated": 0.36, "time": "amc", "revenue": 409200000, "revenueEstimated": 433270588.23529404, "fiscalDateEnding": "2018-03-30", "updatedFromDate": "2023-09-29"}, {"date": "2018-05-01", "symbol": "VOYA", "eps": 0.77, "epsEstimated": 0.85, "time": "amc", "revenue": 1956000000, "revenueEstimated": 1467584415.5844154, "fiscalDateEnding": "2018-03-30", "updatedFromDate": "2023-09-29"}, {"date": "2018-05-01", "symbol": "MRBK", "eps": 0.1, "epsEstimated": 0.08, "time": "bmo", "revenue": 14216000, "revenueEstimated": 10662000, "fiscalDateEnding": "2018-03-31", "updatedFromDate": "2023-09-29"}, {"date": "2018-05-01", "symbol": "FELE", "eps": 0.45, "epsEstimated": 0.41, "time": "bmo", "revenue": 295630000, "revenueEstimated": 269324444.4444444, "fiscalDateEnding": "2018-03-30", "updatedFromDate": "2023-09-29"}, {"date": "2018-05-01", "symbol": "HURN", "eps": 0.19, "epsEstimated": 0.47, "time": "amc", "revenue": 211298000, "revenueEstimated": 533805473.6842105, "fiscalDateEnding": "2018-03-30", "updatedFromDate": "2023-09-29"}, {"date": "2018-05-01", "symbol": "AJRD", "eps": 0.18, "epsEstimated": 0.19, "time": "bmo", "revenue": 492000000, "revenueEstimated": 519333333.3333334, "fiscalDateEnding": "2018-03-30", "updatedFromDate": "2023-09-29"}, {"date": "2018-05-01", "symbol": "VFQS.QA", "eps": 0.004, "epsEstimated": null, "time": "bmo", "revenue": 531887000, "revenueEstimated": null, "fiscalDateEnding": "2018-03-31", "updatedFromDate": "2023-10-16"}, {"date": "2018-05-01", "symbol": "DRADP", "eps": -0.6, "epsEstimated": -0.1, "time": "bmo", "revenue": 25465000, "revenueEstimated": 91674000, "fiscalDateEnding": "2017-12-31", "updatedFromDate": "2023-05-17"}, {"date": "2018-05-01", "symbol": "CUPUF", "eps": null, "epsEstimated": null, "time": "bmo", "revenue": null, "revenueEstimated": null, "fiscalDateEnding": "2018-03-31", "updatedFromDate": "2023-08-16"}, {"date": "2018-05-01", "symbol": "WDR", "eps": 0.56, "epsEstimated": 0.54, "time": "bmo", "revenue": 297615000, "revenueEstimated": 286971428.5714286, "fiscalDateEnding": "2018-03-30", "updatedFromDate": "2023-05-17"}, {"date": "2018-05-01", "symbol": "SRXXF", "eps": 5.06, "epsEstimated": null, "time": "bmo", "revenue": null, "revenueEstimated": null, "fiscalDateEnding": "2018-09-30", "updatedFromDate": "2023-05-17"}, {"date": "2018-05-01", "symbol": "TEX", "eps": 0.55, "epsEstimated": 0.36, "time": "bmo", "revenue": 1260900000, "revenueEstimated": 730865454.5454545, "fiscalDateEnding": "2018-03-30", "updatedFromDate": "2023-09-29"}, {"date": "2018-05-01", "symbol": "HHC", "eps": 0.03, "epsEstimated": 0.49, "time": "amc", "revenue": 161679000, "revenueEstimated": 2641100000, "fiscalDateEnding": "2018-03-30", "updatedFromDate": "2023-09-29"}, {"date": "2018-05-01", "symbol": "RNR-PF", "eps": 3.4, "epsEstimated": 2.62, "time": "bmo", "revenue": 417129000, "revenueEstimated": null, "fiscalDateEnding": "2018-03-30", "updatedFromDate": "2023-05-17"}, {"date": "2018-05-01", "symbol": "3132.T", "eps": 48.39, "epsEstimated": null, "time": "bmo", "revenue": 138800000000, "revenueEstimated": null, "fiscalDateEnding": "2018-02-01", "updatedFromDate": "2023-10-17"}, {"date": "2018-05-01", "symbol": "AJG", "eps": 1.52, "epsEstimated": 1.45, "time": "amc", "revenue": 1837700000, "revenueEstimated": 1753069078.9473681, "fiscalDateEnding": "2018-03-30", "updatedFromDate": "2023-09-29"}, {"date": "2018-05-01", "symbol": "GRUB", "eps": 0.52, "epsEstimated": 0.39, "time": "bmo", "revenue": 239741000, "revenueEstimated": 174450000, "fiscalDateEnding": "2018-02-01", "updatedFromDate": "2023-05-17"}, {"date": "2018-05-01", "symbol": "UFS.TO", "eps": 0.87, "epsEstimated": 0.8, "time": "bmo", "revenue": 1345000000, "revenueEstimated": null, "fiscalDateEnding": "2018-03-30", "updatedFromDate": "2023-08-16"}, {"date": "2018-05-01", "symbol": "ZVOI", "eps": null, "epsEstimated": 0.12, "time": "bmo", "revenue": null, "revenueEstimated": null, "fiscalDateEnding": "2018-03-31", "updatedFromDate": "2023-09-29"}, {"date": "2018-05-01", "symbol": "AMT", "eps": 0.63, "epsEstimated": 0.76, "time": "bmo", "revenue": 1741800000, "revenueEstimated": 2101219047.6190474, "fiscalDateEnding": "2018-03-30", "updatedFromDate": "2023-09-29"}, {"date": "2018-05-01", "symbol": "FSTR", "eps": -0.2, "epsEstimated": null, "time": "amc", "revenue": 122454000, "revenueEstimated": null, "fiscalDateEnding": "2018-03-30", "updatedFromDate": "2023-09-29"}, {"date": "2018-05-01", "symbol": "4300.SR", "eps": 0.3, "epsEstimated": 0.035, "time": "bmo", "revenue": 1784800000, "revenueEstimated": null, "fiscalDateEnding": "2018-02-01", "updatedFromDate": "2023-05-17"}, {"date": "2018-05-01", "symbol": "SMLR", "eps": 0.1, "epsEstimated": 0.02, "time": "bmo", "revenue": 4463000, "revenueEstimated": null, "fiscalDateEnding": "2018-03-30", "updatedFromDate": "2023-09-29"}, {"date": "2018-05-01", "symbol": "ZYME", "eps": -0.83, "epsEstimated": -0.68, "time": "bmo", "revenue": 40000, "revenueEstimated": 1000000, "fiscalDateEnding": "2018-03-30", "updatedFromDate": "2023-09-29"}, {"date": "2018-05-01", "symbol": "006650.KS", "eps": 13255, "epsEstimated": 13223.8, "time": "bmo", "revenue": 652826303000, "revenueEstimated": null, "fiscalDateEnding": "2018-02-01", "updatedFromDate": "2023-05-17"}, {"date": "2018-05-01", "symbol": "WDOFF", "eps": 0.02, "epsEstimated": 0.027, "time": "bmo", "revenue": null, "revenueEstimated": null, "fiscalDateEnding": "2018-03-31", "updatedFromDate": "2023-08-16"}, {"date": "2018-05-01", "symbol": "RHP", "eps": 0.53, "epsEstimated": 0.49, "time": "bmo", "revenue": 288370000, "revenueEstimated": 266633962.26415092, "fiscalDateEnding": "2018-03-30", "updatedFromDate": "2023-09-29"}, {"date": "2018-05-01", "symbol": "3738.T", "eps": 63.41, "epsEstimated": 73.1, "time": "bmo", "revenue": 137005000000, "revenueEstimated": null, "fiscalDateEnding": "2018-02-01", "updatedFromDate": "2023-10-17"}, {"date": "2018-05-01", "symbol": "INCY", "eps": -0.01, "epsEstimated": 0.08, "time": "bmo", "revenue": 382282000, "revenueEstimated": 1529200000, "fiscalDateEnding": "2018-03-30", "updatedFromDate": "2023-09-29"}, {"date": "2018-05-01", "symbol": "XYL", "eps": 0.51, "epsEstimated": 0.51, "time": "bmo", "revenue": 1217000000, "revenueEstimated": 1240862745.0980392, "fiscalDateEnding": "2018-03-30", "updatedFromDate": "2023-09-29"}, {"date": "2018-05-01", "symbol": "ACHC", "eps": 0.52, "epsEstimated": 0.48, "time": "amc", "revenue": 742241000, "revenueEstimated": 685107692.3076923, "fiscalDateEnding": "2018-03-30", "updatedFromDate": "2023-09-29"}, {"date": "2018-05-01", "symbol": "BLDP.TO", "eps": -0.03, "epsEstimated": -0.01667, "time": "bmo", "revenue": 20090000, "revenueEstimated": 17630000.000000004, "fiscalDateEnding": "2018-03-30", "updatedFromDate": "2023-05-17"}, {"date": "2018-05-01", "symbol": "BP.L", "eps": 0.13, "epsEstimated": 0.11, "time": "bmo", "revenue": 68172000000, "revenueEstimated": null, "fiscalDateEnding": "2018-03-30", "updatedFromDate": "2023-05-17"}, {"date": "2018-05-01", "symbol": "NCKAF", "eps": null, "epsEstimated": null, "time": "bmo", "revenue": null, "revenueEstimated": null, "fiscalDateEnding": "2018-03-31", "updatedFromDate": "2023-05-17"}, {"date": "2018-05-01", "symbol": "CIR", "eps": 0.4, "epsEstimated": 0.32, "time": "amc", "revenue": 275580000, "revenueEstimated": 220479999.99999997, "fiscalDateEnding": "2018-03-31", "updatedFromDate": "2023-09-29"}, {"date": "2018-05-01", "symbol": "QUOT", "eps": 0.01, "epsEstimated": 0.05, "time": "amc", "revenue": 86766000, "revenueEstimated": 108500000, "fiscalDateEnding": "2018-03-30", "updatedFromDate": "2023-09-29"}, {"date": "2018-05-01", "symbol": "LDL", "eps": 0.67, "epsEstimated": 0.75, "time": "amc", "revenue": 191660000, "revenueEstimated": 214589552.23880595, "fiscalDateEnding": "2018-03-30", "updatedFromDate": "2023-05-17"}, {"date": "2018-05-01", "symbol": "FI", "eps": 0.76, "epsEstimated": 0.73, "time": "bmo", "revenue": 1440000000, "revenueEstimated": 70644444.44444445, "fiscalDateEnding": "2018-03-31", "updatedFromDate": "2023-09-29"}, {"date": "2018-05-01", "symbol": "RTRX", "eps": -0.46, "epsEstimated": -0.45, "time": "bmo", "revenue": 38432000, "revenueEstimated": 37594565.217391305, "fiscalDateEnding": "2018-03-30", "updatedFromDate": "2023-05-17"}, {"date": "2018-05-01", "symbol": "RUS.TO", "eps": 0.62, "epsEstimated": 0.55, "time": "bmo", "revenue": 978200000, "revenueEstimated": null, "fiscalDateEnding": "2018-02-01", "updatedFromDate": "2023-05-17"}, {"date": "2018-05-01", "symbol": "AXIM", "eps": -0.02948, "epsEstimated": null, "time": "bmo", "revenue": 8174, "revenueEstimated": null, "fiscalDateEnding": "2018-06-29", "updatedFromDate": "2023-05-17"}, {"date": "2018-05-01", "symbol": "QLT.L", "eps": 0.02668, "epsEstimated": null, "time": "bmo", "revenue": -2288000000, "revenueEstimated": null, "fiscalDateEnding": "2018-02-01", "updatedFromDate": "2023-05-17"}, {"date": "2018-05-01", "symbol": "DRAD", "eps": -0.6, "epsEstimated": -0.1, "time": "bmo", "revenue": 25465000, "revenueEstimated": 4244999.999999999, "fiscalDateEnding": "2018-03-30", "updatedFromDate": "2023-05-17"}, {"date": "2018-05-01", "symbol": "EXLS", "eps": 0.13, "epsEstimated": 0.13, "time": "bmo", "revenue": 206973000, "revenueEstimated": 207000000, "fiscalDateEnding": "2018-03-30", "updatedFromDate": "2023-09-29"}, {"date": "2018-05-01", "symbol": "SMNUF", "eps": 10.2, "epsEstimated": 12.4, "time": "bmo", "revenue": null, "revenueEstimated": null, "fiscalDateEnding": "2018-03-31", "updatedFromDate": "2023-05-17"}, {"date": "2018-05-01", "symbol": "COHR", "eps": 0.36, "epsEstimated": 0.41, "time": "amc", "revenue": 294746000, "revenueEstimated": 335630555.555556, "fiscalDateEnding": "2018-03-31", "updatedFromDate": "2023-09-29"}, {"date": "2018-05-01", "symbol": "SMG", "eps": 2.88, "epsEstimated": 3.31, "time": "bmo", "revenue": 1013300000, "revenueEstimated": 1164591319.4444444, "fiscalDateEnding": "2018-03-30", "updatedFromDate": "2023-09-29"}, {"date": "2018-05-01", "symbol": "OXSQ", "eps": 0.17, "epsEstimated": 0.16, "time": "bmo", "revenue": 12307641, "revenueEstimated": 12564705.88235294, "fiscalDateEnding": "2018-03-30", "updatedFromDate": "2023-09-29"}, {"date": "2018-05-01", "symbol": "5444.T", "eps": 57.86, "epsEstimated": null, "time": "bmo", "revenue": 51782000000, "revenueEstimated": null, "fiscalDateEnding": "2018-02-01", "updatedFromDate": "2023-10-17"}, {"date": "2018-05-01", "symbol": "9064.T", "eps": 2.03, "epsEstimated": 2.85, "time": "bmo", "revenue": 468479000000, "revenueEstimated": null, "fiscalDateEnding": "2018-02-01", "updatedFromDate": "2023-10-17"}, {"date": "2018-05-01", "symbol": "TMUS", "eps": 0.78, "epsEstimated": 0.71, "time": "bmo", "revenue": 10455000000, "revenueEstimated": 9516730769.230768, "fiscalDateEnding": "2018-03-30", "updatedFromDate": "2023-09-29"}, {"date": "2018-05-01", "symbol": "CEQP", "eps": 0.21, "epsEstimated": 0.00571, "time": "bmo", "revenue": 1115000000, "revenueEstimated": 53095238.09523816, "fiscalDateEnding": "2018-03-30", "updatedFromDate": "2023-09-29"}, {"date": "2018-05-01", "symbol": "EIX", "eps": 0.8, "epsEstimated": 0.9, "time": "amc", "revenue": 2564000000, "revenueEstimated": 2916550000, "fiscalDateEnding": "2018-03-30", "updatedFromDate": "2023-09-29"}, {"date": "2018-05-01", "symbol": "QUILF", "eps": null, "epsEstimated": null, "time": "bmo", "revenue": null, "revenueEstimated": null, "fiscalDateEnding": "2018-03-31", "updatedFromDate": "2023-05-17"}, {"date": "2018-05-01", "symbol": "MRG-UN.TO", "eps": 2.33, "epsEstimated": null, "time": "bmo", "revenue": 58094000, "revenueEstimated": null, "fiscalDateEnding": "2018-03-30", "updatedFromDate": "2023-05-17"}, {"date": "2018-05-01", "symbol": "WHTCF", "eps": 0.2, "epsEstimated": 0.28, "time": "bmo", "revenue": null, "revenueEstimated": 2786000000.0000005, "fiscalDateEnding": "2018-03-31", "updatedFromDate": "2023-08-16"}, {"date": "2018-05-01", "symbol": "4410.T", "eps": 22.05, "epsEstimated": null, "time": "bmo", "revenue": 20081145000, "revenueEstimated": null, "fiscalDateEnding": "2018-02-01", "updatedFromDate": "2023-10-17"}, {"date": "2018-05-01", "symbol": "IMAX", "eps": 0.21, "epsEstimated": 0.11, "time": "bmo", "revenue": 84984000, "revenueEstimated": 64546875, "fiscalDateEnding": "2018-03-30", "updatedFromDate": "2023-09-29"}, {"date": "2018-05-01", "symbol": "I", "eps": -0.56, "epsEstimated": -0.39, "time": "bmo", "revenue": null, "revenueEstimated": null, "fiscalDateEnding": "2018-03-31", "updatedFromDate": "2023-05-17"}, {"date": "2018-05-01", "symbol": "BRISA.IS", "eps": null, "epsEstimated": null, "time": "bmo", "revenue": null, "revenueEstimated": null, "fiscalDateEnding": "2018-03-31", "updatedFromDate": "2023-05-17"}, {"date": "2018-05-01", "symbol": "7951.T", "eps": 27.24, "epsEstimated": 44.98, "time": "bmo", "revenue": 118433000000, "revenueEstimated": null, "fiscalDateEnding": "2018-02-01", "updatedFromDate": "2023-10-17"}, {"date": "2018-05-01", "symbol": "WATT", "eps": -11, "epsEstimated": -10.4, "time": "amc", "revenue": 25000, "revenueEstimated": 19090.90909090909, "fiscalDateEnding": "2018-03-30", "updatedFromDate": "2023-09-29"}, {"date": "2018-05-01", "symbol": "FOE", "eps": 0.36, "epsEstimated": 0.34, "time": "amc", "revenue": 416239000, "revenueEstimated": 382972222.22222227, "fiscalDateEnding": "2018-02-01", "updatedFromDate": "2023-05-17"}, {"date": "2018-05-01", "symbol": "RPAI", "eps": 0.19, "epsEstimated": 0.043, "time": "amc", "revenue": 124842000, "revenueEstimated": 26273684.210526314, "fiscalDateEnding": "2018-03-30", "updatedFromDate": "2023-05-17"}, {"date": "2018-05-01", "symbol": "AAT", "eps": -0.01, "epsEstimated": 0.5, "time": "bmo", "revenue": 80732000, "revenueEstimated": 1372444000, "fiscalDateEnding": "2018-03-30", "updatedFromDate": "2023-09-29"}, {"date": "2018-05-01", "symbol": "2360.TW", "eps": 1.03, "epsEstimated": 1.36, "time": "bmo", "revenue": 3466154000, "revenueEstimated": null, "fiscalDateEnding": "2018-03-30", "updatedFromDate": "2023-05-17"}, {"date": "2018-05-01", "symbol": "HY", "eps": 0.9, "epsEstimated": 0.86, "time": "amc", "revenue": 788200000, "revenueEstimated": 753168888.8888888, "fiscalDateEnding": "2018-03-30", "updatedFromDate": "2023-09-29"}, {"date": "2018-05-01", "symbol": "GORO", "eps": 0.09, "epsEstimated": null, "time": "bmo", "revenue": 32151000, "revenueEstimated": null, "fiscalDateEnding": "2018-03-30", "updatedFromDate": "2023-09-29"}, {"date": "2018-05-01", "symbol": "TPR", "eps": 0.54, "epsEstimated": 0.5, "time": "bmo", "revenue": 1483700000, "revenueEstimated": 1224444444.4444444, "fiscalDateEnding": "2018-02-01", "updatedFromDate": "2023-09-29"}, {"date": "2018-05-01", "symbol": "NXRT", "eps": 0.47, "epsEstimated": 0.48, "time": "bmo", "revenue": 35057000, "revenueEstimated": 35805957.44680851, "fiscalDateEnding": "2018-03-30", "updatedFromDate": "2023-09-29"}, {"date": "2018-05-01", "symbol": "ADM", "eps": 0.68, "epsEstimated": 0.5, "time": "bmo", "revenue": 15526000000, "revenueEstimated": 11416176470.588234, "fiscalDateEnding": "2018-03-30", "updatedFromDate": "2023-09-29"}, {"date": "2018-05-01", "symbol": "VBIV", "eps": 0.19, "epsEstimated": 0.17, "time": "bmo", "revenue": 178000, "revenueEstimated": 161052.63157894736, "fiscalDateEnding": "2018-03-30", "updatedFromDate": "2023-09-29"}, {"date": "2018-05-01", "symbol": "4739.T", "eps": 48.71, "epsEstimated": 54.55, "time": "bmo", "revenue": 107859000000, "revenueEstimated": null, "fiscalDateEnding": "2018-02-01", "updatedFromDate": "2023-10-17"}, {"date": "2018-05-01", "symbol": "FTR", "eps": -0.44, "epsEstimated": -0.93, "time": "bmo", "revenue": 2199000000, "revenueEstimated": 4647886363.636364, "fiscalDateEnding": "2018-03-30", "updatedFromDate": "2023-05-17"}, {"date": "2018-05-01", "symbol": "2914.T", "eps": 58.07, "epsEstimated": 58.52, "time": "bmo", "revenue": 506138000000, "revenueEstimated": null, "fiscalDateEnding": "2018-03-31", "updatedFromDate": "2023-10-16"}, {"date": "2018-05-01", "symbol": "IIVI", "eps": 0.36, "epsEstimated": 0.41, "time": "bmo", "revenue": 294746000, "revenueEstimated": null, "fiscalDateEnding": "2018-03-30", "updatedFromDate": "2023-08-17"}, {"date": "2018-05-01", "symbol": "PORBF", "eps": 0.27, "epsEstimated": null, "time": "bmo", "revenue": null, "revenueEstimated": null, "fiscalDateEnding": "2018-03-31", "updatedFromDate": "2023-09-29"}, {"date": "2018-05-01", "symbol": "FPLSF", "eps": 0.03, "epsEstimated": 0.024, "time": "amc", "revenue": 58547000, "revenueEstimated": null, "fiscalDateEnding": "2018-03-31", "updatedFromDate": "2023-09-29"}, {"date": "2018-05-01", "symbol": "DPBSF", "eps": 0.22, "epsEstimated": 0.18, "time": "bmo", "revenue": null, "revenueEstimated": null, "fiscalDateEnding": "2018-03-31", "updatedFromDate": "2023-08-16"}, {"date": "2018-05-01", "symbol": "ZEN", "eps": 0.02, "epsEstimated": 0.00762, "time": "amc", "revenue": 129791000, "revenueEstimated": 194686500, "fiscalDateEnding": "2018-03-30", "updatedFromDate": "2023-05-17"}, {"date": "2018-05-01", "symbol": "PDM", "eps": 0.42, "epsEstimated": 0.41, "time": "amc", "revenue": 129900000, "revenueEstimated": 30928571.428571433, "fiscalDateEnding": "2018-03-30", "updatedFromDate": "2023-09-29"}, {"date": "2018-05-01", "symbol": "LL", "eps": -0.07, "epsEstimated": -0.0328, "time": "bmo", "revenue": 261772000, "revenueEstimated": 215961898.5, "fiscalDateEnding": "2018-03-30", "updatedFromDate": "2023-09-29"}, {"date": "2018-05-01", "symbol": "FMCC", "eps": 0.9, "epsEstimated": null, "time": "bmo", "revenue": 4737000000, "revenueEstimated": null, "fiscalDateEnding": "2018-03-30", "updatedFromDate": "2023-09-29"}, {"date": "2018-05-01", "symbol": "SU.TO", "eps": 0.6, "epsEstimated": 0.52, "time": "bmo", "revenue": 8807000000, "revenueEstimated": null, "fiscalDateEnding": "2018-03-30", "updatedFromDate": "2023-05-17"}, {"date": "2018-05-01", "symbol": "PW", "eps": 0.08, "epsEstimated": null, "time": "bmo", "revenue": 492603, "revenueEstimated": null, "fiscalDateEnding": "2018-03-30", "updatedFromDate": "2023-09-29"}, {"date": "2018-05-01", "symbol": "HCR", "eps": 0.6, "epsEstimated": 0.56, "time": "bmo", "revenue": 218113000, "revenueEstimated": 203560000.00000003, "fiscalDateEnding": "2018-03-30", "updatedFromDate": "2023-09-29"}, {"date": "2018-05-01", "symbol": "WES", "eps": 0.46, "epsEstimated": 0.41, "time": "amc", "revenue": 437168000, "revenueEstimated": 446632608.6956521, "fiscalDateEnding": "2018-03-30", "updatedFromDate": "2023-09-29"}, {"date": "2018-05-01", "symbol": "ACGLP", "eps": 0.56, "epsEstimated": 0.52, "time": "bmo", "revenue": 1236165000, "revenueEstimated": null, "fiscalDateEnding": "2018-03-30", "updatedFromDate": "2023-05-17"}, {"date": "2018-05-01", "symbol": "TDS", "eps": 0.34, "epsEstimated": 0.18, "time": "bmo", "revenue": 1225000000, "revenueEstimated": 1136953123.3125, "fiscalDateEnding": "2018-03-30", "updatedFromDate": "2023-09-29"}, {"date": "2018-05-01", "symbol": "CLDT", "eps": 0.06, "epsEstimated": 0.05, "time": "bmo", "revenue": 74033000, "revenueEstimated": 60766666.66666667, "fiscalDateEnding": "2018-03-30", "updatedFromDate": "2023-09-29"}, {"date": "2018-05-01", "symbol": "NBR", "eps": -14.5, "epsEstimated": -14, "time": "amc", "revenue": 734194000, "revenueEstimated": 452646561.7391304, "fiscalDateEnding": "2018-03-30", "updatedFromDate": "2023-09-29"}, {"date": "2018-05-01", "symbol": "ROTI.JK", "eps": 4.7, "epsEstimated": null, "time": "bmo", "revenue": 659064387509, "revenueEstimated": null, "fiscalDateEnding": "2018-03-30", "updatedFromDate": "2023-08-16"}, {"date": "2018-05-01", "symbol": "RRD", "eps": -0.1, "epsEstimated": null, "time": "amc", "revenue": 1707800000, "revenueEstimated": null, "fiscalDateEnding": "2018-03-30", "updatedFromDate": "2023-05-17"}, {"date": "2018-05-01", "symbol": "OBM.AX", "eps": 0.02652, "epsEstimated": null, "time": "bmo", "revenue": 1607250, "revenueEstimated": null, "fiscalDateEnding": "2018-02-01", "updatedFromDate": "2023-10-17"}, {"date": "2018-05-01", "symbol": "PRFT", "eps": 0.35, "epsEstimated": 0.34, "time": "bmo", "revenue": 120942000, "revenueEstimated": 117445714.2857143, "fiscalDateEnding": "2018-03-30", "updatedFromDate": "2023-09-29"}, {"date": "2018-05-01", "symbol": "EHMEF", "eps": 0.77, "epsEstimated": 0.76, "time": "bmo", "revenue": null, "revenueEstimated": null, "fiscalDateEnding": "2018-03-30", "updatedFromDate": "2023-08-16"}, {"date": "2018-05-01", "symbol": "CIGI.TO", "eps": 0.45, "epsEstimated": 0.36, "time": "bmo", "revenue": 552473000, "revenueEstimated": null, "fiscalDateEnding": "2018-03-31", "updatedFromDate": "2023-10-16"}, {"date": "2018-05-01", "symbol": "KUKAF", "eps": null, "epsEstimated": null, "time": "bmo", "revenue": null, "revenueEstimated": null, "fiscalDateEnding": "2018-03-31", "updatedFromDate": "2023-05-17"}, {"date": "2018-05-01", "symbol": "1120.SR", "eps": 0.96, "epsEstimated": 0.97, "time": "bmo", "revenue": 4142405000, "revenueEstimated": null, "fiscalDateEnding": "2018-03-30", "updatedFromDate": "2023-05-17"}, {"date": "2018-05-01", "symbol": "AHH-PA", "eps": 0.11, "epsEstimated": 0.09, "time": "bmo", "revenue": 51749000, "revenueEstimated": null, "fiscalDateEnding": "2018-03-30", "updatedFromDate": "2023-05-17"}, {"date": "2018-05-01", "symbol": "BP.SW", "eps": 0.13, "epsEstimated": 0.11, "time": "bmo", "revenue": 68172000000, "revenueEstimated": null, "fiscalDateEnding": "2018-03-30", "updatedFromDate": "2023-08-16"}, {"date": "2018-05-01", "symbol": "2001.SR", "eps": 0.4689, "epsEstimated": null, "time": "bmo", "revenue": 195705190, "revenueEstimated": null, "fiscalDateEnding": "2018-02-01", "updatedFromDate": "2023-05-17"}, {"date": "2018-05-01", "symbol": "NOA", "eps": 0.36, "epsEstimated": 0.37, "time": "bmo", "revenue": 114703000, "revenueEstimated": 117803081, "fiscalDateEnding": "2018-03-31", "updatedFromDate": "2023-11-28"}, {"date": "2018-05-01", "symbol": "LNDNF", "eps": 0.67, "epsEstimated": 0.51, "time": "bmo", "revenue": null, "revenueEstimated": null, "fiscalDateEnding": "2018-03-31", "updatedFromDate": "2023-08-16"}, {"date": "2018-05-01", "symbol": "TDG", "eps": 3.79, "epsEstimated": 3.66, "time": "bmo", "revenue": 933070000, "revenueEstimated": 901093931.398417, "fiscalDateEnding": "2018-03-30", "updatedFromDate": "2023-09-29"}, {"date": "2018-05-01", "symbol": "TRIB", "eps": 0.03, "epsEstimated": 0.05, "time": "bmo", "revenue": 23799000, "revenueEstimated": 23561008.5, "fiscalDateEnding": "2018-03-31", "updatedFromDate": "2023-09-29"}, {"date": "2018-05-01", "symbol": "011170.KS", "eps": 15373, "epsEstimated": 17470.9, "time": "bmo", "revenue": 4330202774000, "revenueEstimated": null, "fiscalDateEnding": "2018-02-01", "updatedFromDate": "2023-05-17"}, {"date": "2018-05-01", "symbol": "GILD", "eps": 1.48, "epsEstimated": 1.67, "time": "amc", "revenue": 5088000000, "revenueEstimated": 5741189189.189189, "fiscalDateEnding": "2018-03-30", "updatedFromDate": "2023-09-29"}, {"date": "2018-05-01", "symbol": "AWRRF", "eps": null, "epsEstimated": null, "time": "bmo", "revenue": null, "revenueEstimated": null, "fiscalDateEnding": "2018-03-31", "updatedFromDate": "2023-05-17"}, {"date": "2018-05-01", "symbol": "CXO", "eps": 1, "epsEstimated": 0.79, "time": "bmo", "revenue": 947000000, "revenueEstimated": 748130000, "fiscalDateEnding": "2018-03-30", "updatedFromDate": "2023-05-17"}, {"date": "2018-05-01", "symbol": "CVLT", "eps": 0.31, "epsEstimated": 0.34, "time": "bmo", "revenue": 184915000, "revenueEstimated": 196829032.2580645, "fiscalDateEnding": "2018-03-30", "updatedFromDate": "2023-09-29"}, {"date": "2018-05-01", "symbol": "WIKA.JK", "eps": 19.1, "epsEstimated": null, "time": "bmo", "revenue": 6257393921000, "revenueEstimated": null, "fiscalDateEnding": "2018-03-30", "updatedFromDate": "2023-08-16"}, {"date": "2018-05-01", "symbol": "REXR", "eps": 0.15, "epsEstimated": 0.02, "time": "amc", "revenue": 48536000, "revenueEstimated": 6471999.999999998, "fiscalDateEnding": "2018-03-30", "updatedFromDate": "2023-09-29"}, {"date": "2018-05-01", "symbol": "MATX", "eps": 0.25, "epsEstimated": 0.23, "time": "amc", "revenue": 511400000, "revenueEstimated": 356430303.03030306, "fiscalDateEnding": "2018-03-30", "updatedFromDate": "2023-09-29"}, {"date": "2018-05-01", "symbol": "WDO.TO", "eps": 0.02, "epsEstimated": 0.02667, "time": "bmo", "revenue": 26217000, "revenueEstimated": null, "fiscalDateEnding": "2018-03-30", "updatedFromDate": "2023-05-17"}, {"date": "2018-05-01", "symbol": "AZTA", "eps": 0.4, "epsEstimated": 0.36, "time": "bmo", "revenue": 207260000, "revenueEstimated": null, "fiscalDateEnding": "2018-03-30", "updatedFromDate": "2023-09-29"}, {"date": "2018-05-01", "symbol": "PDSB", "eps": 13.4, "epsEstimated": 10.52, "time": "bmo", "revenue": null, "revenueEstimated": null, "fiscalDateEnding": "2018-03-30", "updatedFromDate": "2023-09-29"}, {"date": "2018-05-01", "symbol": "CG", "eps": 0.47, "epsEstimated": 0.31, "time": "bmo", "revenue": 493000000, "revenueEstimated": 676444999.5, "fiscalDateEnding": "2018-03-30", "updatedFromDate": "2023-09-29"}, {"date": "2018-05-01", "symbol": "QUAD", "eps": 0.58, "epsEstimated": 0.71, "time": "amc", "revenue": 967500000, "revenueEstimated": 1184353448.2758622, "fiscalDateEnding": "2018-03-30", "updatedFromDate": "2023-09-29"}, {"date": "2018-05-01", "symbol": "WU", "eps": 0.45, "epsEstimated": 0.42, "time": "amc", "revenue": 1389400000, "revenueEstimated": 1296773333.3333333, "fiscalDateEnding": "2018-03-30", "updatedFromDate": "2023-09-29"}, {"date": "2018-05-01", "symbol": "RSGUF", "eps": 0.08, "epsEstimated": 0.12, "time": "amc", "revenue": null, "revenueEstimated": null, "fiscalDateEnding": "2018-03-30", "updatedFromDate": "2023-08-16"}, {"date": "2018-05-01", "symbol": "IMXCF", "eps": null, "epsEstimated": null, "time": "bmo", "revenue": null, "revenueEstimated": null, "fiscalDateEnding": "2018-03-31", "updatedFromDate": "2023-05-17"}, {"date": "2018-05-01", "symbol": "SGR-UN.TO", "eps": -0.09201, "epsEstimated": null, "time": "bmo", "revenue": 36544000, "revenueEstimated": null, "fiscalDateEnding": "2018-03-30", "updatedFromDate": "2023-05-17"}, {"date": "2018-05-01", "symbol": "NBL", "eps": 0.35, "epsEstimated": 0.25, "time": "bmo", "revenue": 1173000000, "revenueEstimated": 837857142.857143, "fiscalDateEnding": "2018-03-30", "updatedFromDate": "2023-05-17"}, {"date": "2018-05-01", "symbol": "MDIKF", "eps": 20.42, "epsEstimated": 35.46, "time": "bmo", "revenue": null, "revenueEstimated": null, "fiscalDateEnding": "2018-03-31", "updatedFromDate": "2023-08-16"}, {"date": "2018-05-01", "symbol": "9039.T", "eps": 93.49, "epsEstimated": null, "time": "bmo", "revenue": 20886000000, "revenueEstimated": null, "fiscalDateEnding": "2018-02-01", "updatedFromDate": "2023-10-17"}, {"date": "2018-05-01", "symbol": "MITK", "eps": 0.06, "epsEstimated": 0.04167, "time": "amc", "revenue": 14277000, "revenueEstimated": 9520000.000000002, "fiscalDateEnding": "2018-03-30", "updatedFromDate": "2023-09-29"}, {"date": "2018-05-01", "symbol": "NEO", "eps": 0.04, "epsEstimated": 0.03067, "time": "bmo", "revenue": 63423000, "revenueEstimated": 47567250, "fiscalDateEnding": "2018-03-30", "updatedFromDate": "2023-09-29"}, {"date": "2018-05-01", "symbol": "FTRCQ", "eps": -0.44, "epsEstimated": -0.93, "time": "bmo", "revenue": null, "revenueEstimated": 564340909.0909091, "fiscalDateEnding": "2018-03-31", "updatedFromDate": "2023-09-29"}, {"date": "2018-05-01", "symbol": "TKIM.JK", "eps": 0.01523, "epsEstimated": null, "time": "bmo", "revenue": 275906000, "revenueEstimated": null, "fiscalDateEnding": "2018-03-30", "updatedFromDate": "2023-05-17"}, {"date": "2018-05-01", "symbol": "ALL-PI", "eps": 2.96, "epsEstimated": 2.61, "time": "bmo", "revenue": 9770000000, "revenueEstimated": null, "fiscalDateEnding": "2018-03-30", "updatedFromDate": "2023-05-17"}, {"date": "2018-05-01", "symbol": "FCBP", "eps": 0.3289, "epsEstimated": null, "time": "bmo", "revenue": 9975000, "revenueEstimated": null, "fiscalDateEnding": "2018-03-30", "updatedFromDate": "2023-05-17"}, {"date": "2018-05-01", "symbol": "COMM", "eps": 0.49, "epsEstimated": 0.46, "time": "bmo", "revenue": 1120517000, "revenueEstimated": 1074781612.2448978, "fiscalDateEnding": "2018-03-30", "updatedFromDate": "2023-09-29"}, {"date": "2018-05-01", "symbol": "2427.T", "eps": 11.62, "epsEstimated": null, "time": "bmo", "revenue": 63198000000, "revenueEstimated": null, "fiscalDateEnding": "2018-03-31", "updatedFromDate": "2023-08-25"}, {"date": "2018-05-01", "symbol": "TLK", "eps": 0.41, "epsEstimated": null, "time": "bmo", "revenue": 32343000000000, "revenueEstimated": null, "fiscalDateEnding": "2018-03-31", "updatedFromDate": "2023-09-29"}, {"date": "2018-05-01", "symbol": "MUSA", "eps": 0.12, "epsEstimated": 0.24, "time": "amc", "revenue": 3244200000, "revenueEstimated": 7029100000.000001, "fiscalDateEnding": "2018-03-30", "updatedFromDate": "2023-09-29"}, {"date": "2018-05-01", "symbol": "ACCO", "eps": 0.08, "epsEstimated": 0.07, "time": "bmo", "revenue": 405800000, "revenueEstimated": 355075000.00000006, "fiscalDateEnding": "2018-03-30", "updatedFromDate": "2023-09-29"}, {"date": "2018-05-01", "symbol": "SMBR.JK", "eps": 1.29, "epsEstimated": null, "time": "bmo", "revenue": 394215955000, "revenueEstimated": null, "fiscalDateEnding": "2018-03-30", "updatedFromDate": "2023-05-17"}, {"date": "2018-05-01", "symbol": "AGI.TO", "eps": 0.03, "epsEstimated": 0.02933, "time": "bmo", "revenue": 173100000, "revenueEstimated": null, "fiscalDateEnding": "2018-03-30", "updatedFromDate": "2023-05-17"}, {"date": "2018-05-01", "symbol": "JAPAY", "eps": 0.27, "epsEstimated": null, "time": "bmo", "revenue": 506138000000, "revenueEstimated": null, "fiscalDateEnding": "2018-03-31", "updatedFromDate": "2023-09-29"}, {"date": "2018-05-01", "symbol": "PGTI", "eps": 0.19, "epsEstimated": 0.14, "time": "bmo", "revenue": 140253000, "revenueEstimated": 103378947.36842106, "fiscalDateEnding": "2018-03-30", "updatedFromDate": "2023-09-29"}, {"date": "2018-05-01", "symbol": "GOODN", "eps": 0.06, "epsEstimated": 0.01615, "time": "bmo", "revenue": 26353000, "revenueEstimated": null, "fiscalDateEnding": "2018-03-30", "updatedFromDate": "2023-05-17"}, {"date": "2018-05-01", "symbol": "UNM", "eps": 1.24, "epsEstimated": 1.25, "time": "amc", "revenue": 2899600000, "revenueEstimated": 2318044354.83871, "fiscalDateEnding": "2018-03-30", "updatedFromDate": "2023-09-29"}, {"date": "2018-05-01", "symbol": "5904.TWO", "eps": 4.53, "epsEstimated": 4.05, "time": "bmo", "revenue": 3399691000, "revenueEstimated": null, "fiscalDateEnding": "2018-03-30", "updatedFromDate": "2023-05-17"}, {"date": "2018-05-01", "symbol": "RNR", "eps": 3.4, "epsEstimated": 2.71, "time": "amc", "revenue": 417129000, "revenueEstimated": 338288235.2941177, "fiscalDateEnding": "2018-03-30", "updatedFromDate": "2023-09-29"}, {"date": "2018-05-01", "symbol": "NNN", "eps": 0.62, "epsEstimated": 0.37, "time": "bmo", "revenue": 152836000, "revenueEstimated": 122681868.75, "fiscalDateEnding": "2018-03-30", "updatedFromDate": "2023-09-29"}, {"date": "2018-05-01", "symbol": "RTX.CO", "eps": 1.66, "epsEstimated": null, "time": "bmo", "revenue": 106769000, "revenueEstimated": null, "fiscalDateEnding": "2018-03-31", "updatedFromDate": "2023-08-16"}, {"date": "2018-05-01", "symbol": "PLUS.L", "eps": 0.832, "epsEstimated": null, "time": "bmo", "revenue": 720400000, "revenueEstimated": null, "fiscalDateEnding": "2018-02-01", "updatedFromDate": "2023-05-17"}, {"date": "2018-05-01", "symbol": "WHTAF", "eps": 0.2, "epsEstimated": 0.28, "time": "bmo", "revenue": null, "revenueEstimated": null, "fiscalDateEnding": "2018-03-31", "updatedFromDate": "2023-05-17"}, {"date": "2018-05-01", "symbol": "HOKI.JK", "eps": 2.76, "epsEstimated": null, "time": "bmo", "revenue": 380417017659, "revenueEstimated": null, "fiscalDateEnding": "2018-03-30", "updatedFromDate": "2023-05-17"}, {"date": "2018-05-01", "symbol": "CFWFF", "eps": 0.02, "epsEstimated": 0.08, "time": "bmo", "revenue": null, "revenueEstimated": null, "fiscalDateEnding": "2018-03-30", "updatedFromDate": "2023-08-16"}, {"date": "2018-05-01", "symbol": "AGI", "eps": 0.03, "epsEstimated": 0.02927, "time": "amc", "revenue": 173100000, "revenueEstimated": 173100000, "fiscalDateEnding": "2018-03-31", "updatedFromDate": "2023-09-29"}, {"date": "2018-05-01", "symbol": "JKHY", "eps": 0.93, "epsEstimated": 0.86, "time": "amc", "revenue": 384684000, "revenueEstimated": 345849462.3655914, "fiscalDateEnding": "2018-03-30", "updatedFromDate": "2023-09-29"}, {"date": "2018-05-01", "symbol": "EIGI", "eps": -0.05, "epsEstimated": -0.12, "time": "bmo", "revenue": 291356000, "revenueEstimated": 699359999.9999999, "fiscalDateEnding": "2018-03-30", "updatedFromDate": "2023-05-17"}, {"date": "2018-05-01", "symbol": "FIS", "eps": 1.09, "epsEstimated": 1.04, "time": "bmo", "revenue": 2066000000, "revenueEstimated": 1990183486.238532, "fiscalDateEnding": "2018-03-30", "updatedFromDate": "2023-09-29"}, {"date": "2018-05-01", "symbol": "UA", "eps": 0.121, "epsEstimated": 0.21, "time": "bmo", "revenue": 1405615000, "revenueEstimated": 1567330000, "fiscalDateEnding": "2017-09-29", "updatedFromDate": "2023-10-10"}, {"date": "2018-05-01", "symbol": "OLN", "eps": 0.11, "epsEstimated": 0.21, "time": "amc", "revenue": 1710300000, "revenueEstimated": 2565449999.9999995, "fiscalDateEnding": "2018-03-30", "updatedFromDate": "2023-09-29"}, {"date": "2018-05-01", "symbol": "MRK", "eps": 1.05, "epsEstimated": 0.99, "time": "bmo", "revenue": 10037000000, "revenueEstimated": 9559047619.047619, "fiscalDateEnding": "2018-03-30", "updatedFromDate": "2023-09-29"}, {"date": "2018-05-01", "symbol": "HRZN", "eps": 0.28, "epsEstimated": 0.3, "time": "amc", "revenue": 3425000, "revenueEstimated": 7039285.714285713, "fiscalDateEnding": "2018-03-30", "updatedFromDate": "2023-09-29"}, {"date": "2018-05-01", "symbol": "MUX.TO", "eps": -0.02, "epsEstimated": null, "time": "bmo", "revenue": 41285000, "revenueEstimated": null, "fiscalDateEnding": "2018-03-30", "updatedFromDate": "2023-05-17"}, {"date": "2018-05-01", "symbol": "WNC", "eps": 0.28, "epsEstimated": 0.33, "time": "amc", "revenue": 491319000, "revenueEstimated": 579032142.8571429, "fiscalDateEnding": "2018-03-30", "updatedFromDate": "2023-09-29"}, {"date": "2018-05-01", "symbol": "XENT", "eps": -0.21, "epsEstimated": -0.24, "time": "amc", "revenue": 24723000, "revenueEstimated": 28254857.14285714, "fiscalDateEnding": "2018-03-30", "updatedFromDate": "2023-08-16"}, {"date": "2018-05-01", "symbol": "2924.T", "eps": 16.09, "epsEstimated": null, "time": "bmo", "revenue": 3908934000, "revenueEstimated": null, "fiscalDateEnding": "2018-02-01", "updatedFromDate": "2023-10-17"}, {"date": "2018-05-01", "symbol": "BBSI", "eps": -1.25, "epsEstimated": -1.83, "time": "amc", "revenue": 223975000, "revenueEstimated": 324352000, "fiscalDateEnding": "2018-03-30", "updatedFromDate": "2023-09-29"}, {"date": "2018-05-01", "symbol": "UIS.SW", "eps": 0.19, "epsEstimated": 0.21, "time": "bmo", "revenue": 708400000, "revenueEstimated": null, "fiscalDateEnding": "2018-03-30", "updatedFromDate": "2023-08-16"}, {"date": "2018-05-01", "symbol": "GLUU", "eps": 0.05, "epsEstimated": 0.016, "time": "amc", "revenue": 81443000, "revenueEstimated": 32560000, "fiscalDateEnding": "2018-03-30", "updatedFromDate": "2023-05-17"}, {"date": "2018-05-01", "symbol": "DSV.CO", "eps": 4.2, "epsEstimated": 4.58, "time": "bmo", "revenue": 18380000000, "revenueEstimated": null, "fiscalDateEnding": "2018-03-30", "updatedFromDate": "2023-07-24"}, {"date": "2018-05-01", "symbol": "RRR", "eps": 0.41, "epsEstimated": 0.37, "time": "amc", "revenue": 421039000, "revenueEstimated": 325318181.8181819, "fiscalDateEnding": "2018-03-30", "updatedFromDate": "2023-09-29"}, {"date": "2018-05-01", "symbol": "NOA.TO", "eps": 0.36, "epsEstimated": 0.36, "time": "bmo", "revenue": 114703000, "revenueEstimated": null, "fiscalDateEnding": "2018-03-31", "updatedFromDate": "2023-10-16"}, {"date": "2018-05-01", "symbol": "ITOCF", "eps": 27.92, "epsEstimated": 46.78, "time": "bmo", "revenue": 3165910000000, "revenueEstimated": null, "fiscalDateEnding": "2018-02-01", "updatedFromDate": "2023-10-17"}, {"date": "2018-05-01", "symbol": "VRSK", "eps": 0.94, "epsEstimated": 0.94, "time": "amc", "revenue": 581200000, "revenueEstimated": 581200000, "fiscalDateEnding": "2018-03-30", "updatedFromDate": "2023-09-29"}, {"date": "2018-05-01", "symbol": "PKDCD", "eps": -3.15, "epsEstimated": -3.37, "time": "bmo", "revenue": null, "revenueEstimated": null, "fiscalDateEnding": "2018-03-31", "updatedFromDate": "2023-05-17"}, {"date": "2018-05-01", "symbol": "TDOC", "eps": -0.39, "epsEstimated": -0.43, "time": "amc", "revenue": 89644000, "revenueEstimated": 98838256.4102564, "fiscalDateEnding": "2018-03-30", "updatedFromDate": "2023-09-29"}, {"date": "2018-05-01", "symbol": "MLIA.JK", "eps": 11.4, "epsEstimated": null, "time": "bmo", "revenue": 1697712652000, "revenueEstimated": null, "fiscalDateEnding": "2018-03-30", "updatedFromDate": "2023-05-17"}, {"date": "2018-05-01", "symbol": "SRC-PA", "eps": 0.3, "epsEstimated": 0.28, "time": "bmo", "revenue": 165278000, "revenueEstimated": null, "fiscalDateEnding": "2018-03-30", "updatedFromDate": "2023-05-17"}, {"date": "2018-05-01", "symbol": "ECL", "eps": 0.91, "epsEstimated": 0.89, "time": "bmo", "revenue": 3470900000, "revenueEstimated": 3394616483.5164833, "fiscalDateEnding": "2018-03-30", "updatedFromDate": "2023-09-29"}, {"date": "2018-05-01", "symbol": "EPLYF", "eps": 26.76, "epsEstimated": null, "time": "bmo", "revenue": null, "revenueEstimated": null, "fiscalDateEnding": "2018-03-31", "updatedFromDate": "2023-05-17"}, {"date": "2018-05-01", "symbol": "PLT", "eps": 1.05, "epsEstimated": 0.8, "time": "bmo", "revenue": null, "revenueEstimated": null, "fiscalDateEnding": "2018-04-02", "updatedFromDate": "2023-05-17"}, {"date": "2018-05-01", "symbol": "CPTP", "eps": 0.07, "epsEstimated": null, "time": "bmo", "revenue": 1272000, "revenueEstimated": null, "fiscalDateEnding": "2018-03-30", "updatedFromDate": "2023-09-29"}, {"date": "2018-05-01", "symbol": "GGNDF", "eps": 1.56, "epsEstimated": 1.54, "time": "bmo", "revenue": null, "revenueEstimated": null, "fiscalDateEnding": "2018-03-31", "updatedFromDate": "2023-05-17"}, {"date": "2018-05-01", "symbol": "ITUB4.SA", "eps": 0.66, "epsEstimated": 0.66, "time": "bmo", "revenue": 19826000000, "revenueEstimated": null, "fiscalDateEnding": "2018-02-01", "updatedFromDate": "2023-05-17"}, {"date": "2018-05-01", "symbol": "VNP.TO", "eps": 0.03, "epsEstimated": 0.04, "time": "bmo", "revenue": 58547000, "revenueEstimated": null, "fiscalDateEnding": "2018-03-31", "updatedFromDate": "2023-10-16"}, {"date": "2018-05-01", "symbol": "PRGX", "eps": -0.1, "epsEstimated": -0.16, "time": "amc", "revenue": 36721000, "revenueEstimated": 58720000, "fiscalDateEnding": "2018-03-30", "updatedFromDate": "2023-05-17"}, {"date": "2018-05-01", "symbol": "DENN", "eps": 0.15, "epsEstimated": 0.14, "time": "amc", "revenue": 155273000, "revenueEstimated": 144946666.6666667, "fiscalDateEnding": "2018-03-27", "updatedFromDate": "2023-09-29"}, {"date": "2018-05-01", "symbol": "RGS", "eps": 0.21, "epsEstimated": -0.1, "time": "bmo", "revenue": 300801000, "revenueEstimated": 254833333.33333334, "fiscalDateEnding": "2018-03-30", "updatedFromDate": "2023-09-29"}, {"date": "2018-05-01", "symbol": "CMRE", "eps": 0.12, "epsEstimated": 0.12, "time": "amc", "revenue": 92754000, "revenueEstimated": 92800000, "fiscalDateEnding": "2018-03-31", "updatedFromDate": "2023-09-29"}, {"date": "2018-05-01", "symbol": "AJX", "eps": 0.38, "epsEstimated": 0.44, "time": "amc", "revenue": 9452000, "revenueEstimated": 31541052.63157895, "fiscalDateEnding": "2018-03-30", "updatedFromDate": "2023-09-29"}, {"date": "2018-05-01", "symbol": "ACTG", "eps": -0.51, "epsEstimated": -0.0425, "time": "amc", "revenue": 62093000, "revenueEstimated": 6208999.999999992, "fiscalDateEnding": "2018-03-30", "updatedFromDate": "2023-09-29"}, {"date": "2018-05-01", "symbol": "JNPR", "eps": 0.28, "epsEstimated": 0.26, "time": "amc", "revenue": 1082600000, "revenueEstimated": 1005271428.5714285, "fiscalDateEnding": "2018-03-30", "updatedFromDate": "2023-09-29"}, {"date": "2018-05-01", "symbol": "SNAP", "eps": -0.17, "epsEstimated": -0.17, "time": "amc", "revenue": 230666000, "revenueEstimated": 230666000, "fiscalDateEnding": "2018-03-30", "updatedFromDate": "2023-09-29"}, {"date": "2018-05-01", "symbol": "FN.TO", "eps": 0.6, "epsEstimated": 0.61, "time": "bmo", "revenue": null, "revenueEstimated": null, "fiscalDateEnding": "2018-03-31", "updatedFromDate": "2023-05-17"}, {"date": "2018-05-01", "symbol": "METEX.PA", "eps": -0.05001, "epsEstimated": null, "time": "bmo", "revenue": 1294750, "revenueEstimated": null, "fiscalDateEnding": "2018-02-01", "updatedFromDate": "2023-05-17"}, {"date": "2018-05-01", "symbol": "CARL-B.CO", "eps": 8.67, "epsEstimated": null, "time": "bmo", "revenue": 62503000000, "revenueEstimated": null, "fiscalDateEnding": "2018-02-01", "updatedFromDate": "2023-07-24"}, {"date": "2018-05-01", "symbol": "CYH", "eps": 0.13, "epsEstimated": -0.26, "time": "amc", "revenue": 3689000000, "revenueEstimated": 6242923076.923076, "fiscalDateEnding": "2018-03-30", "updatedFromDate": "2023-09-29"}, {"date": "2018-05-01", "symbol": "4220.T", "eps": 10.79, "epsEstimated": null, "time": "bmo", "revenue": 24528298000, "revenueEstimated": null, "fiscalDateEnding": "2018-02-01", "updatedFromDate": "2023-10-17"}, {"date": "2018-05-01", "symbol": "UAA", "eps": 0.121, "epsEstimated": -0.05, "time": "bmo", "revenue": 1405615000, "revenueEstimated": 1173516298.5, "fiscalDateEnding": "2017-09-29", "updatedFromDate": "2023-10-10"}, {"date": "2018-05-01", "symbol": "BRKS", "eps": 0.4, "epsEstimated": 0.36, "time": "amc", "revenue": 207260000, "revenueEstimated": 141300000, "fiscalDateEnding": "2018-03-30", "updatedFromDate": "2023-05-17"}, {"date": "2018-05-01", "symbol": "OKE", "eps": 0.64, "epsEstimated": 0.61, "time": "amc", "revenue": 3102077000, "revenueEstimated": 2956689062.5, "fiscalDateEnding": "2018-03-30", "updatedFromDate": "2023-09-29"}, {"date": "2018-05-01", "symbol": "PFE", "eps": 0.77, "epsEstimated": 0.74, "time": "bmo", "revenue": 12906000000, "revenueEstimated": 12570779220.77922, "fiscalDateEnding": "2018-03-31", "updatedFromDate": "2023-09-29"}, {"date": "2018-05-01", "symbol": "DORM", "eps": 0.96, "epsEstimated": 1.03, "time": "bmo", "revenue": 227262000, "revenueEstimated": 243873958.33333334, "fiscalDateEnding": "2018-03-30", "updatedFromDate": "2023-09-29"}, {"date": "2018-05-01", "symbol": "AHH", "eps": 0.11, "epsEstimated": 0.09, "time": "bmo", "revenue": 51749000, "revenueEstimated": 42340909.090909086, "fiscalDateEnding": "2018-03-30", "updatedFromDate": "2023-09-29"}, {"date": "2018-05-01", "symbol": "VCYT", "eps": -0.27, "epsEstimated": -0.25, "time": "amc", "revenue": 22751000, "revenueEstimated": 18556481.481481478, "fiscalDateEnding": "2018-02-01", "updatedFromDate": "2023-10-10"}, {"date": "2018-05-01", "symbol": "POLY", "eps": 1.05, "epsEstimated": 0.8, "time": "amc", "revenue": 216143000, "revenueEstimated": 164647619.04761904, "fiscalDateEnding": "2018-03-30", "updatedFromDate": "2023-05-17"}, {"date": "2018-05-01", "symbol": "KBAL", "eps": 0.16, "epsEstimated": null, "time": "bmo", "revenue": 157897000, "revenueEstimated": null, "fiscalDateEnding": "2018-03-30", "updatedFromDate": "2023-09-29"}, {"date": "2018-05-01", "symbol": "TREC", "eps": 0.09, "epsEstimated": 0.13, "time": "amc", "revenue": 71741000, "revenueEstimated": 103624444.44444446, "fiscalDateEnding": "2018-03-30", "updatedFromDate": "2023-05-17"}, {"date": "2018-05-01", "symbol": "CEQP-P", "eps": 0.21, "epsEstimated": null, "time": "bmo", "revenue": null, "revenueEstimated": null, "fiscalDateEnding": "2018-03-30", "updatedFromDate": "2023-10-16"}, {"date": "2018-05-01", "symbol": "VTOL", "eps": -0.18, "epsEstimated": -0.57, "time": "bmo", "revenue": 54610000, "revenueEstimated": 86888084, "fiscalDateEnding": "2018-02-01", "updatedFromDate": "2023-10-10"}, {"date": "2018-05-01", "symbol": "LBYYQ", "eps": -0.13, "epsEstimated": -0.13, "time": "bmo", "revenue": 182670000, "revenueEstimated": 182670000, "fiscalDateEnding": "2018-03-30", "updatedFromDate": "2023-09-29"}, {"date": "2018-05-01", "symbol": "603681.SS", "eps": 0.18, "epsEstimated": null, "time": "bmo", "revenue": 352503817.03, "revenueEstimated": null, "fiscalDateEnding": "2018-03-30", "updatedFromDate": "2023-05-17"}, {"date": "2018-05-01", "symbol": "IPGP", "eps": 1.93, "epsEstimated": 1.79, "time": "bmo", "revenue": 359864000, "revenueEstimated": 333793264.2487047, "fiscalDateEnding": "2018-03-30", "updatedFromDate": "2023-09-29"}, {"date": "2018-05-01", "symbol": "SERV", "eps": 0.44, "epsEstimated": 0.4, "time": "bmo", "revenue": 675000000, "revenueEstimated": 389090909.0909091, "fiscalDateEnding": "2018-03-30", "updatedFromDate": "2023-05-17"}, {"date": "2018-05-01", "symbol": "NDA.V", "eps": null, "epsEstimated": null, "time": "bmo", "revenue": null, "revenueEstimated": null, "fiscalDateEnding": "2018-06-30", "updatedFromDate": "2023-08-16"}, {"date": "2018-05-01", "symbol": "RIGL", "eps": -0.17, "epsEstimated": -0.17, "time": "amc", "revenue": null, "revenueEstimated": null, "fiscalDateEnding": "2018-03-30", "updatedFromDate": "2023-09-29"}, {"date": "2018-05-01", "symbol": "HCA", "eps": 2.33, "epsEstimated": 2.08, "time": "bmo", "revenue": 11423000000, "revenueEstimated": 10197356223.175966, "fiscalDateEnding": "2018-03-30", "updatedFromDate": "2023-09-29"}, {"date": "2018-05-01", "symbol": "CTRA.JK", "eps": 7, "epsEstimated": 14.79, "time": "bmo", "revenue": 1357634000000, "revenueEstimated": null, "fiscalDateEnding": "2018-03-30", "updatedFromDate": "2023-08-16"}, {"date": "2018-05-01", "symbol": "CMRE-PE", "eps": 0.12, "epsEstimated": 0.12, "time": "bmo", "revenue": null, "revenueEstimated": null, "fiscalDateEnding": "2018-03-31", "updatedFromDate": "2023-05-17"}, {"date": "2018-05-01", "symbol": "ETN", "eps": 1.1, "epsEstimated": 1.07, "time": "bmo", "revenue": 5251000000, "revenueEstimated": 5107790909.090909, "fiscalDateEnding": "2018-03-30", "updatedFromDate": "2023-09-29"}, {"date": "2018-05-01", "symbol": "HUN", "eps": 0.96, "epsEstimated": 0.8, "time": "bmo", "revenue": 2295000000, "revenueEstimated": 1912500000, "fiscalDateEnding": "2018-03-30", "updatedFromDate": "2023-09-29"}, {"date": "2018-05-01", "symbol": "MMLP.JK", "eps": 3.92, "epsEstimated": null, "time": "bmo", "revenue": 67957662000, "revenueEstimated": null, "fiscalDateEnding": "2018-03-31", "updatedFromDate": "2023-05-17"}, {"date": "2018-05-01", "symbol": "FTS", "eps": 0.69, "epsEstimated": 0.7, "time": "bmo", "revenue": 2197000000, "revenueEstimated": 2228840579.710145, "fiscalDateEnding": "2018-03-31", "updatedFromDate": "2023-09-29"}, {"date": "2018-05-01", "symbol": "HEP", "eps": 0.44, "epsEstimated": 0.44, "time": "bmo", "revenue": 128884000, "revenueEstimated": 128900000, "fiscalDateEnding": "2018-03-30", "updatedFromDate": "2023-09-29"}, {"date": "2018-05-01", "symbol": "ONTO", "eps": 0.67, "epsEstimated": 0.44, "time": "bmo", "revenue": 73096000, "revenueEstimated": 54054328.35820895, "fiscalDateEnding": "2018-03-30", "updatedFromDate": "2023-09-29"}, {"date": "2018-05-01", "symbol": "ACGL", "eps": 0.56, "epsEstimated": 0.52, "time": "amc", "revenue": 1236165000, "revenueEstimated": 1151707142.8571427, "fiscalDateEnding": "2018-03-30", "updatedFromDate": "2023-09-29"}, {"date": "2018-05-01", "symbol": "CPS", "eps": 3.45, "epsEstimated": 2.91, "time": "amc", "revenue": 967391000, "revenueEstimated": 815980869.5652174, "fiscalDateEnding": "2018-03-30", "updatedFromDate": "2023-09-29"}, {"date": "2018-05-01", "symbol": "CGAU", "eps": 0.05, "epsEstimated": 0.044, "time": "bmo", "revenue": 235399000, "revenueEstimated": null, "fiscalDateEnding": "2018-03-31", "updatedFromDate": "2023-09-29"}, {"date": "2018-05-01", "symbol": "AW-UN.TO", "eps": 0.3938, "epsEstimated": null, "time": "bmo", "revenue": 8031000, "revenueEstimated": null, "fiscalDateEnding": "2018-03-30", "updatedFromDate": "2023-05-17"}, {"date": "2018-05-01", "symbol": "NONOF", "eps": 4.4, "epsEstimated": 4.1, "time": "bmo", "revenue": null, "revenueEstimated": null, "fiscalDateEnding": "2018-03-31", "updatedFromDate": "2023-05-17"}, {"date": "2018-05-01", "symbol": "PEI", "eps": -0.15, "epsEstimated": -0.13, "time": "amc", "revenue": 86282000, "revenueEstimated": 74793333.33333334, "fiscalDateEnding": "2018-03-30", "updatedFromDate": "2023-05-17"}, {"date": "2018-05-01", "symbol": "GLKFF", "eps": null, "epsEstimated": null, "time": "bmo", "revenue": null, "revenueEstimated": null, "fiscalDateEnding": "2018-03-31", "updatedFromDate": "2023-05-17"}, {"date": "2018-05-01", "symbol": "TG", "eps": 0.39, "epsEstimated": null, "time": "amc", "revenue": 275707000, "revenueEstimated": null, "fiscalDateEnding": "2018-02-01", "updatedFromDate": "2023-10-10"}, {"date": "2018-05-01", "symbol": "2768.T", "eps": 9.65, "epsEstimated": 12.17, "time": "bmo", "revenue": 468847000000, "revenueEstimated": null, "fiscalDateEnding": "2018-02-01", "updatedFromDate": "2023-10-17"}, {"date": "2018-05-01", "symbol": "HVT", "eps": 0.29, "epsEstimated": 0.21, "time": "amc", "revenue": 199442000, "revenueEstimated": 144465517.24137932, "fiscalDateEnding": "2018-03-30", "updatedFromDate": "2023-09-29"}, {"date": "2018-05-01", "symbol": "CUP-U.TO", "eps": 0.08, "epsEstimated": 0.14, "time": "bmo", "revenue": 41474000, "revenueEstimated": null, "fiscalDateEnding": "2018-03-31", "updatedFromDate": "2023-10-16"}, {"date": "2018-05-01", "symbol": "PHOT", "eps": -35.24001, "epsEstimated": null, "time": "bmo", "revenue": 708936, "revenueEstimated": null, "fiscalDateEnding": "2018-03-30", "updatedFromDate": "2023-09-29"}, {"date": "2018-05-01", "symbol": "WEC", "eps": 1.23, "epsEstimated": 1.17, "time": "bmo", "revenue": 2286500000, "revenueEstimated": 2174963414.634146, "fiscalDateEnding": "2018-03-30", "updatedFromDate": "2023-09-29"}, {"date": "2018-05-01", "symbol": "SABRP", "eps": 0.44, "epsEstimated": 0.42, "time": "bmo", "revenue": 988369000, "revenueEstimated": null, "fiscalDateEnding": "2018-03-30", "updatedFromDate": "2023-05-17"}, {"date": "2018-05-01", "symbol": "TMX", "eps": 0.44, "epsEstimated": 0.4, "time": "bmo", "revenue": 675000000, "revenueEstimated": 607500000, "fiscalDateEnding": "2018-03-30", "updatedFromDate": "2023-05-17"}, {"date": "2018-05-01", "symbol": "WIRE", "eps": 0.54, "epsEstimated": 0.67, "time": "amc", "revenue": 291431000, "revenueEstimated": 361551851.8518518, "fiscalDateEnding": "2018-03-30", "updatedFromDate": "2023-09-29"}, {"date": "2018-05-01", "symbol": "DVN", "eps": 0.2, "epsEstimated": 0.19, "time": "amc", "revenue": 3810000000, "revenueEstimated": 2198000000, "fiscalDateEnding": "2018-03-30", "updatedFromDate": "2023-09-29"}, {"date": "2018-05-01", "symbol": "GLT", "eps": 0.19, "epsEstimated": 0.26, "time": "bmo", "revenue": 412075000, "revenueEstimated": 289010526.31578946, "fiscalDateEnding": "2018-03-30", "updatedFromDate": "2023-09-29"}, {"date": "2018-05-01", "symbol": "EXR", "eps": 0.7, "epsEstimated": 0.65, "time": "amc", "revenue": 285485000, "revenueEstimated": 265107142.85714287, "fiscalDateEnding": "2018-03-30", "updatedFromDate": "2023-09-29"}, {"date": "2018-05-01", "symbol": "8179.T", "eps": 10.04, "epsEstimated": null, "time": "bmo", "revenue": 33854000000, "revenueEstimated": null, "fiscalDateEnding": "2018-02-01", "updatedFromDate": "2023-05-17"}, {"date": "2018-05-01", "symbol": "OVV.TO", "eps": 0.8, "epsEstimated": 0.69, "time": "bmo", "revenue": 1313000000, "revenueEstimated": null, "fiscalDateEnding": "2018-03-30", "updatedFromDate": "2023-05-17"}, {"date": "2018-05-01", "symbol": "SKT", "eps": 0.24, "epsEstimated": 0.23, "time": "amc", "revenue": 123535000, "revenueEstimated": 118354166.66666667, "fiscalDateEnding": "2018-03-30", "updatedFromDate": "2023-09-29"}, {"date": "2018-05-01", "symbol": "CFW.TO", "eps": 1, "epsEstimated": 4.09, "time": "bmo", "revenue": 582838000, "revenueEstimated": null, "fiscalDateEnding": "2018-03-30", "updatedFromDate": "2023-05-17"}, {"date": "2018-05-01", "symbol": "GSY.TO", "eps": 0.77, "epsEstimated": 0.76, "time": "bmo", "revenue": 114777000, "revenueEstimated": null, "fiscalDateEnding": "2018-03-31", "updatedFromDate": "2023-10-16"}, {"date": "2018-05-01", "symbol": "HBI", "eps": 0.26, "epsEstimated": 0.24, "time": "bmo", "revenue": 1380355000, "revenueEstimated": 1358307692.3076923, "fiscalDateEnding": "2018-03-30", "updatedFromDate": "2023-09-29"}, {"date": "2018-05-01", "symbol": "CIGI", "eps": 0.45, "epsEstimated": 0.4, "time": "bmo", "revenue": 552473000, "revenueEstimated": 441999999.99999994, "fiscalDateEnding": "2018-03-31", "updatedFromDate": "2023-09-29"}, {"date": "2018-05-01", "symbol": "ZVO", "eps": 0.08333, "epsEstimated": 0.12, "time": "bmo", "revenue": 118031000, "revenueEstimated": 1416372000, "fiscalDateEnding": "2018-03-30", "updatedFromDate": "2023-08-16"}, {"date": "2018-05-01", "symbol": "EAT", "eps": 1.08, "epsEstimated": 1.03, "time": "bmo", "revenue": 812534000, "revenueEstimated": 774884259.2592592, "fiscalDateEnding": "2018-03-27", "updatedFromDate": "2023-09-29"}, {"date": "2018-05-01", "symbol": "GTE.TO", "eps": 0.05, "epsEstimated": 0.11, "time": "bmo", "revenue": 138228000, "revenueEstimated": null, "fiscalDateEnding": "2018-03-30", "updatedFromDate": "2023-08-16"}, {"date": "2018-05-01", "symbol": "SBSI", "eps": 0.46, "epsEstimated": 0.57, "time": "bmo", "revenue": 53397000, "revenueEstimated": 66590869.565217376, "fiscalDateEnding": "2018-03-30", "updatedFromDate": "2023-09-29"}, {"date": "2018-05-01", "symbol": "KFRC", "eps": 0.37, "epsEstimated": 0.36, "time": "amc", "revenue": 346293000, "revenueEstimated": 308821621.6216216, "fiscalDateEnding": "2018-03-30", "updatedFromDate": "2023-09-29"}, {"date": "2018-05-01", "symbol": "AGII.JK", "eps": 8.57, "epsEstimated": null, "time": "bmo", "revenue": 489642000000, "revenueEstimated": null, "fiscalDateEnding": "2018-03-30", "updatedFromDate": "2023-05-17"}, {"date": "2018-05-01", "symbol": "KTCC", "eps": 0.06, "epsEstimated": null, "time": "amc", "revenue": 108352000, "revenueEstimated": null, "fiscalDateEnding": "2018-03-30", "updatedFromDate": "2023-09-29"}, {"date": "2018-05-01", "symbol": "ISIG", "eps": 0.07, "epsEstimated": null, "time": "bmo", "revenue": 7419000, "revenueEstimated": null, "fiscalDateEnding": "2018-03-30", "updatedFromDate": "2023-09-29"}, {"date": "2018-05-01", "symbol": "HCI", "eps": 1.13, "epsEstimated": 1.06, "time": "amc", "revenue": 57739000, "revenueEstimated": 51527256.63716815, "fiscalDateEnding": "2018-03-30", "updatedFromDate": "2023-09-29"}, {"date": "2018-05-01", "symbol": "UIS", "eps": 0.62, "epsEstimated": -0.39, "time": "amc", "revenue": 708400000, "revenueEstimated": 782968421.0526315, "fiscalDateEnding": "2018-03-30", "updatedFromDate": "2023-09-29"}, {"date": "2018-05-01", "symbol": "FDP", "eps": 0.88, "epsEstimated": 0.91, "time": "bmo", "revenue": 1106100000, "revenueEstimated": 1143807954.5454547, "fiscalDateEnding": "2018-03-29", "updatedFromDate": "2023-09-29"}, {"date": "2018-05-01", "symbol": "FLWS", "eps": -0.13, "epsEstimated": -0.12, "time": "bmo", "revenue": 571316000, "revenueEstimated": 220153846.15384614, "fiscalDateEnding": "2018-02-01", "updatedFromDate": "2023-10-10"}, {"date": "2018-05-01", "symbol": "REXR-PC", "eps": 0.15, "epsEstimated": 0.02, "time": "bmo", "revenue": 48536000, "revenueEstimated": null, "fiscalDateEnding": "2018-03-30", "updatedFromDate": "2023-05-17"}, {"date": "2018-05-01", "symbol": "CAGDF", "eps": 0.05, "epsEstimated": 0.044, "time": "bmo", "revenue": null, "revenueEstimated": 4926000000, "fiscalDateEnding": "2018-03-31", "updatedFromDate": "2023-05-17"}, {"date": "2018-05-02", "symbol": "PWFL.TA", "eps": null, "epsEstimated": null, "time": "bmo", "revenue": null, "revenueEstimated": null, "fiscalDateEnding": "2018-03-31", "updatedFromDate": "2023-08-16"}, {"date": "2018-05-02", "symbol": "BHR", "eps": 0.07, "epsEstimated": 0.05, "time": "amc", "revenue": 102489000, "revenueEstimated": 73214285.7142857, "fiscalDateEnding": "2018-03-30", "updatedFromDate": "2023-09-29"}, {"date": "2018-05-02", "symbol": "HBM.TO", "eps": 0.17, "epsEstimated": 0.18, "time": "bmo", "revenue": 386656000, "revenueEstimated": null, "fiscalDateEnding": "2018-03-30", "updatedFromDate": "2023-05-17"}, {"date": "2018-05-02", "symbol": "TMHC", "eps": 0.36, "epsEstimated": 0.37, "time": "bmo", "revenue": 752333000, "revenueEstimated": 678904878.0487806, "fiscalDateEnding": "2018-03-30", "updatedFromDate": "2023-09-29"}, {"date": "2018-05-02", "symbol": "NSA", "eps": 0.09, "epsEstimated": 0.32, "time": "amc", "revenue": 76493000, "revenueEstimated": 10928571.428571433, "fiscalDateEnding": "2018-03-30", "updatedFromDate": "2023-09-29"}, {"date": "2018-05-02", "symbol": "WMB", "eps": 0.19, "epsEstimated": 0.21, "time": "amc", "revenue": 2088000000, "revenueEstimated": 2436000000, "fiscalDateEnding": "2018-03-30", "updatedFromDate": "2023-09-29"}, {"date": "2018-05-02", "symbol": "PDCE", "eps": 0.05, "epsEstimated": 0.48, "time": "amc", "revenue": 305225000, "revenueEstimated": 2606000000, "fiscalDateEnding": "2018-03-30", "updatedFromDate": "2023-09-29"}, {"date": "2018-05-02", "symbol": "5933.T", "eps": 0.16, "epsEstimated": null, "time": "bmo", "revenue": 14406060000, "revenueEstimated": null, "fiscalDateEnding": "2018-02-02", "updatedFromDate": "2023-10-17"}, {"date": "2018-05-02", "symbol": "TCRD", "eps": 0.27, "epsEstimated": 0.29, "time": "bmo", "revenue": 14480000, "revenueEstimated": 15552592.592592591, "fiscalDateEnding": "2018-03-30", "updatedFromDate": "2023-05-17"}, {"date": "2018-05-02", "symbol": "GIB", "eps": 1.04, "epsEstimated": 1.04, "time": "bmo", "revenue": 2950258000, "revenueEstimated": 2950300000, "fiscalDateEnding": "2018-03-31", "updatedFromDate": "2023-09-29"}, {"date": "2018-05-02", "symbol": "HOS", "eps": -1.04, "epsEstimated": -0.71, "time": "bmo", "revenue": 41587000, "revenueEstimated": 7714423.076923077, "fiscalDateEnding": "2018-03-30", "updatedFromDate": "2023-05-17"}, {"date": "2018-05-02", "symbol": "MATV", "eps": 0.82, "epsEstimated": 0.73, "time": "amc", "revenue": 261900000, "revenueEstimated": 233154878.048781, "fiscalDateEnding": "2018-03-30", "updatedFromDate": "2023-09-29"}, {"date": "2018-05-02", "symbol": "TSKB.IS", "eps": null, "epsEstimated": null, "time": "bmo", "revenue": null, "revenueEstimated": null, "fiscalDateEnding": "2018-03-31", "updatedFromDate": "2023-05-17"}, {"date": "2018-05-02", "symbol": "CAMT.TA", "eps": 0.12, "epsEstimated": 0.1, "time": "bmo", "revenue": null, "revenueEstimated": null, "fiscalDateEnding": "2018-03-31", "updatedFromDate": "2023-05-17"}, {"date": "2018-05-02", "symbol": "QRVO", "eps": 1.07, "epsEstimated": 1.05, "time": "amc", "revenue": 665383000, "revenueEstimated": 652962616.8224299, "fiscalDateEnding": "2018-03-30", "updatedFromDate": "2023-09-29"}, {"date": "2018-05-02", "symbol": "SECU-B.ST", "eps": 2.08, "epsEstimated": 2.03, "time": "bmo", "revenue": 23355700000, "revenueEstimated": null, "fiscalDateEnding": "2018-03-30", "updatedFromDate": "2023-05-17"}, {"date": "2018-05-02", "symbol": "267270.KS", "eps": 1553.5, "epsEstimated": 1380.16, "time": "bmo", "revenue": 922724831000, "revenueEstimated": null, "fiscalDateEnding": "2018-02-02", "updatedFromDate": "2023-05-17"}, {"date": "2018-05-02", "symbol": "HSC", "eps": 0.22, "epsEstimated": 0.19, "time": "bmo", "revenue": 408038000, "revenueEstimated": 280163636.3636364, "fiscalDateEnding": "2018-03-30", "updatedFromDate": "2023-09-29"}, {"date": "2018-05-02", "symbol": "JRVR", "eps": 0.55, "epsEstimated": 0.53, "time": "amc", "revenue": 218344000, "revenueEstimated": 198412727.27272728, "fiscalDateEnding": "2018-03-30", "updatedFromDate": "2023-09-29"}, {"date": "2018-05-02", "symbol": "DRRX", "eps": -0.5, "epsEstimated": -0.6, "time": "amc", "revenue": 3488000, "revenueEstimated": 4185600, "fiscalDateEnding": "2018-03-30", "updatedFromDate": "2023-09-29"}, {"date": "2018-05-02", "symbol": "AORT", "eps": 0.02, "epsEstimated": 0.02, "time": "bmo", "revenue": 61948000, "revenueEstimated": null, "fiscalDateEnding": "2018-03-30", "updatedFromDate": "2023-09-29"}, {"date": "2018-05-02", "symbol": "ESPR", "eps": -1.73, "epsEstimated": -1.56, "time": "bmo", "revenue": null, "revenueEstimated": null, "fiscalDateEnding": "2018-03-30", "updatedFromDate": "2023-09-29"}, {"date": "2018-05-02", "symbol": "7504.T", "eps": 19.02, "epsEstimated": null, "time": "bmo", "revenue": 23767637000, "revenueEstimated": null, "fiscalDateEnding": "2018-02-02", "updatedFromDate": "2023-10-17"}, {"date": "2018-05-02", "symbol": "CLVSF", "eps": 0.8, "epsEstimated": 0.82, "time": "bmo", "revenue": null, "revenueEstimated": null, "fiscalDateEnding": "2018-03-31", "updatedFromDate": "2023-05-17"}, {"date": "2018-05-02", "symbol": "GRMN", "eps": 0.68, "epsEstimated": 0.56, "time": "bmo", "revenue": 710872000, "revenueEstimated": 585447058.8235294, "fiscalDateEnding": "2018-03-30", "updatedFromDate": "2023-09-29"}, {"date": "2018-05-02", "symbol": "DX", "eps": 0.54, "epsEstimated": 0.59, "time": "bmo", "revenue": 48174000, "revenueEstimated": 27533333.333333332, "fiscalDateEnding": "2018-03-30", "updatedFromDate": "2023-09-29"}, {"date": "2018-05-02", "symbol": "ZIXI", "eps": 0.08, "epsEstimated": 0.08, "time": "amc", "revenue": 16654000, "revenueEstimated": 16654000, "fiscalDateEnding": "2018-03-30", "updatedFromDate": "2023-05-17"}, {"date": "2018-05-02", "symbol": "SITE", "eps": -0.43, "epsEstimated": -0.29, "time": "bmo", "revenue": 371400000, "revenueEstimated": 288866666.6666667, "fiscalDateEnding": "2018-03-31", "updatedFromDate": "2023-09-29"}, {"date": "2018-05-02", "symbol": "ACIU", "eps": -0.2, "epsEstimated": -0.23, "time": "bmo", "revenue": 1458000, "revenueEstimated": 1532999.9999999998, "fiscalDateEnding": "2018-03-31", "updatedFromDate": "2023-09-29"}, {"date": "2018-05-02", "symbol": "MAA-PI", "eps": 0.42, "epsEstimated": 0.46, "time": "bmo", "revenue": 386017000, "revenueEstimated": null, "fiscalDateEnding": "2018-03-30", "updatedFromDate": "2023-10-16"}, {"date": "2018-05-02", "symbol": "VIS.IC", "eps": 0.38, "epsEstimated": null, "time": "bmo", "revenue": 6050579000, "revenueEstimated": null, "fiscalDateEnding": "2018-03-30", "updatedFromDate": "2023-05-17"}, {"date": "2018-05-02", "symbol": "BHR-PD", "eps": 0.07, "epsEstimated": 0.05, "time": "bmo", "revenue": 102489000, "revenueEstimated": null, "fiscalDateEnding": "2018-03-30", "updatedFromDate": "2023-05-17"}, {"date": "2018-05-02", "symbol": "6004.SR", "eps": 1.47, "epsEstimated": 1.28, "time": "bmo", "revenue": 531068166, "revenueEstimated": null, "fiscalDateEnding": "2018-03-30", "updatedFromDate": "2023-05-17"}, {"date": "2018-05-02", "symbol": "WYND", "eps": 0.84, "epsEstimated": 1.28, "time": "bmo", "revenue": 1190000000, "revenueEstimated": 1382095238.0952382, "fiscalDateEnding": "2018-03-30", "updatedFromDate": "2023-05-17"}, {"date": "2018-05-02", "symbol": "CLX", "eps": 1.37, "epsEstimated": 1.31, "time": "bmo", "revenue": 1517000000, "revenueEstimated": 1450562043.7956204, "fiscalDateEnding": "2018-03-30", "updatedFromDate": "2023-09-29"}, {"date": "2018-05-02", "symbol": "MTDR", "eps": 0.36, "epsEstimated": 0.32, "time": "amc", "revenue": 191180000, "revenueEstimated": 169937777.7777778, "fiscalDateEnding": "2018-03-30", "updatedFromDate": "2023-09-29"}, {"date": "2018-05-02", "symbol": "CAMT", "eps": 0.12, "epsEstimated": 0.11, "time": "bmo", "revenue": 27274000, "revenueEstimated": 24997500.000000004, "fiscalDateEnding": "2018-03-31", "updatedFromDate": "2023-09-29"}, {"date": "2018-05-02", "symbol": "WRN.TO", "eps": -0.00571, "epsEstimated": null, "time": "bmo", "revenue": null, "revenueEstimated": null, "fiscalDateEnding": "2018-03-30", "updatedFromDate": "2023-05-17"}, {"date": "2018-05-02", "symbol": "UONE", "eps": -0.34, "epsEstimated": null, "time": "bmo", "revenue": 115206000, "revenueEstimated": null, "fiscalDateEnding": "2018-02-02", "updatedFromDate": "2023-09-29"}, {"date": "2018-05-02", "symbol": "DXCM", "eps": -0.08, "epsEstimated": -0.08, "time": "amc", "revenue": 184400000, "revenueEstimated": 190162500, "fiscalDateEnding": "2018-03-30", "updatedFromDate": "2023-09-29"}, {"date": "2018-05-02", "symbol": "BPAN4.SA", "eps": 0.06087, "epsEstimated": null, "time": "bmo", "revenue": 1142052000, "revenueEstimated": null, "fiscalDateEnding": "2018-03-31", "updatedFromDate": "2023-05-17"}, {"date": "2018-05-02", "symbol": "002390.KS", "eps": 7, "epsEstimated": null, "time": "bmo", "revenue": 110306343000, "revenueEstimated": null, "fiscalDateEnding": "2018-02-02", "updatedFromDate": "2023-05-17"}, {"date": "2018-05-02", "symbol": "XPL", "eps": -0.01, "epsEstimated": null, "time": "bmo", "revenue": null, "revenueEstimated": null, "fiscalDateEnding": "2018-03-30", "updatedFromDate": "2023-09-29"}, {"date": "2018-05-02", "symbol": "TNL", "eps": 1.33, "epsEstimated": 1.28, "time": "bmo", "revenue": 1190000000, "revenueEstimated": null, "fiscalDateEnding": "2018-03-30", "updatedFromDate": "2023-09-29"}, {"date": "2018-05-02", "symbol": "CAR", "eps": -0.74, "epsEstimated": -1.04, "time": "amc", "revenue": 1969000000, "revenueEstimated": 2712648648.6486487, "fiscalDateEnding": "2018-03-30", "updatedFromDate": "2023-09-29"}, {"date": "2018-05-02", "symbol": "9757.T", "eps": 15.76, "epsEstimated": null, "time": "bmo", "revenue": 4742320000, "revenueEstimated": null, "fiscalDateEnding": "2018-03-30", "updatedFromDate": "2023-05-17"}, {"date": "2018-05-02", "symbol": "FRT-PC", "eps": 0.81, "epsEstimated": 0.78, "time": "bmo", "revenue": 225405000, "revenueEstimated": null, "fiscalDateEnding": "2018-03-30", "updatedFromDate": "2023-05-17"}, {"date": "2018-05-02", "symbol": "SRDX", "eps": 0.07, "epsEstimated": 0.02457, "time": "bmo", "revenue": 19058000, "revenueEstimated": 21782857.14285714, "fiscalDateEnding": "2018-03-30", "updatedFromDate": "2023-09-29"}, {"date": "2018-05-02", "symbol": "PGUUF", "eps": 0.04, "epsEstimated": 0.04, "time": "bmo", "revenue": null, "revenueEstimated": null, "fiscalDateEnding": "2018-03-31", "updatedFromDate": "2023-05-17"}, {"date": "2018-05-02", "symbol": "COG.WA", "eps": 0.173, "epsEstimated": null, "time": "bmo", "revenue": 524231000, "revenueEstimated": null, "fiscalDateEnding": "2018-03-30", "updatedFromDate": "2023-05-17"}, {"date": "2018-05-02", "symbol": "AEL-PA", "eps": 0.85, "epsEstimated": 0.84, "time": "bmo", "revenue": null, "revenueEstimated": null, "fiscalDateEnding": "2018-03-30", "updatedFromDate": "2023-05-17"}, {"date": "2018-05-02", "symbol": "ATCO-PI", "eps": 0.37, "epsEstimated": 0.18, "time": "bmo", "revenue": null, "revenueEstimated": null, "fiscalDateEnding": "2017-12-31", "updatedFromDate": "2023-05-17"}, {"date": "2018-05-02", "symbol": "AMOT", "eps": 0.3, "epsEstimated": 0.2, "time": "amc", "revenue": 76576000, "revenueEstimated": 51053333.33333333, "fiscalDateEnding": "2018-03-30", "updatedFromDate": "2023-09-29"}, {"date": "2018-05-02", "symbol": "EFOI", "eps": -7, "epsEstimated": -5.95, "time": "bmo", "revenue": 4659000, "revenueEstimated": 3727999.9999999995, "fiscalDateEnding": "2018-03-30", "updatedFromDate": "2023-09-29"}, {"date": "2018-05-02", "symbol": "BDC", "eps": 1.16, "epsEstimated": 1.1, "time": "bmo", "revenue": 605565000, "revenueEstimated": 579496551.724138, "fiscalDateEnding": "2018-03-31", "updatedFromDate": "2023-09-29"}, {"date": "2018-05-02", "symbol": "APTV-PA", "eps": 1.29, "epsEstimated": 1.2, "time": "bmo", "revenue": null, "revenueEstimated": null, "fiscalDateEnding": "2018-03-31", "updatedFromDate": "2023-05-17"}, {"date": "2018-05-02", "symbol": "CERN", "eps": 0.58, "epsEstimated": 0.58, "time": "amc", "revenue": 1292861000, "revenueEstimated": 1292900000, "fiscalDateEnding": "2018-03-30", "updatedFromDate": "2023-05-17"}, {"date": "2018-05-02", "symbol": "CCOLA.IS", "eps": -0.18, "epsEstimated": 0.16, "time": "bmo", "revenue": 1865647000, "revenueEstimated": null, "fiscalDateEnding": "2018-03-31", "updatedFromDate": "2023-05-17"}, {"date": "2018-05-02", "symbol": "AFGD", "eps": 2.42, "epsEstimated": 1.98, "time": "bmo", "revenue": null, "revenueEstimated": null, "fiscalDateEnding": "2018-03-30", "updatedFromDate": "2023-05-17"}, {"date": "2018-05-02", "symbol": "NEBLQ", "eps": -0.55, "epsEstimated": -0.57, "time": "bmo", "revenue": 258369000, "revenueEstimated": 243408122, "fiscalDateEnding": "2018-02-02", "updatedFromDate": "2023-05-17"}, {"date": "2018-05-02", "symbol": "BLUE", "eps": -2.31, "epsEstimated": -1.99, "time": "bmo", "revenue": 15957000, "revenueEstimated": 14299129.87012987, "fiscalDateEnding": "2018-03-30", "updatedFromDate": "2023-09-29"}, {"date": "2018-05-02", "symbol": "036930.KQ", "eps": 237, "epsEstimated": 277.5, "time": "bmo", "revenue": null, "revenueEstimated": null, "fiscalDateEnding": "2018-03-31", "updatedFromDate": "2023-08-17"}, {"date": "2018-05-02", "symbol": "OMF", "eps": 1.18, "epsEstimated": 1.12, "time": "amc", "revenue": 799000000, "revenueEstimated": 948203389.8305086, "fiscalDateEnding": "2018-03-30", "updatedFromDate": "2023-09-29"}, {"date": "2018-05-02", "symbol": "AKRX", "eps": 0.06, "epsEstimated": 0.13, "time": "bmo", "revenue": 184100000, "revenueEstimated": 398883333.3333334, "fiscalDateEnding": "2018-03-30", "updatedFromDate": "2023-05-17"}, {"date": "2018-05-02", "symbol": "4007.SR", "eps": 0.26, "epsEstimated": 0.24, "time": "bmo", "revenue": 200674083, "revenueEstimated": null, "fiscalDateEnding": "2018-03-30", "updatedFromDate": "2023-05-17"}, {"date": "2018-05-02", "symbol": "8739.T", "eps": 5.06, "epsEstimated": null, "time": "bmo", "revenue": 2812000000, "revenueEstimated": null, "fiscalDateEnding": "2018-02-02", "updatedFromDate": "2023-10-17"}, {"date": "2018-05-02", "symbol": "WCN", "eps": 0.56, "epsEstimated": 0.55, "time": "amc", "revenue": 1140131000, "revenueEstimated": 1119741071.4285715, "fiscalDateEnding": "2018-03-30", "updatedFromDate": "2023-09-29"}, {"date": "2018-05-02", "symbol": "GARO.ST", "eps": 1.91, "epsEstimated": 2.03, "time": "bmo", "revenue": 207000000, "revenueEstimated": null, "fiscalDateEnding": "2018-03-30", "updatedFromDate": "2023-05-17"}, {"date": "2018-05-02", "symbol": "PACB", "eps": -0.2, "epsEstimated": -0.19, "time": "amc", "revenue": 19362000, "revenueEstimated": 18392000, "fiscalDateEnding": "2018-03-30", "updatedFromDate": "2023-09-29"}, {"date": "2018-05-02", "symbol": "FMC", "eps": 1.84, "epsEstimated": 1.6, "time": "amc", "revenue": 1210700000, "revenueEstimated": 969412500, "fiscalDateEnding": "2018-03-30", "updatedFromDate": "2023-09-29"}, {"date": "2018-05-02", "symbol": "CVS", "eps": 1.48, "epsEstimated": 1.39, "time": "bmo", "revenue": 45693000000, "revenueEstimated": 43579479729.72973, "fiscalDateEnding": "2018-03-30", "updatedFromDate": "2023-09-29"}, {"date": "2018-05-02", "symbol": "NIF-UN.TO", "eps": 0.2796, "epsEstimated": null, "time": "bmo", "revenue": 251692000, "revenueEstimated": null, "fiscalDateEnding": "2018-03-30", "updatedFromDate": "2023-05-17"}, {"date": "2018-05-02", "symbol": "SLRX", "eps": -287.5, "epsEstimated": -303.12, "time": "bmo", "revenue": 178582, "revenueEstimated": 189704.34782608695, "fiscalDateEnding": "2018-03-30", "updatedFromDate": "2023-09-29"}, {"date": "2018-05-02", "symbol": "EML", "eps": 0.49, "epsEstimated": null, "time": "bmo", "revenue": 59444997, "revenueEstimated": null, "fiscalDateEnding": "2018-03-30", "updatedFromDate": "2023-09-29"}, {"date": "2018-05-02", "symbol": "ADDDF", "eps": 2.65, "epsEstimated": 2.51, "time": "bmo", "revenue": null, "revenueEstimated": null, "fiscalDateEnding": "2018-03-31", "updatedFromDate": "2023-05-17"}, {"date": "2018-05-02", "symbol": "CLI", "eps": 0.45, "epsEstimated": -0.05, "time": "amc", "revenue": 138967000, "revenueEstimated": 15444444.444444451, "fiscalDateEnding": "2018-03-30", "updatedFromDate": "2023-05-17"}, {"date": "2018-05-02", "symbol": "GIGM", "eps": -0.08, "epsEstimated": null, "time": "bmo", "revenue": 2160466, "revenueEstimated": null, "fiscalDateEnding": "2018-03-31", "updatedFromDate": "2023-09-29"}, {"date": "2018-05-02", "symbol": "138930.KS", "eps": 623, "epsEstimated": 524.01, "time": "bmo", "revenue": 657322866160, "revenueEstimated": null, "fiscalDateEnding": "2018-03-30", "updatedFromDate": "2023-05-17"}, {"date": "2018-05-02", "symbol": "HBB", "eps": -0.03, "epsEstimated": -0.16, "time": "amc", "revenue": 146633000, "revenueEstimated": 782042666.6666667, "fiscalDateEnding": "2018-03-31", "updatedFromDate": "2023-09-29"}, {"date": "2018-05-02", "symbol": "9832.T", "eps": 1.3, "epsEstimated": null, "time": "bmo", "revenue": 68366000000, "revenueEstimated": null, "fiscalDateEnding": "2018-02-02", "updatedFromDate": "2023-10-17"}, {"date": "2018-05-02", "symbol": "7172.T", "eps": 36.36, "epsEstimated": null, "time": "bmo", "revenue": 3193409000, "revenueEstimated": null, "fiscalDateEnding": "2018-03-30", "updatedFromDate": "2023-05-17"}, {"date": "2018-05-02", "symbol": "NXPI", "eps": 1.11, "epsEstimated": 1.71, "time": "amc", "revenue": 2269000000, "revenueEstimated": 2353559006, "fiscalDateEnding": "2018-03-31", "updatedFromDate": "2023-09-29"}, {"date": "2018-05-02", "symbol": "PINWF", "eps": -0.58, "epsEstimated": -0.02, "time": "bmo", "revenue": null, "revenueEstimated": null, "fiscalDateEnding": "2018-03-31", "updatedFromDate": "2023-05-17"}, {"date": "2018-05-02", "symbol": "NVO", "eps": 0.37, "epsEstimated": 0.35, "time": "bmo", "revenue": 26930000000, "revenueEstimated": 25368840579, "fiscalDateEnding": "2018-03-31", "updatedFromDate": "2023-09-29"}, {"date": "2018-05-02", "symbol": "LNC", "eps": 1.97, "epsEstimated": 1.94, "time": "amc", "revenue": 3609000000, "revenueEstimated": 2328000000, "fiscalDateEnding": "2018-03-30", "updatedFromDate": "2023-09-29"}, {"date": "2018-05-02", "symbol": "ZTS", "eps": 0.75, "epsEstimated": 0.69, "time": "bmo", "revenue": 1366000000, "revenueEstimated": 1256720000, "fiscalDateEnding": "2018-03-30", "updatedFromDate": "2023-09-29"}, {"date": "2018-05-02", "symbol": "SBSNF", "eps": 0.72, "epsEstimated": 1.13, "time": "bmo", "revenue": null, "revenueEstimated": 13669861.111111108, "fiscalDateEnding": "2018-03-31", "updatedFromDate": "2023-05-17"}, {"date": "2018-05-02", "symbol": "SCRPF", "eps": 0.04, "epsEstimated": 0.06, "time": "bmo", "revenue": null, "revenueEstimated": null, "fiscalDateEnding": "2018-03-31", "updatedFromDate": "2023-05-17"}, {"date": "2018-05-02", "symbol": "COHN", "eps": -1.26, "epsEstimated": null, "time": "bmo", "revenue": 9338000, "revenueEstimated": null, "fiscalDateEnding": "2018-03-30", "updatedFromDate": "2023-09-29"}, {"date": "2018-05-02", "symbol": "PJT", "eps": 0.44, "epsEstimated": 0.62, "time": "bmo", "revenue": 134042000, "revenueEstimated": 179681818.18181816, "fiscalDateEnding": "2018-03-30", "updatedFromDate": "2023-09-29"}, {"date": "2018-05-02", "symbol": "ZLAB", "eps": null, "epsEstimated": 0.18, "time": "bmo", "revenue": null, "revenueEstimated": null, "fiscalDateEnding": "2018-03-29", "updatedFromDate": "2023-09-29"}, {"date": "2018-05-02", "symbol": "TAP-A", "eps": 0.48, "epsEstimated": 0.78, "time": "bmo", "revenue": null, "revenueEstimated": null, "fiscalDateEnding": "2018-03-30", "updatedFromDate": "2023-05-17"}, {"date": "2018-05-02", "symbol": "PBBIF", "eps": 0.29, "epsEstimated": 0.18, "time": "bmo", "revenue": null, "revenueEstimated": null, "fiscalDateEnding": "2018-03-31", "updatedFromDate": "2023-05-17"}, {"date": "2018-05-02", "symbol": "7643.T", "eps": null, "epsEstimated": null, "time": "bmo", "revenue": null, "revenueEstimated": null, "fiscalDateEnding": "2018-06-30", "updatedFromDate": "2023-05-17"}, {"date": "2018-05-02", "symbol": "RGLD", "eps": 0.48, "epsEstimated": 0.44, "time": "amc", "revenue": 114348000, "revenueEstimated": 103916666.66666667, "fiscalDateEnding": "2017-12-30", "updatedFromDate": "2023-10-10"}, {"date": "2018-05-02", "symbol": "ICFI", "eps": 0.77, "epsEstimated": 0.76, "time": "amc", "revenue": 302780000, "revenueEstimated": 298867532.46753246, "fiscalDateEnding": "2018-03-30", "updatedFromDate": "2023-09-29"}, {"date": "2018-05-02", "symbol": "ARI", "eps": 0.43, "epsEstimated": 0.45, "time": "amc", "revenue": 62523000, "revenueEstimated": 65431046.51162791, "fiscalDateEnding": "2018-03-30", "updatedFromDate": "2023-09-29"}, {"date": "2018-05-02", "symbol": "OCN", "eps": 0.3, "epsEstimated": 4.12, "time": "bmo", "revenue": 263915000, "revenueEstimated": 3644200000.0000005, "fiscalDateEnding": "2018-03-30", "updatedFromDate": "2023-09-29"}, {"date": "2018-05-02", "symbol": "1970.HK", "eps": 0.02957, "epsEstimated": null, "time": "bmo", "revenue": 29380000, "revenueEstimated": null, "fiscalDateEnding": "2018-02-02", "updatedFromDate": "2023-05-17"}, {"date": "2018-05-02", "symbol": "MYRG", "eps": 0.34, "epsEstimated": 0.19, "time": "amc", "revenue": 345611000, "revenueEstimated": 270122279.625, "fiscalDateEnding": "2018-03-30", "updatedFromDate": "2023-09-29"}, {"date": "2018-05-02", "symbol": "ARCC", "eps": 0.39, "epsEstimated": 0.37, "time": "bmo", "revenue": 251000000, "revenueEstimated": 308871794.8717949, "fiscalDateEnding": "2018-03-30", "updatedFromDate": "2023-09-29"}, {"date": "2018-05-02", "symbol": "MA", "eps": 1.5, "epsEstimated": 1.25, "time": "bmo", "revenue": 3580000000, "revenueEstimated": 2983333333.3333335, "fiscalDateEnding": "2018-03-30", "updatedFromDate": "2023-09-29"}, {"date": "2018-05-02", "symbol": "IQV", "eps": 1.34, "epsEstimated": 1.28, "time": "bmo", "revenue": 2563000000, "revenueEstimated": 2429111940.298507, "fiscalDateEnding": "2018-03-30", "updatedFromDate": "2023-09-29"}, {"date": "2018-05-02", "symbol": "NLY-PI", "eps": 0.3, "epsEstimated": 0.3, "time": "bmo", "revenue": null, "revenueEstimated": null, "fiscalDateEnding": "2018-03-30", "updatedFromDate": "2023-05-17"}, {"date": "2018-05-02", "symbol": "NI", "eps": 0.77, "epsEstimated": 0.76, "time": "bmo", "revenue": 1750800000, "revenueEstimated": 1728062337.6623375, "fiscalDateEnding": "2018-03-30", "updatedFromDate": "2023-09-29"}, {"date": "2018-05-02", "symbol": "SHLE.TO", "eps": 0.72, "epsEstimated": 1.65, "time": "bmo", "revenue": 105375000, "revenueEstimated": null, "fiscalDateEnding": "2018-03-30", "updatedFromDate": "2023-05-17"}, {"date": "2018-05-02", "symbol": "LNW", "eps": 1.19, "epsEstimated": 0.28, "time": "bmo", "revenue": 811800000, "revenueEstimated": null, "fiscalDateEnding": "2018-03-30", "updatedFromDate": "2023-09-29"}, {"date": "2018-05-02", "symbol": "MZTFF", "eps": null, "epsEstimated": null, "time": "bmo", "revenue": null, "revenueEstimated": null, "fiscalDateEnding": "2018-03-31", "updatedFromDate": "2023-05-17"}, {"date": "2018-05-02", "symbol": "GTES", "eps": 0.25, "epsEstimated": 0.19, "time": "amc", "revenue": 852000000, "revenueEstimated": 749760000, "fiscalDateEnding": "2018-03-30", "updatedFromDate": "2023-09-29"}, {"date": "2018-05-02", "symbol": "LIVN", "eps": 0.68, "epsEstimated": 0.6, "time": "bmo", "revenue": 250400000, "revenueEstimated": 239352941.17647058, "fiscalDateEnding": "2018-03-30", "updatedFromDate": "2023-09-29"}, {"date": "2018-05-02", "symbol": "KXSCF", "eps": 0.29, "epsEstimated": 0.24, "time": "bmo", "revenue": null, "revenueEstimated": null, "fiscalDateEnding": "2018-03-30", "updatedFromDate": "2023-08-16"}, {"date": "2018-05-02", "symbol": "SPOT", "eps": -1.01, "epsEstimated": -0.33, "time": "amc", "revenue": 1139000000, "revenueEstimated": 417257425.7425743, "fiscalDateEnding": "2018-03-31", "updatedFromDate": "2023-09-29"}, {"date": "2018-05-02", "symbol": "ROYTL", "eps": 0.08, "epsEstimated": 0.06, "time": "bmo", "revenue": null, "revenueEstimated": null, "fiscalDateEnding": "2018-03-31", "updatedFromDate": "2023-05-17"}, {"date": "2018-05-02", "symbol": "GNNDY", "eps": 0.77, "epsEstimated": null, "time": "bmo", "revenue": 2296000000, "revenueEstimated": null, "fiscalDateEnding": "2018-03-31", "updatedFromDate": "2023-09-29"}, {"date": "2018-05-02", "symbol": "LMRK", "eps": 0.19, "epsEstimated": 0.14, "time": "bmo", "revenue": 15700000, "revenueEstimated": 11568421.05263158, "fiscalDateEnding": "2018-03-30", "updatedFromDate": "2023-05-17"}, {"date": "2018-05-02", "symbol": "LHX", "eps": 1.67, "epsEstimated": 1.63, "time": "bmo", "revenue": 1568000000, "revenueEstimated": 1524586826.3473055, "fiscalDateEnding": "2018-03-29", "updatedFromDate": "2023-09-29"}, {"date": "2018-05-02", "symbol": "QGEN", "eps": 0.26, "epsEstimated": 0.24, "time": "amc", "revenue": 343568000, "revenueEstimated": 317169230.7692307, "fiscalDateEnding": "2018-03-31", "updatedFromDate": "2023-09-29"}, {"date": "2018-05-02", "symbol": "1180.SR", "eps": 0.97, "epsEstimated": 0.91, "time": "bmo", "revenue": 4806304000, "revenueEstimated": null, "fiscalDateEnding": "2018-03-30", "updatedFromDate": "2023-05-17"}, {"date": "2018-05-02", "symbol": "SCEYF", "eps": 0.06, "epsEstimated": 0.14, "time": "amc", "revenue": null, "revenueEstimated": null, "fiscalDateEnding": "2018-03-31", "updatedFromDate": "2023-08-16"}, {"date": "2018-05-02", "symbol": "AFG", "eps": 2.42, "epsEstimated": 1.94, "time": "amc", "revenue": 1619000000, "revenueEstimated": 951545454.5454546, "fiscalDateEnding": "2018-03-30", "updatedFromDate": "2023-09-29"}, {"date": "2018-05-02", "symbol": "044450.KS", "eps": 179, "epsEstimated": null, "time": "bmo", "revenue": 48091513000, "revenueEstimated": null, "fiscalDateEnding": "2018-03-30", "updatedFromDate": "2023-05-17"}, {"date": "2018-05-02", "symbol": "BIOL", "eps": -500, "epsEstimated": -0.22, "time": "amc", "revenue": 10020000, "revenueEstimated": 11021999.999999998, "fiscalDateEnding": "2018-03-30", "updatedFromDate": "2023-09-29"}, {"date": "2018-05-02", "symbol": "ES", "eps": 0.85, "epsEstimated": 0.85, "time": "amc", "revenue": 2287962000, "revenueEstimated": 2314000000, "fiscalDateEnding": "2018-03-30", "updatedFromDate": "2023-09-29"}, {"date": "2018-05-02", "symbol": "NLY", "eps": 1.2, "epsEstimated": 1.2, "time": "amc", "revenue": 1356755000, "revenueEstimated": 1758200000, "fiscalDateEnding": "2018-03-30", "updatedFromDate": "2023-09-29"}, {"date": "2018-05-02", "symbol": "3515.TW", "eps": 1.56, "epsEstimated": null, "time": "bmo", "revenue": 2636382000, "revenueEstimated": null, "fiscalDateEnding": "2018-03-30", "updatedFromDate": "2023-05-17"}, {"date": "2018-05-02", "symbol": "RAND", "eps": -0.27, "epsEstimated": null, "time": "bmo", "revenue": -166249, "revenueEstimated": null, "fiscalDateEnding": "2018-03-30", "updatedFromDate": "2023-09-29"}, {"date": "2018-05-02", "symbol": "ARKAF", "eps": 2.57, "epsEstimated": 2.14, "time": "bmo", "revenue": null, "revenueEstimated": null, "fiscalDateEnding": "2018-03-31", "updatedFromDate": "2023-05-17"}, {"date": "2018-05-02", "symbol": "BKCC", "eps": 0.15, "epsEstimated": 0.19, "time": "amc", "revenue": -546247, "revenueEstimated": 24747500, "fiscalDateEnding": "2018-03-30", "updatedFromDate": "2023-09-29"}, {"date": "2018-05-02", "symbol": "MITT-PC", "eps": 0.59, "epsEstimated": 0.49, "time": "bmo", "revenue": null, "revenueEstimated": null, "fiscalDateEnding": "2018-03-30", "updatedFromDate": "2023-05-17"}, {"date": "2018-05-02", "symbol": "NEX", "eps": 0.19, "epsEstimated": 0.22, "time": "bmo", "revenue": 513016000, "revenueEstimated": 594018526.3157895, "fiscalDateEnding": "2018-03-30", "updatedFromDate": "2023-09-29"}, {"date": "2018-05-02", "symbol": "DDD", "eps": -0.03, "epsEstimated": -0.00375, "time": "bmo", "revenue": 165888000, "revenueEstimated": 55300000.00000002, "fiscalDateEnding": "2018-03-30", "updatedFromDate": "2023-09-29"}, {"date": "2018-05-02", "symbol": "CACI", "eps": 2.56, "epsEstimated": 1.88, "time": "amc", "revenue": 1124100000, "revenueEstimated": 825510937.5, "fiscalDateEnding": "2018-03-30", "updatedFromDate": "2023-09-29"}, {"date": "2018-05-02", "symbol": "KE", "eps": 0.4, "epsEstimated": null, "time": "amc", "revenue": 283938000, "revenueEstimated": null, "fiscalDateEnding": "2018-03-30", "updatedFromDate": "2023-09-29"}, {"date": "2018-05-02", "symbol": "BG", "eps": -0.06, "epsEstimated": -0.16, "time": "bmo", "revenue": 10641000000, "revenueEstimated": 31923000000, "fiscalDateEnding": "2018-03-30", "updatedFromDate": "2023-09-29"}, {"date": "2018-05-02", "symbol": "STLC.TO", "eps": 0.56, "epsEstimated": 0.6, "time": "bmo", "revenue": 482000000, "revenueEstimated": null, "fiscalDateEnding": "2018-03-31", "updatedFromDate": "2023-05-17"}, {"date": "2018-05-02", "symbol": "GLAD", "eps": 0.21, "epsEstimated": 0.21, "time": "bmo", "revenue": 12454000, "revenueEstimated": 11090000, "fiscalDateEnding": "2018-03-30", "updatedFromDate": "2023-09-29"}, {"date": "2018-05-02", "symbol": "COLZF", "eps": -0.18, "epsEstimated": 0.16, "time": "bmo", "revenue": null, "revenueEstimated": null, "fiscalDateEnding": "2018-03-31", "updatedFromDate": "2023-05-17"}, {"date": "2018-05-02", "symbol": "GNRC", "eps": 0.74, "epsEstimated": 0.64, "time": "bmo", "revenue": 397634000, "revenueEstimated": 340625675.6756757, "fiscalDateEnding": "2018-03-30", "updatedFromDate": "2023-09-29"}, {"date": "2018-05-02", "symbol": "ACLS", "eps": 0.41, "epsEstimated": 0.38, "time": "amc", "revenue": 122185000, "revenueEstimated": 113258536.58536586, "fiscalDateEnding": "2018-03-30", "updatedFromDate": "2023-09-29"}, {"date": "2018-05-02", "symbol": "NCLH", "eps": 0.6, "epsEstimated": 0.54, "time": "bmo", "revenue": 1293403000, "revenueEstimated": 1164062700.0000002, "fiscalDateEnding": "2018-03-30", "updatedFromDate": "2023-09-29"}, {"date": "2018-05-02", "symbol": "SPR", "eps": 1.1, "epsEstimated": 1.35, "time": "bmo", "revenue": 1736100000, "revenueEstimated": 2130668181.8181818, "fiscalDateEnding": "2018-03-28", "updatedFromDate": "2023-09-29"}, {"date": "2018-05-02", "symbol": "MTUAF", "eps": 2.37, "epsEstimated": 2.07, "time": "bmo", "revenue": null, "revenueEstimated": null, "fiscalDateEnding": "2018-03-31", "updatedFromDate": "2023-05-17"}, {"date": "2018-05-02", "symbol": "9746.T", "eps": 60.65, "epsEstimated": null, "time": "bmo", "revenue": 15655000000, "revenueEstimated": null, "fiscalDateEnding": "2018-03-30", "updatedFromDate": "2023-05-17"}, {"date": "2018-05-02", "symbol": "CRTO", "eps": 0.6, "epsEstimated": 0.46, "time": "bmo", "revenue": 564164000, "revenueEstimated": 432553333.3333334, "fiscalDateEnding": "2018-03-30", "updatedFromDate": "2023-09-29"}, {"date": "2018-05-02", "symbol": "CIOXY", "eps": 0.11, "epsEstimated": null, "time": "amc", "revenue": 2784684000, "revenueEstimated": null, "fiscalDateEnding": "2018-03-31", "updatedFromDate": "2023-09-29"}, {"date": "2018-05-02", "symbol": "FLIDF", "eps": 2.9, "epsEstimated": 3.72, "time": "bmo", "revenue": null, "revenueEstimated": null, "fiscalDateEnding": "2018-03-31", "updatedFromDate": "2023-05-17"}, {"date": "2018-05-02", "symbol": "SCX", "eps": 0.23, "epsEstimated": null, "time": "bmo", "revenue": 54834000, "revenueEstimated": null, "fiscalDateEnding": "2018-03-30", "updatedFromDate": "2023-09-29"}, {"date": "2018-05-02", "symbol": "TCFC", "eps": 0.61, "epsEstimated": 0.57, "time": "bmo", "revenue": 13921000, "revenueEstimated": 36065454.54545455, "fiscalDateEnding": "2018-03-30", "updatedFromDate": "2023-09-29"}, {"date": "2018-05-02", "symbol": "CLR", "eps": 0.68, "epsEstimated": 0.64, "time": "amc", "revenue": 1141028000, "revenueEstimated": 1073976470.5882354, "fiscalDateEnding": "2018-03-30", "updatedFromDate": "2023-08-25"}, {"date": "2018-05-02", "symbol": "UE", "eps": 0.14, "epsEstimated": 0.14, "time": "amc", "revenue": 99053000, "revenueEstimated": 77041222.22222224, "fiscalDateEnding": "2018-03-31", "updatedFromDate": "2023-09-29"}, {"date": "2018-05-02", "symbol": "RYN", "eps": 0.31, "epsEstimated": 0.15, "time": "amc", "revenue": 203200000, "revenueEstimated": 169732147.359375, "fiscalDateEnding": "2018-03-30", "updatedFromDate": "2023-09-29"}, {"date": "2018-05-02", "symbol": "LEOVF", "eps": 0.02, "epsEstimated": 0.025, "time": "bmo", "revenue": null, "revenueEstimated": null, "fiscalDateEnding": "2018-03-31", "updatedFromDate": "2023-05-17"}, {"date": "2018-05-02", "symbol": "NVMI.TA", "eps": 0.54, "epsEstimated": 0.39, "time": "bmo", "revenue": null, "revenueEstimated": null, "fiscalDateEnding": "2018-03-31", "updatedFromDate": "2023-05-17"}, {"date": "2018-05-02", "symbol": "3457.T", "eps": 14.18, "epsEstimated": null, "time": "bmo", "revenue": 6592679000, "revenueEstimated": null, "fiscalDateEnding": "2018-02-02", "updatedFromDate": "2023-10-17"}, {"date": "2018-05-02", "symbol": "UGP", "eps": 0.02, "epsEstimated": 0.014, "time": "bmo", "revenue": 20751122000, "revenueEstimated": 28014014700, "fiscalDateEnding": "2018-03-31", "updatedFromDate": "2023-09-29"}, {"date": "2018-05-02", "symbol": "EEX.WA", "eps": -0.01642, "epsEstimated": null, "time": "bmo", "revenue": 8092000, "revenueEstimated": null, "fiscalDateEnding": "2018-03-30", "updatedFromDate": "2023-05-17"}, {"date": "2018-05-02", "symbol": "WK", "eps": -0.09, "epsEstimated": -0.19, "time": "amc", "revenue": 59906000, "revenueEstimated": 126468222.22222222, "fiscalDateEnding": "2018-03-30", "updatedFromDate": "2023-09-29"}, {"date": "2018-05-02", "symbol": "INDV.L", "eps": 0.4666, "epsEstimated": null, "time": "bmo", "revenue": 268000000, "revenueEstimated": null, "fiscalDateEnding": "2018-02-02", "updatedFromDate": "2023-05-17"}, {"date": "2018-05-02", "symbol": "HI", "eps": 0.65, "epsEstimated": 0.6, "time": "amc", "revenue": 452200000, "revenueEstimated": 445243076.92307687, "fiscalDateEnding": "2018-03-30", "updatedFromDate": "2023-09-29"}, {"date": "2018-05-02", "symbol": "BIP-UN.TO", "eps": 0.28, "epsEstimated": 0.25, "time": "bmo", "revenue": 1013000000, "revenueEstimated": null, "fiscalDateEnding": "2018-03-30", "updatedFromDate": "2023-05-17"}, {"date": "2018-05-02", "symbol": "OPRX", "eps": -0.03, "epsEstimated": -0.06, "time": "amc", "revenue": 4112237, "revenueEstimated": 8220000, "fiscalDateEnding": "2018-03-30", "updatedFromDate": "2023-09-29"}, {"date": "2018-05-02", "symbol": "BZH", "eps": 0.36, "epsEstimated": 0.15, "time": "amc", "revenue": 455178000, "revenueEstimated": 337969659.9375, "fiscalDateEnding": "2018-03-30", "updatedFromDate": "2023-09-29"}, {"date": "2018-05-02", "symbol": "GXP", "eps": 0.19, "epsEstimated": 0.15, "time": "amc", "revenue": 28000000, "revenueEstimated": null, "fiscalDateEnding": "2018-03-31", "updatedFromDate": "2023-09-29"}, {"date": "2018-05-02", "symbol": "FNF", "eps": 0.42, "epsEstimated": 0.42, "time": "amc", "revenue": 1693000000, "revenueEstimated": 1654000000, "fiscalDateEnding": "2018-03-30", "updatedFromDate": "2023-09-29"}, {"date": "2018-05-02", "symbol": "MDU", "eps": 0.22, "epsEstimated": 0.19, "time": "amc", "revenue": 976300000, "revenueEstimated": 887545454.5454546, "fiscalDateEnding": "2018-03-30", "updatedFromDate": "2023-09-29"}, {"date": "2018-05-02", "symbol": "LITE", "eps": 0.78, "epsEstimated": 0.71, "time": "bmo", "revenue": 301100000, "revenueEstimated": 271984615.38461536, "fiscalDateEnding": "2018-02-02", "updatedFromDate": "2023-09-29"}, {"date": "2018-05-02", "symbol": "CBRE", "eps": 0.54, "epsEstimated": 0.49, "time": "bmo", "revenue": 4673952000, "revenueEstimated": 4241222222.222222, "fiscalDateEnding": "2018-03-30", "updatedFromDate": "2023-09-29"}, {"date": "2018-05-02", "symbol": "APTV", "eps": 1.29, "epsEstimated": 1.2, "time": "bmo", "revenue": 3630000000, "revenueEstimated": 3376744186.0465117, "fiscalDateEnding": "2018-03-30", "updatedFromDate": "2023-09-29"}, {"date": "2018-05-02", "symbol": "ANSS", "eps": 1.2, "epsEstimated": 1.04, "time": "amc", "revenue": 282873000, "revenueEstimated": 245156600, "fiscalDateEnding": "2018-03-30", "updatedFromDate": "2023-09-29"}, {"date": "2018-05-02", "symbol": "CDW", "eps": 1.05, "epsEstimated": 0.92, "time": "bmo", "revenue": 3606400000, "revenueEstimated": 3159893333.3333335, "fiscalDateEnding": "2018-03-30", "updatedFromDate": "2023-09-29"}, {"date": "2018-05-02", "symbol": "TTEK", "eps": 0.54, "epsEstimated": 0.51, "time": "amc", "revenue": 700262000, "revenueEstimated": 503200000, "fiscalDateEnding": "2018-03-31", "updatedFromDate": "2023-09-29"}, {"date": "2018-05-02", "symbol": "TSLA", "eps": -0.22, "epsEstimated": -0.22, "time": "amc", "revenue": 3408751000, "revenueEstimated": 3642837014.925373, "fiscalDateEnding": "2018-03-30", "updatedFromDate": "2023-09-29"}, {"date": "2018-05-02", "symbol": "SR", "eps": 2.83, "epsEstimated": 2.48, "time": "bmo", "revenue": 813400000, "revenueEstimated": 712802826.8551236, "fiscalDateEnding": "2018-03-30", "updatedFromDate": "2023-09-29"}, {"date": "2018-05-02", "symbol": "8383.TWO", "eps": 0.82, "epsEstimated": 0.91, "time": "bmo", "revenue": 527602000, "revenueEstimated": null, "fiscalDateEnding": "2018-02-02", "updatedFromDate": "2023-05-17"}, {"date": "2018-05-02", "symbol": "LFUS", "eps": 2.39, "epsEstimated": 1.82, "time": "bmo", "revenue": 417813000, "revenueEstimated": 316409205.02092046, "fiscalDateEnding": "2018-03-30", "updatedFromDate": "2023-09-29"}, {"date": "2018-05-02", "symbol": "MRO", "eps": 0.18, "epsEstimated": 0.15, "time": "amc", "revenue": 1537000000, "revenueEstimated": 1195444444.4444447, "fiscalDateEnding": "2018-03-30", "updatedFromDate": "2023-09-29"}, {"date": "2018-05-02", "symbol": "AETUF", "eps": 0.16, "epsEstimated": 0.2, "time": "amc", "revenue": 370100000, "revenueEstimated": null, "fiscalDateEnding": "2018-03-31", "updatedFromDate": "2023-09-29"}, {"date": "2018-05-02", "symbol": "PKI.TO", "eps": 0.09, "epsEstimated": -0.05, "time": "bmo", "revenue": 3342000000, "revenueEstimated": null, "fiscalDateEnding": "2018-03-31", "updatedFromDate": "2023-10-16"}, {"date": "2018-05-02", "symbol": "STAA", "eps": 0.04, "epsEstimated": 0.01756, "time": "amc", "revenue": 33905000, "revenueEstimated": 108360000, "fiscalDateEnding": "2018-02-02", "updatedFromDate": "2023-10-10"}, {"date": "2018-05-02", "symbol": "VNDA", "eps": 0.14, "epsEstimated": -0.05, "time": "amc", "revenue": 43592000, "revenueEstimated": 123510666.66666667, "fiscalDateEnding": "2018-03-30", "updatedFromDate": "2023-09-29"}, {"date": "2018-05-02", "symbol": "7446.T", "eps": 168.21, "epsEstimated": null, "time": "bmo", "revenue": null, "revenueEstimated": null, "fiscalDateEnding": "2018-03-31", "updatedFromDate": "2023-05-19"}, {"date": "2018-05-02", "symbol": "DPM.TO", "eps": 0.01513, "epsEstimated": null, "time": "bmo", "revenue": 86888000, "revenueEstimated": null, "fiscalDateEnding": "2018-03-31", "updatedFromDate": "2023-05-17"}, {"date": "2018-05-02", "symbol": "6809.T", "eps": 33.58, "epsEstimated": 36.9, "time": "bmo", "revenue": 12309000000, "revenueEstimated": null, "fiscalDateEnding": "2018-02-02", "updatedFromDate": "2023-10-17"}, {"date": "2018-05-02", "symbol": "BPMC", "eps": -1.29, "epsEstimated": -1.06, "time": "bmo", "revenue": 954000, "revenueEstimated": 832170.5426356588, "fiscalDateEnding": "2018-03-30", "updatedFromDate": "2023-09-29"}, {"date": "2018-05-02", "symbol": "LBRDK", "eps": -0.08, "epsEstimated": 0.06, "time": "amc", "revenue": 11791000, "revenueEstimated": 8843250.000000002, "fiscalDateEnding": "2018-03-30", "updatedFromDate": "2023-09-29"}, {"date": "2018-05-02", "symbol": "AME", "eps": 0.78, "epsEstimated": 0.72, "time": "bmo", "revenue": 1172647000, "revenueEstimated": 1082400000, "fiscalDateEnding": "2018-03-30", "updatedFromDate": "2023-09-29"}, {"date": "2018-05-02", "symbol": "KHC", "eps": 0.89, "epsEstimated": 0.82, "time": "amc", "revenue": 6304000000, "revenueEstimated": 5808179775.280898, "fiscalDateEnding": "2018-03-30", "updatedFromDate": "2023-09-29"}, {"date": "2018-05-02", "symbol": "EXC", "eps": 0.96, "epsEstimated": 0.93, "time": "bmo", "revenue": 9693000000, "revenueEstimated": 9188156250, "fiscalDateEnding": "2018-03-30", "updatedFromDate": "2023-09-29"}, {"date": "2018-05-02", "symbol": "DINO", "eps": 0.77, "epsEstimated": 0.38, "time": "bmo", "revenue": 4128427000, "revenueEstimated": null, "fiscalDateEnding": "2018-03-31", "updatedFromDate": "2023-09-29"}, {"date": "2018-05-02", "symbol": "KMT", "eps": 0.7, "epsEstimated": 0.72, "time": "bmo", "revenue": 607936000, "revenueEstimated": 625268571.4285715, "fiscalDateEnding": "2018-03-30", "updatedFromDate": "2023-09-29"}, {"date": "2018-05-02", "symbol": "UONEK", "eps": -0.34, "epsEstimated": null, "time": "bmo", "revenue": 115206000, "revenueEstimated": null, "fiscalDateEnding": "2018-02-02", "updatedFromDate": "2023-09-29"}, {"date": "2018-05-02", "symbol": "SGU", "eps": 0.98, "epsEstimated": 1.65, "time": "amc", "revenue": 684031000, "revenueEstimated": 1151632653.0612245, "fiscalDateEnding": "2018-03-30", "updatedFromDate": "2023-09-29"}, {"date": "2018-05-02", "symbol": "WCN.TO", "eps": 0.56, "epsEstimated": 0.55, "time": "bmo", "revenue": 1140131000, "revenueEstimated": null, "fiscalDateEnding": "2018-03-30", "updatedFromDate": "2023-05-17"}, {"date": "2018-05-02", "symbol": "SCTBF", "eps": 2.08, "epsEstimated": 2.03, "time": "bmo", "revenue": null, "revenueEstimated": null, "fiscalDateEnding": "2018-03-31", "updatedFromDate": "2023-05-17"}, {"date": "2018-05-02", "symbol": "TSE", "eps": 2.76, "epsEstimated": 2.61, "time": "bmo", "revenue": 1121600000, "revenueEstimated": 1060643478.2608695, "fiscalDateEnding": "2018-03-30", "updatedFromDate": "2023-09-29"}, {"date": "2018-05-02", "symbol": "FMBM", "eps": 0.57, "epsEstimated": null, "time": "bmo", "revenue": 9496392, "revenueEstimated": null, "fiscalDateEnding": "2018-03-30", "updatedFromDate": "2023-09-29"}, {"date": "2018-05-02", "symbol": "HCCI", "eps": -0.01, "epsEstimated": 0.08, "time": "amc", "revenue": 83147000, "revenueEstimated": 748322999.9999999, "fiscalDateEnding": "2018-03-23", "updatedFromDate": "2023-09-29"}, {"date": "2018-05-02", "symbol": "9687.T", "eps": 57.35, "epsEstimated": null, "time": "bmo", "revenue": null, "revenueEstimated": null, "fiscalDateEnding": "2018-03-31", "updatedFromDate": "2023-06-02"}, {"date": "2018-05-02", "symbol": "BPOSF", "eps": 0.31, "epsEstimated": 0.48, "time": "bmo", "revenue": null, "revenueEstimated": null, "fiscalDateEnding": "2018-03-31", "updatedFromDate": "2023-05-17"}, {"date": "2018-05-02", "symbol": "SR-PA", "eps": 2.83, "epsEstimated": 2.48, "time": "bmo", "revenue": 813400000, "revenueEstimated": null, "fiscalDateEnding": "2018-03-30", "updatedFromDate": "2023-05-17"}, {"date": "2018-05-02", "symbol": "TKO.TO", "eps": -0.05, "epsEstimated": null, "time": "bmo", "revenue": 64179000, "revenueEstimated": null, "fiscalDateEnding": "2018-03-31", "updatedFromDate": "2023-10-16"}, {"date": "2018-05-02", "symbol": "CHK", "eps": 68, "epsEstimated": 54.12, "time": "bmo", "revenue": 2489000000, "revenueEstimated": 1993685294.1176472, "fiscalDateEnding": "2018-03-30", "updatedFromDate": "2023-09-29"}, {"date": "2018-05-02", "symbol": "GPL", "eps": -0.00576, "epsEstimated": -0.00288, "time": "amc", "revenue": 17019000, "revenueEstimated": null, "fiscalDateEnding": "2018-03-30", "updatedFromDate": "2023-05-17"}, {"date": "2018-05-02", "symbol": "AWK", "eps": 0.59, "epsEstimated": 0.55, "time": "amc", "revenue": 761000000, "revenueEstimated": 709406779.6610171, "fiscalDateEnding": "2018-03-30", "updatedFromDate": "2023-09-29"}, {"date": "2018-05-02", "symbol": "PNBI", "eps": 0.78, "epsEstimated": null, "time": "bmo", "revenue": null, "revenueEstimated": null, "fiscalDateEnding": "2018-03-31", "updatedFromDate": "2023-09-29"}, {"date": "2018-05-02", "symbol": "FORM", "eps": 0.17, "epsEstimated": 0.16, "time": "amc", "revenue": 118290000, "revenueEstimated": 111341176.47058824, "fiscalDateEnding": "2018-03-30", "updatedFromDate": "2023-09-29"}, {"date": "2018-05-02", "symbol": "AMFPF", "eps": 0.07, "epsEstimated": 0.08, "time": "bmo", "revenue": null, "revenueEstimated": 13485714.285714285, "fiscalDateEnding": "2018-03-31", "updatedFromDate": "2023-09-29"}, {"date": "2018-05-02", "symbol": "ALE", "eps": 0.99, "epsEstimated": 0.98, "time": "bmo", "revenue": 358200000, "revenueEstimated": 354581818.1818182, "fiscalDateEnding": "2018-03-30", "updatedFromDate": "2023-09-29"}, {"date": "2018-05-02", "symbol": "LYPHF", "eps": null, "epsEstimated": null, "time": "bmo", "revenue": null, "revenueEstimated": null, "fiscalDateEnding": "2018-03-31", "updatedFromDate": "2023-05-17"}, {"date": "2018-05-02", "symbol": "IRTC", "eps": -0.47, "epsEstimated": -0.42, "time": "amc", "revenue": 30565000, "revenueEstimated": 23411489.36170213, "fiscalDateEnding": "2018-03-30", "updatedFromDate": "2023-09-29"}, {"date": "2018-05-02", "symbol": "SIGI", "eps": 0.46, "epsEstimated": 0.45, "time": "amc", "revenue": 626600000, "revenueEstimated": 697304347.826087, "fiscalDateEnding": "2018-03-30", "updatedFromDate": "2023-09-29"}, {"date": "2018-05-02", "symbol": "NHTC", "eps": 0.78, "epsEstimated": null, "time": "bmo", "revenue": 52367000, "revenueEstimated": null, "fiscalDateEnding": "2018-03-30", "updatedFromDate": "2023-09-29"}, {"date": "2018-05-02", "symbol": "2458.TW", "eps": 0.9, "epsEstimated": 0.86, "time": "bmo", "revenue": 1779238000, "revenueEstimated": null, "fiscalDateEnding": "2018-03-30", "updatedFromDate": "2023-05-17"}, {"date": "2018-05-02", "symbol": "RTOBF", "eps": null, "epsEstimated": null, "time": "bmo", "revenue": null, "revenueEstimated": null, "fiscalDateEnding": "2018-03-31", "updatedFromDate": "2023-05-17"}, {"date": "2018-05-02", "symbol": "SQNS", "eps": -0.32, "epsEstimated": -0.32, "time": "bmo", "revenue": 11234000, "revenueEstimated": 10528125, "fiscalDateEnding": "2018-03-31", "updatedFromDate": "2023-09-29"}, {"date": "2018-05-02", "symbol": "LNTH", "eps": 0.22, "epsEstimated": 0.22, "time": "amc", "revenue": 82630000, "revenueEstimated": 82630000, "fiscalDateEnding": "2018-03-30", "updatedFromDate": "2023-09-29"}, {"date": "2018-05-02", "symbol": "BPAC11.SA", "eps": 0.74, "epsEstimated": 0.72, "time": "bmo", "revenue": null, "revenueEstimated": null, "fiscalDateEnding": "2018-03-31", "updatedFromDate": "2023-05-17"}, {"date": "2018-05-02", "symbol": "DBD", "eps": -0.12, "epsEstimated": -0.00613, "time": "bmo", "revenue": 1064200000, "revenueEstimated": 88683333.33333349, "fiscalDateEnding": "2018-03-30", "updatedFromDate": "2023-09-29"}, {"date": "2018-05-02", "symbol": "XRX", "eps": 0.68, "epsEstimated": 0.7, "time": "amc", "revenue": 2435000000, "revenueEstimated": 2601780821, "fiscalDateEnding": "2018-03-31", "updatedFromDate": "2023-09-29"}, {"date": "2018-05-02", "symbol": "MGFRF", "eps": null, "epsEstimated": null, "time": "bmo", "revenue": null, "revenueEstimated": null, "fiscalDateEnding": "2018-03-31", "updatedFromDate": "2023-05-17"}, {"date": "2018-05-02", "symbol": "GMED", "eps": 0.41, "epsEstimated": 0.36, "time": "amc", "revenue": 174411000, "revenueEstimated": 153141365.85365853, "fiscalDateEnding": "2018-03-30", "updatedFromDate": "2023-09-29"}, {"date": "2018-05-02", "symbol": "TGB", "eps": -0.04, "epsEstimated": -0.00534, "time": "amc", "revenue": 64179000, "revenueEstimated": 173283300, "fiscalDateEnding": "2018-03-31", "updatedFromDate": "2023-09-29"}, {"date": "2018-05-02", "symbol": "S&J.BK", "eps": 0.02, "epsEstimated": -0.07, "time": "bmo", "revenue": null, "revenueEstimated": null, "fiscalDateEnding": "2018-03-31", "updatedFromDate": "2023-05-17"}, {"date": "2018-05-02", "symbol": "WPX", "eps": -0.06, "epsEstimated": -0.019, "time": "bmo", "revenue": 443000000, "revenueEstimated": 124666666.66666669, "fiscalDateEnding": "2018-03-30", "updatedFromDate": "2023-05-17"}, {"date": "2018-05-02", "symbol": "6440.T", "eps": 16.01, "epsEstimated": null, "time": "bmo", "revenue": 25650000000, "revenueEstimated": null, "fiscalDateEnding": "2018-03-31", "updatedFromDate": "2023-10-16"}, {"date": "2018-05-02", "symbol": "ARX.TO", "eps": 0.16, "epsEstimated": 0.2, "time": "bmo", "revenue": 370100000, "revenueEstimated": 465875000, "fiscalDateEnding": "2018-03-30", "updatedFromDate": "2023-05-17"}, {"date": "2018-05-02", "symbol": "9911.TW", "eps": 0.89, "epsEstimated": 0.84, "time": "bmo", "revenue": 1443961000, "revenueEstimated": null, "fiscalDateEnding": "2018-03-30", "updatedFromDate": "2023-05-17"}, {"date": "2018-05-02", "symbol": "INVVY", "eps": 0.5, "epsEstimated": null, "time": "bmo", "revenue": null, "revenueEstimated": null, "fiscalDateEnding": "2018-03-30", "updatedFromDate": "2023-09-29"}, {"date": "2018-05-02", "symbol": "PRU", "eps": 3.08, "epsEstimated": 2.98, "time": "amc", "revenue": 13757000000, "revenueEstimated": 9030948051.948051, "fiscalDateEnding": "2018-03-30", "updatedFromDate": "2023-09-29"}, {"date": "2018-05-02", "symbol": "NE", "eps": 0.55, "epsEstimated": 0.57, "time": "amc", "revenue": 235157000, "revenueEstimated": 243708163.6363636, "fiscalDateEnding": "2018-03-30", "updatedFromDate": "2023-09-29"}, {"date": "2018-05-02", "symbol": "FGRRF", "eps": -0.47, "epsEstimated": -0.25, "time": "bmo", "revenue": null, "revenueEstimated": null, "fiscalDateEnding": "2018-03-31", "updatedFromDate": "2023-05-17"}, {"date": "2018-05-02", "symbol": "MET-PF", "eps": 1.36, "epsEstimated": 1.17, "time": "bmo", "revenue": null, "revenueEstimated": null, "fiscalDateEnding": "2017-12-31", "updatedFromDate": "2023-05-17"}, {"date": "2018-05-02", "symbol": "AOSL", "eps": 0.23, "epsEstimated": 0.18, "time": "amc", "revenue": 102902000, "revenueEstimated": 80530434.78260869, "fiscalDateEnding": "2018-03-30", "updatedFromDate": "2023-09-29"}, {"date": "2018-05-02", "symbol": "MGPI", "eps": 0.52, "epsEstimated": 0.53, "time": "bmo", "revenue": 87956000, "revenueEstimated": 89692307.69230768, "fiscalDateEnding": "2018-03-30", "updatedFromDate": "2023-09-29"}, {"date": "2018-05-02", "symbol": "PNW", "eps": 0.03, "epsEstimated": 0.07, "time": "bmo", "revenue": 692714000, "revenueEstimated": 1616300000.0000005, "fiscalDateEnding": "2018-03-30", "updatedFromDate": "2023-09-29"}, {"date": "2018-05-02", "symbol": "MCEP", "eps": -0.4, "epsEstimated": 1, "time": "bmo", "revenue": 11330000, "revenueEstimated": 28324999.999999996, "fiscalDateEnding": "2018-03-30", "updatedFromDate": "2023-05-17"}, {"date": "2018-05-02", "symbol": "128940.KS", "eps": 653.59, "epsEstimated": 1577.63, "time": "bmo", "revenue": 241309274000, "revenueEstimated": null, "fiscalDateEnding": "2018-02-02", "updatedFromDate": "2023-05-17"}, {"date": "2018-05-02", "symbol": "NWPX", "eps": -0.18, "epsEstimated": -0.15, "time": "amc", "revenue": 33365000, "revenueEstimated": 25023750, "fiscalDateEnding": "2018-03-30", "updatedFromDate": "2023-09-29"}, {"date": "2018-05-02", "symbol": "BAND", "eps": 0.11, "epsEstimated": 0.09, "time": "amc", "revenue": 53012000, "revenueEstimated": 14457818.181818182, "fiscalDateEnding": "2018-03-30", "updatedFromDate": "2023-09-29"}, {"date": "2018-05-02", "symbol": "WTI", "eps": 0.19, "epsEstimated": 0.19, "time": "amc", "revenue": 134213000, "revenueEstimated": 134200000, "fiscalDateEnding": "2018-03-30", "updatedFromDate": "2023-09-29"}, {"date": "2018-05-02", "symbol": "RSG", "eps": 0.74, "epsEstimated": 0.68, "time": "amc", "revenue": 2427500000, "revenueEstimated": 2230675675.675676, "fiscalDateEnding": "2018-03-30", "updatedFromDate": "2023-09-29"}, {"date": "2018-05-02", "symbol": "UOVEF", "eps": 0.57, "epsEstimated": 0.57, "time": "bmo", "revenue": null, "revenueEstimated": null, "fiscalDateEnding": "2018-03-31", "updatedFromDate": "2023-05-17"}, {"date": "2018-05-02", "symbol": "KDNY", "eps": 1.4, "epsEstimated": 1.75, "time": "bmo", "revenue": 6627000, "revenueEstimated": null, "fiscalDateEnding": "2018-03-30", "updatedFromDate": "2023-09-29"}, {"date": "2018-05-02", "symbol": "NGVT", "eps": 0.79, "epsEstimated": 0.63, "time": "amc", "revenue": 235200000, "revenueEstimated": 187564556.9620253, "fiscalDateEnding": "2018-03-30", "updatedFromDate": "2023-09-29"}, {"date": "2018-05-02", "symbol": "GIL", "eps": 0.34, "epsEstimated": 0.35, "time": "amc", "revenue": 647268000, "revenueEstimated": 666338235.2941176, "fiscalDateEnding": "2018-03-31", "updatedFromDate": "2023-10-16"}, {"date": "2018-05-02", "symbol": "CF", "eps": 0.24, "epsEstimated": 0.26, "time": "amc", "revenue": 957000000, "revenueEstimated": 921555555.5555555, "fiscalDateEnding": "2018-03-30", "updatedFromDate": "2023-09-29"}, {"date": "2018-05-02", "symbol": "LARK", "eps": 0.4, "epsEstimated": null, "time": "amc", "revenue": 9995000, "revenueEstimated": null, "fiscalDateEnding": "2018-03-30", "updatedFromDate": "2023-09-29"}, {"date": "2018-05-02", "symbol": "MPCFF", "eps": null, "epsEstimated": null, "time": "bmo", "revenue": null, "revenueEstimated": null, "fiscalDateEnding": "2018-03-31", "updatedFromDate": "2023-05-17"}, {"date": "2018-05-02", "symbol": "HELG.OL", "eps": 2.6, "epsEstimated": 2.71, "time": "bmo", "revenue": 164000000, "revenueEstimated": null, "fiscalDateEnding": "2018-03-30", "updatedFromDate": "2023-05-17"}, {"date": "2018-05-02", "symbol": "INN-PE", "eps": 0.2016, "epsEstimated": 0.807, "time": "bmo", "revenue": 140199000, "revenueEstimated": null, "fiscalDateEnding": "2018-03-30", "updatedFromDate": "2023-05-17"}, {"date": "2018-05-02", "symbol": "PRDO", "eps": 0.25, "epsEstimated": 0.24, "time": "bmo", "revenue": 148065000, "revenueEstimated": 142176000, "fiscalDateEnding": "2018-03-30", "updatedFromDate": "2023-09-29"}, {"date": "2018-05-02", "symbol": "INSM", "eps": -0.86, "epsEstimated": -0.8, "time": "bmo", "revenue": null, "revenueEstimated": 35954988.76404495, "fiscalDateEnding": "2018-03-30", "updatedFromDate": "2023-09-29"}, {"date": "2018-05-02", "symbol": "OSUR", "eps": -0.03, "epsEstimated": -0.06, "time": "amc", "revenue": 41987000, "revenueEstimated": 83980000, "fiscalDateEnding": "2018-03-30", "updatedFromDate": "2023-09-29"}, {"date": "2018-05-02", "symbol": "CMPR", "eps": 0.28, "epsEstimated": 0.35, "time": "amc", "revenue": 636069000, "revenueEstimated": 1544814285.7142856, "fiscalDateEnding": "2018-03-30", "updatedFromDate": "2023-09-29"}, {"date": "2018-05-02", "symbol": "DOCU", "eps": -0.19669, "epsEstimated": null, "time": "bmo", "revenue": 148874000, "revenueEstimated": null, "fiscalDateEnding": "2018-01-31", "updatedFromDate": "2023-09-29"}, {"date": "2018-05-02", "symbol": "PAISALO.NS", "eps": 0.465, "epsEstimated": null, "time": "bmo", "revenue": 975737000, "revenueEstimated": null, "fiscalDateEnding": "2018-02-02", "updatedFromDate": "2023-10-17"}, {"date": "2018-05-02", "symbol": "AMP.MI", "eps": 0.07, "epsEstimated": 0.08, "time": "bmo", "revenue": 309407000, "revenueEstimated": null, "fiscalDateEnding": "2018-03-30", "updatedFromDate": "2023-05-17"}, {"date": "2018-05-02", "symbol": "HYPOF", "eps": null, "epsEstimated": null, "time": "bmo", "revenue": null, "revenueEstimated": null, "fiscalDateEnding": "2018-03-31", "updatedFromDate": "2023-05-17"}, {"date": "2018-05-02", "symbol": "BOSSY", "eps": 0.18, "epsEstimated": null, "time": "bmo", "revenue": 650000000, "revenueEstimated": null, "fiscalDateEnding": "2018-03-31", "updatedFromDate": "2023-09-29"}, {"date": "2018-05-02", "symbol": "OUT", "eps": 0.06, "epsEstimated": 0.28, "time": "amc", "revenue": 337900000, "revenueEstimated": null, "fiscalDateEnding": "2018-03-30", "updatedFromDate": "2023-09-29"}, {"date": "2018-05-02", "symbol": "LOGN.SW", "eps": 0.32, "epsEstimated": 0.24, "time": "bmo", "revenue": 864388000, "revenueEstimated": null, "fiscalDateEnding": "2018-02-02", "updatedFromDate": "2023-10-17"}, {"date": "2018-05-02", "symbol": "DOOR", "eps": 0.73, "epsEstimated": 0.69, "time": "amc", "revenue": 517879000, "revenueEstimated": 489521917.8082192, "fiscalDateEnding": "2018-03-31", "updatedFromDate": "2023-09-29"}, {"date": "2018-05-02", "symbol": "BBDC", "eps": 0.27, "epsEstimated": 0.28, "time": "bmo", "revenue": 20283804, "revenueEstimated": 27045925.925925925, "fiscalDateEnding": "2018-03-30", "updatedFromDate": "2023-09-29"}, {"date": "2018-05-02", "symbol": "SEMHF", "eps": 0.42, "epsEstimated": 0.36, "time": "bmo", "revenue": null, "revenueEstimated": null, "fiscalDateEnding": "2018-06-30", "updatedFromDate": "2023-05-17"}, {"date": "2018-05-02", "symbol": "002760.KS", "eps": 16.97, "epsEstimated": null, "time": "bmo", "revenue": 9461621000, "revenueEstimated": null, "fiscalDateEnding": "2018-02-02", "updatedFromDate": "2023-05-17"}, {"date": "2018-05-02", "symbol": "SO", "eps": 0.88, "epsEstimated": 0.83, "time": "bmo", "revenue": 6372000000, "revenueEstimated": 6009954545.454545, "fiscalDateEnding": "2018-03-30", "updatedFromDate": "2023-09-29"}, {"date": "2018-05-02", "symbol": "MUX", "eps": -0.1, "epsEstimated": 0.1, "time": "bmo", "revenue": 41285000, "revenueEstimated": null, "fiscalDateEnding": "2018-03-30", "updatedFromDate": "2023-09-29"}, {"date": "2018-05-02", "symbol": "VTLE", "eps": 4.8, "epsEstimated": 5.33, "time": "bmo", "revenue": 259696000, "revenueEstimated": null, "fiscalDateEnding": "2018-03-31", "updatedFromDate": "2023-09-29"}, {"date": "2018-05-02", "symbol": "HBM", "eps": 0.17, "epsEstimated": 0.18, "time": "amc", "revenue": 386656000, "revenueEstimated": 432194117.64705884, "fiscalDateEnding": "2018-03-31", "updatedFromDate": "2023-09-29"}, {"date": "2018-05-02", "symbol": "AKKVF", "eps": -0.15, "epsEstimated": -0.26, "time": "bmo", "revenue": null, "revenueEstimated": 2340000, "fiscalDateEnding": "2018-03-31", "updatedFromDate": "2023-05-17"}, {"date": "2018-05-02", "symbol": "WCP.TO", "eps": -0.02, "epsEstimated": 0.08, "time": "bmo", "revenue": 364503000, "revenueEstimated": null, "fiscalDateEnding": "2018-03-31", "updatedFromDate": "2023-10-16"}, {"date": "2018-05-02", "symbol": "DIN", "eps": 1.11, "epsEstimated": 1.1, "time": "bmo", "revenue": 188163000, "revenueEstimated": 186504504.5045045, "fiscalDateEnding": "2018-03-30", "updatedFromDate": "2023-09-29"}, {"date": "2018-05-02", "symbol": "010620.KS", "eps": 2145.5, "epsEstimated": 293.5, "time": "bmo", "revenue": 547743497000, "revenueEstimated": null, "fiscalDateEnding": "2018-02-02", "updatedFromDate": "2023-05-17"}, {"date": "2018-05-02", "symbol": "SQ", "eps": 0.06, "epsEstimated": 0.05, "time": "amc", "revenue": 668603000, "revenueEstimated": 668603000, "fiscalDateEnding": "2018-03-30", "updatedFromDate": "2023-09-29"}, {"date": "2018-05-02", "symbol": "AIW", "eps": 0.57, "epsEstimated": 0.56, "time": "bmo", "revenue": null, "revenueEstimated": 14053052.63157895, "fiscalDateEnding": "2018-03-31", "updatedFromDate": "2023-05-17"}, {"date": "2018-05-02", "symbol": "DHIL", "eps": 3.72, "epsEstimated": null, "time": "amc", "revenue": 37782002, "revenueEstimated": null, "fiscalDateEnding": "2018-03-30", "updatedFromDate": "2023-09-29"}, {"date": "2018-05-02", "symbol": "MFC.TO", "eps": 0.64, "epsEstimated": 0.62, "time": "bmo", "revenue": 8340000000, "revenueEstimated": null, "fiscalDateEnding": "2018-03-30", "updatedFromDate": "2023-05-17"}, {"date": "2018-05-02", "symbol": "ENLBF", "eps": 0.02, "epsEstimated": 0.03, "time": "bmo", "revenue": null, "revenueEstimated": null, "fiscalDateEnding": "2018-03-31", "updatedFromDate": "2023-05-17"}, {"date": "2018-05-02", "symbol": "HST", "eps": 0.34, "epsEstimated": 0.21, "time": "amc", "revenue": 1346000000, "revenueEstimated": 831352941.1764705, "fiscalDateEnding": "2018-03-30", "updatedFromDate": "2023-09-29"}, {"date": "2018-05-02", "symbol": "LOPE", "eps": 1.52, "epsEstimated": 1.39, "time": "amc", "revenue": 275681000, "revenueEstimated": 252103019.73684207, "fiscalDateEnding": "2018-03-30", "updatedFromDate": "2023-09-29"}, {"date": "2018-05-02", "symbol": "MUR", "eps": 0.23, "epsEstimated": 0.22, "time": "amc", "revenue": 606954000, "revenueEstimated": 738900521.7391305, "fiscalDateEnding": "2018-03-30", "updatedFromDate": "2023-09-29"}, {"date": "2018-05-02", "symbol": "DFIN", "eps": 0.45, "epsEstimated": 0.38, "time": "bmo", "revenue": 255200000, "revenueEstimated": 204159999.99999997, "fiscalDateEnding": "2018-03-30", "updatedFromDate": "2023-09-29"}, {"date": "2018-05-02", "symbol": "NVEC", "eps": 0.8, "epsEstimated": null, "time": "bmo", "revenue": 7899192, "revenueEstimated": null, "fiscalDateEnding": "2018-03-30", "updatedFromDate": "2023-09-29"}, {"date": "2018-05-02", "symbol": "TECH", "eps": 0.3, "epsEstimated": 0.29, "time": "bmo", "revenue": 163973000, "revenueEstimated": 154512396.69421488, "fiscalDateEnding": "2018-03-30", "updatedFromDate": "2023-09-29"}, {"date": "2018-05-02", "symbol": "S", "eps": 0.02, "epsEstimated": 0.07, "time": "bmo", "revenue": null, "revenueEstimated": 187249999.99999982, "fiscalDateEnding": "2018-01-30", "updatedFromDate": "2023-09-29"}, {"date": "2018-05-02", "symbol": "EZPW", "eps": 0.21, "epsEstimated": 0.19, "time": "amc", "revenue": 202734000, "revenueEstimated": 183123809.52380952, "fiscalDateEnding": "2018-03-30", "updatedFromDate": "2023-09-29"}, {"date": "2018-05-02", "symbol": "NEWT", "eps": 0.44, "epsEstimated": 0.38, "time": "amc", "revenue": 18740000, "revenueEstimated": 16184545.454545455, "fiscalDateEnding": "2018-03-30", "updatedFromDate": "2023-09-29"}, {"date": "2018-05-02", "symbol": "RDWR", "eps": 0.06, "epsEstimated": 0.05, "time": "bmo", "revenue": 54536000, "revenueEstimated": 45450000, "fiscalDateEnding": "2018-03-31", "updatedFromDate": "2023-09-29"}, {"date": "2018-05-02", "symbol": "LSI", "eps": 0.49, "epsEstimated": 0.48, "time": "amc", "revenue": 121624000, "revenueEstimated": 131276712.32876712, "fiscalDateEnding": "2018-03-30", "updatedFromDate": "2023-09-29"}, {"date": "2018-05-02", "symbol": "AVDL", "eps": -0.32, "epsEstimated": -0.39, "time": "bmo", "revenue": 33293000, "revenueEstimated": 28090968.75, "fiscalDateEnding": "2018-03-30", "updatedFromDate": "2023-09-29"}, {"date": "2018-05-02", "symbol": "HSTO", "eps": 34, "epsEstimated": 34.67, "time": "bmo", "revenue": 9737000, "revenueEstimated": 9737000, "fiscalDateEnding": "2018-03-30", "updatedFromDate": "2023-09-29"}, {"date": "2018-05-02", "symbol": "XPO", "eps": 0.61, "epsEstimated": 0.51, "time": "amc", "revenue": 4191500000, "revenueEstimated": 3504368852.4590163, "fiscalDateEnding": "2018-03-30", "updatedFromDate": "2023-09-29"}, {"date": "2018-05-02", "symbol": "MFC", "eps": 0.64, "epsEstimated": 0.62, "time": "amc", "revenue": 8340000000, "revenueEstimated": 10488656250, "fiscalDateEnding": "2018-03-31", "updatedFromDate": "2023-09-29"}, {"date": "2018-05-02", "symbol": "MR", "eps": 0.45, "epsEstimated": 0.11, "time": "bmo", "revenue": 110192000, "revenueEstimated": 26935822.222222224, "fiscalDateEnding": "2018-03-30", "updatedFromDate": "2023-05-17"}, {"date": "2018-05-02", "symbol": "HFC", "eps": 0.77, "epsEstimated": 0.38, "time": "bmo", "revenue": 4471236000, "revenueEstimated": 3062836185.2226562, "fiscalDateEnding": "2018-02-02", "updatedFromDate": "2023-05-17"}, {"date": "2018-05-02", "symbol": "SCMN.SW", "eps": 7.36, "epsEstimated": 7.74, "time": "bmo", "revenue": 2885000000, "revenueEstimated": null, "fiscalDateEnding": "2018-03-30", "updatedFromDate": "2023-05-17"}, {"date": "2018-05-02", "symbol": "UTHR", "eps": 3.76, "epsEstimated": 4.1, "time": "bmo", "revenue": 389200000, "revenueEstimated": 245957630.16157988, "fiscalDateEnding": "2018-03-30", "updatedFromDate": "2023-09-29"}, {"date": "2018-05-02", "symbol": "BIP-PA", "eps": 0.42, "epsEstimated": 0.38, "time": "bmo", "revenue": null, "revenueEstimated": null, "fiscalDateEnding": "2017-12-31", "updatedFromDate": "2023-05-17"}, {"date": "2018-05-02", "symbol": "ARTNA", "eps": 0.37, "epsEstimated": 0.35, "time": "bmo", "revenue": 18906000, "revenueEstimated": 17884054.054054055, "fiscalDateEnding": "2018-03-30", "updatedFromDate": "2023-09-29"}, {"date": "2018-05-02", "symbol": "PSI.TO", "eps": 0.15, "epsEstimated": 0.15, "time": "bmo", "revenue": 73813000, "revenueEstimated": null, "fiscalDateEnding": "2018-03-30", "updatedFromDate": "2023-05-17"}, {"date": "2018-05-02", "symbol": "YRI.TO", "eps": 0.02, "epsEstimated": null, "time": "bmo", "revenue": 431500000, "revenueEstimated": null, "fiscalDateEnding": "2018-02-02", "updatedFromDate": "2023-10-16"}, {"date": "2018-05-02", "symbol": "VRE", "eps": 0.45, "epsEstimated": 0.05, "time": "bmo", "revenue": 138967000, "revenueEstimated": null, "fiscalDateEnding": "2018-03-30", "updatedFromDate": "2023-09-29"}, {"date": "2018-05-02", "symbol": "ADRO", "eps": -0.28, "epsEstimated": -0.35, "time": "bmo", "revenue": 6627000, "revenueEstimated": 8283749.999999998, "fiscalDateEnding": "2018-03-30", "updatedFromDate": "2023-05-17"}, {"date": "2018-05-02", "symbol": "ANH", "eps": 0.14, "epsEstimated": 0.14, "time": "bmo", "revenue": 20084000, "revenueEstimated": 380000, "fiscalDateEnding": "2018-02-02", "updatedFromDate": "2023-05-17"}, {"date": "2018-05-02", "symbol": "DML.TO", "eps": -0.01246, "epsEstimated": null, "time": "bmo", "revenue": 3573000, "revenueEstimated": null, "fiscalDateEnding": "2018-03-31", "updatedFromDate": "2023-10-16"}, {"date": "2018-05-02", "symbol": "NSIT", "eps": 0.94, "epsEstimated": 0.6, "time": "amc", "revenue": 1762903000, "revenueEstimated": 1112234042.5531917, "fiscalDateEnding": "2018-03-30", "updatedFromDate": "2023-09-29"}, {"date": "2018-05-02", "symbol": "ESS", "eps": 1.38, "epsEstimated": 1.1, "time": "amc", "revenue": 347255000, "revenueEstimated": 276833333.3333334, "fiscalDateEnding": "2018-03-30", "updatedFromDate": "2023-09-29"}, {"date": "2018-05-02", "symbol": "MRC", "eps": 0.13, "epsEstimated": 0.09, "time": "amc", "revenue": 1010000000, "revenueEstimated": 699230769.2307692, "fiscalDateEnding": "2018-03-30", "updatedFromDate": "2023-09-29"}, {"date": "2018-05-02", "symbol": "GENTF", "eps": 4.83, "epsEstimated": 3.66, "time": "bmo", "revenue": null, "revenueEstimated": 46344844.72049689, "fiscalDateEnding": "2018-03-31", "updatedFromDate": "2023-05-17"}, {"date": "2018-05-02", "symbol": "EXTN", "eps": 0.18, "epsEstimated": 0.12, "time": "amc", "revenue": 350383000, "revenueEstimated": 233600000.00000003, "fiscalDateEnding": "2018-03-30", "updatedFromDate": "2023-05-17"}, {"date": "2018-05-02", "symbol": "ICEAIR.IC", "eps": null, "epsEstimated": null, "time": "bmo", "revenue": null, "revenueEstimated": null, "fiscalDateEnding": "2018-03-31", "updatedFromDate": "2023-08-14"}, {"date": "2018-05-02", "symbol": "SGC", "eps": 0.16, "epsEstimated": 0.26, "time": "bmo", "revenue": 73087000, "revenueEstimated": 118771250, "fiscalDateEnding": "2018-03-30", "updatedFromDate": "2023-09-29"}, {"date": "2018-05-02", "symbol": "BRIN-B.ST", "eps": 0.3375, "epsEstimated": null, "time": "bmo", "revenue": 60600000, "revenueEstimated": null, "fiscalDateEnding": "2018-02-02", "updatedFromDate": "2023-05-17"}, {"date": "2018-05-02", "symbol": "GLDD", "eps": -0.07, "epsEstimated": -0.19, "time": "bmo", "revenue": 146593000, "revenueEstimated": 136820133.33333334, "fiscalDateEnding": "2018-03-30", "updatedFromDate": "2023-09-29"}, {"date": "2018-05-02", "symbol": "YUM", "eps": 0.9, "epsEstimated": 0.68, "time": "bmo", "revenue": 1371000000, "revenueEstimated": 1035866666.6666666, "fiscalDateEnding": "2018-03-30", "updatedFromDate": "2023-09-29"}, {"date": "2018-05-02", "symbol": "LOGI", "eps": 0.32, "epsEstimated": 0.26, "time": "amc", "revenue": 592426000, "revenueEstimated": 444300000, "fiscalDateEnding": "2018-03-30", "updatedFromDate": "2023-09-29"}, {"date": "2018-05-02", "symbol": "CLH", "eps": -0.12, "epsEstimated": -0.14, "time": "bmo", "revenue": 749778000, "revenueEstimated": 999733333.3333335, "fiscalDateEnding": "2018-03-30", "updatedFromDate": "2023-09-29"}, {"date": "2018-05-02", "symbol": "SEB", "eps": 26.75, "epsEstimated": null, "time": "bmo", "revenue": 1579000000, "revenueEstimated": null, "fiscalDateEnding": "2018-03-30", "updatedFromDate": "2023-09-29"}, {"date": "2018-05-02", "symbol": "SP", "eps": 0.39, "epsEstimated": 0.38, "time": "amc", "revenue": 366800000, "revenueEstimated": 366800000, "fiscalDateEnding": "2018-03-30", "updatedFromDate": "2023-09-29"}, {"date": "2018-05-02", "symbol": "MSGS", "eps": 0.38, "epsEstimated": 0.08, "time": "bmo", "revenue": 459621000, "revenueEstimated": 2792197575, "fiscalDateEnding": "2018-03-30", "updatedFromDate": "2023-09-29"}, {"date": "2018-05-02", "symbol": "ACOR", "eps": 16.8, "epsEstimated": 87.58, "time": "bmo", "revenue": 106165000, "revenueEstimated": 356411071.4285714, "fiscalDateEnding": "2018-03-30", "updatedFromDate": "2023-09-29"}, {"date": "2018-05-02", "symbol": "CW", "eps": 0.98, "epsEstimated": 0.87, "time": "amc", "revenue": 547522000, "revenueEstimated": 486045918.36734694, "fiscalDateEnding": "2018-03-30", "updatedFromDate": "2023-09-29"}, {"date": "2018-05-02", "symbol": "W", "eps": -0.91, "epsEstimated": -0.86, "time": "bmo", "revenue": 1404269000, "revenueEstimated": 1388868131.8681319, "fiscalDateEnding": "2018-03-30", "updatedFromDate": "2023-09-29"}, {"date": "2018-05-02", "symbol": "TPVG", "eps": 0.34, "epsEstimated": 0.34, "time": "amc", "revenue": 9668000, "revenueEstimated": 12630000, "fiscalDateEnding": "2018-03-30", "updatedFromDate": "2023-09-29"}, {"date": "2018-05-02", "symbol": "IZQVD", "eps": null, "epsEstimated": null, "time": "bmo", "revenue": null, "revenueEstimated": null, "fiscalDateEnding": "2018-03-31", "updatedFromDate": "2023-05-17"}, {"date": "2018-05-02", "symbol": "SRI", "eps": 0.5, "epsEstimated": 0.45, "time": "amc", "revenue": 225930000, "revenueEstimated": 203310000, "fiscalDateEnding": "2018-03-30", "updatedFromDate": "2023-09-29"}, {"date": "2018-05-02", "symbol": "CSII", "eps": 0.01, "epsEstimated": 0.00394, "time": "amc", "revenue": 55587000, "revenueEstimated": 111180000, "fiscalDateEnding": "2018-03-30", "updatedFromDate": "2023-10-16"}, {"date": "2018-05-02", "symbol": "KL", "eps": 0.25, "epsEstimated": 0.24, "time": "bmo", "revenue": 198200000, "revenueEstimated": 190272000, "fiscalDateEnding": "2018-03-30", "updatedFromDate": "2023-05-17"}, {"date": "2018-05-02", "symbol": "SCCO", "eps": 0.61, "epsEstimated": 0.6, "time": "bmo", "revenue": 1841100000, "revenueEstimated": 1810918032.7868853, "fiscalDateEnding": "2018-03-30", "updatedFromDate": "2023-09-29"}, {"date": "2018-05-02", "symbol": "HOLX", "eps": 0.53, "epsEstimated": 0.53, "time": "amc", "revenue": 789300000, "revenueEstimated": 789300000, "fiscalDateEnding": "2018-03-30", "updatedFromDate": "2023-09-29"}, {"date": "2018-05-02", "symbol": "STRA", "eps": 1.23, "epsEstimated": 1.11, "time": "bmo", "revenue": 116469000, "revenueEstimated": 108922764.22764227, "fiscalDateEnding": "2018-03-30", "updatedFromDate": "2023-09-29"}, {"date": "2018-05-02", "symbol": "KW", "eps": 0.42, "epsEstimated": -0.1, "time": "amc", "revenue": 190700000, "revenueEstimated": 1330700000, "fiscalDateEnding": "2018-03-30", "updatedFromDate": "2023-09-29"}, {"date": "2018-05-02", "symbol": "GAPW-B.ST", "eps": -0.58382, "epsEstimated": null, "time": "bmo", "revenue": 647000, "revenueEstimated": null, "fiscalDateEnding": "2018-03-31", "updatedFromDate": "2023-10-16"}, {"date": "2018-05-02", "symbol": "BPOSY", "eps": 0.38, "epsEstimated": null, "time": "amc", "revenue": 910100000, "revenueEstimated": null, "fiscalDateEnding": "2018-03-31", "updatedFromDate": "2023-09-29"}, {"date": "2018-05-02", "symbol": "MASI", "eps": 0.82, "epsEstimated": 0.69, "time": "amc", "revenue": 212953000, "revenueEstimated": 195959999.99999997, "fiscalDateEnding": "2018-03-30", "updatedFromDate": "2023-09-29"}, {"date": "2018-05-02", "symbol": "CXW", "eps": 0.32, "epsEstimated": 0.31, "time": "amc", "revenue": 440916000, "revenueEstimated": 427121875, "fiscalDateEnding": "2018-03-30", "updatedFromDate": "2023-09-29"}, {"date": "2018-05-02", "symbol": "PXLW", "eps": -0.017, "epsEstimated": -0.0085, "time": "amc", "revenue": 15292000, "revenueEstimated": 20389333, "fiscalDateEnding": "2018-03-30", "updatedFromDate": "2023-09-29"}, {"date": "2018-05-02", "symbol": "JLFNF", "eps": 26.38, "epsEstimated": 26.04, "time": "bmo", "revenue": null, "revenueEstimated": 888992570.1288855, "fiscalDateEnding": "2018-03-31", "updatedFromDate": "2023-05-17"}, {"date": "2018-05-02", "symbol": "ABZPF", "eps": 0.7, "epsEstimated": 0.69, "time": "bmo", "revenue": null, "revenueEstimated": null, "fiscalDateEnding": "2018-03-31", "updatedFromDate": "2023-05-17"}, {"date": "2018-05-02", "symbol": "UGPA3.SA", "eps": 0.07, "epsEstimated": 0.22, "time": "bmo", "revenue": 20751122000, "revenueEstimated": null, "fiscalDateEnding": "2018-03-30", "updatedFromDate": "2023-05-17"}, {"date": "2018-05-02", "symbol": "CHKAQ", "eps": 68, "epsEstimated": 54.12, "time": "bmo", "revenue": null, "revenueEstimated": null, "fiscalDateEnding": "2018-03-31", "updatedFromDate": "2023-05-17"}, {"date": "2018-05-02", "symbol": "NSA-PA", "eps": 0.21, "epsEstimated": 0.027, "time": "bmo", "revenue": 76493000, "revenueEstimated": null, "fiscalDateEnding": "2018-03-30", "updatedFromDate": "2023-05-17"}, {"date": "2018-05-02", "symbol": "CKRGQ", "eps": 68, "epsEstimated": 54.12, "time": "bmo", "revenue": null, "revenueEstimated": 397941.17647058825, "fiscalDateEnding": "2018-03-31", "updatedFromDate": "2023-05-17"}, {"date": "2018-05-02", "symbol": "CFMS", "eps": 5.5, "epsEstimated": 6.5, "time": "amc", "revenue": 19656000, "revenueEstimated": 22336363.636363633, "fiscalDateEnding": "2018-03-30", "updatedFromDate": "2023-09-29"}, {"date": "2018-05-02", "symbol": "CIEL3.SA", "eps": 0.37, "epsEstimated": 0.37, "time": "bmo", "revenue": 2927306000, "revenueEstimated": null, "fiscalDateEnding": "2018-02-02", "updatedFromDate": "2023-05-17"}, {"date": "2018-05-02", "symbol": "SCMWY", "eps": 0.78, "epsEstimated": null, "time": "bmo", "revenue": 2885000000, "revenueEstimated": null, "fiscalDateEnding": "2018-03-31", "updatedFromDate": "2023-09-29"}, {"date": "2018-05-02", "symbol": "ENSG", "eps": 0.45, "epsEstimated": 0.45, "time": "amc", "revenue": 492134000, "revenueEstimated": 492100000, "fiscalDateEnding": "2018-03-30", "updatedFromDate": "2023-09-29"}, {"date": "2018-05-02", "symbol": "FIT", "eps": -0.17, "epsEstimated": -0.19, "time": "amc", "revenue": 247865000, "revenueEstimated": 277025588.2352941, "fiscalDateEnding": "2018-03-30", "updatedFromDate": "2023-05-17"}, {"date": "2018-05-02", "symbol": "SVYSF", "eps": 1.99, "epsEstimated": 1.84, "time": "bmo", "revenue": null, "revenueEstimated": null, "fiscalDateEnding": "2018-03-31", "updatedFromDate": "2023-05-17"}, {"date": "2018-05-02", "symbol": "LADR", "eps": 0.55, "epsEstimated": 0.38, "time": "amc", "revenue": 117001000, "revenueEstimated": 112341818.18181819, "fiscalDateEnding": "2018-03-30", "updatedFromDate": "2023-09-29"}, {"date": "2018-05-02", "symbol": "MFI.TO", "eps": 0.29, "epsEstimated": 0.34, "time": "bmo", "revenue": 817509000, "revenueEstimated": null, "fiscalDateEnding": "2018-03-30", "updatedFromDate": "2023-05-17"}, {"date": "2018-05-02", "symbol": "PGRE", "eps": 0.00464, "epsEstimated": 0.23, "time": "amc", "revenue": 184271000, "revenueEstimated": null, "fiscalDateEnding": "2018-03-30", "updatedFromDate": "2023-09-29"}, {"date": "2018-05-02", "symbol": "MANT", "eps": 0.51, "epsEstimated": 0.49, "time": "amc", "revenue": 473236000, "revenueEstimated": 454643137.25490195, "fiscalDateEnding": "2018-03-30", "updatedFromDate": "2023-05-17"}, {"date": "2018-05-02", "symbol": "PXD", "eps": 1.66, "epsEstimated": 1.51, "time": "amc", "revenue": 2336000000, "revenueEstimated": 2096771084.3373497, "fiscalDateEnding": "2018-03-30", "updatedFromDate": "2023-09-29"}, {"date": "2018-05-02", "symbol": "NVMI", "eps": 0.54, "epsEstimated": 0.41, "time": "bmo", "revenue": 62603000, "revenueEstimated": 47529629.62962963, "fiscalDateEnding": "2018-03-31", "updatedFromDate": "2023-09-29"}, {"date": "2018-05-02", "symbol": "LNT", "eps": 0.52, "epsEstimated": 0.5, "time": "amc", "revenue": 916300000, "revenueEstimated": 881057692.3076922, "fiscalDateEnding": "2018-03-30", "updatedFromDate": "2023-09-29"}, {"date": "2018-05-02", "symbol": "WRN", "eps": -0.01, "epsEstimated": -0.01, "time": "bmo", "revenue": null, "revenueEstimated": null, "fiscalDateEnding": "2018-03-31", "updatedFromDate": "2023-09-29"}, {"date": "2018-05-02", "symbol": "MET", "eps": 1.36, "epsEstimated": 1.17, "time": "amc", "revenue": 14805000000, "revenueEstimated": 1197529411.7647057, "fiscalDateEnding": "2018-03-30", "updatedFromDate": "2023-09-29"}, {"date": "2018-05-02", "symbol": "PCGU", "eps": 0.91, "epsEstimated": 1.04, "time": "bmo", "revenue": 4056000000, "revenueEstimated": 4563000000, "fiscalDateEnding": "2018-03-30", "updatedFromDate": "2023-05-17"}, {"date": "2018-05-02", "symbol": "AKRXQ", "eps": 0.06, "epsEstimated": 0.13, "time": "bmo", "revenue": 184063000, "revenueEstimated": 254856461, "fiscalDateEnding": "2018-03-30", "updatedFromDate": "2023-05-17"}, {"date": "2018-05-02", "symbol": "CCRN", "eps": 0.06, "epsEstimated": 0.0232, "time": "amc", "revenue": 210288000, "revenueEstimated": 70100000.00000001, "fiscalDateEnding": "2018-03-30", "updatedFromDate": "2023-09-29"}, {"date": "2018-05-02", "symbol": "AMRN", "eps": -0.07, "epsEstimated": -0.07, "time": "bmo", "revenue": 43919000, "revenueEstimated": 43900000, "fiscalDateEnding": "2018-03-30", "updatedFromDate": "2023-09-29"}, {"date": "2018-05-02", "symbol": "AVNS", "eps": 0.76, "epsEstimated": 0.22, "time": "bmo", "revenue": 156400000, "revenueEstimated": 344079999.99999994, "fiscalDateEnding": "2018-03-30", "updatedFromDate": "2023-09-29"}, {"date": "2018-05-02", "symbol": "PBI", "eps": 0.3, "epsEstimated": 0.29, "time": "bmo", "revenue": 983182000, "revenueEstimated": 866713333.3333334, "fiscalDateEnding": "2018-03-30", "updatedFromDate": "2023-09-29"}, {"date": "2018-05-02", "symbol": "CIOXF", "eps": 0.37, "epsEstimated": 0.37, "time": "bmo", "revenue": null, "revenueEstimated": null, "fiscalDateEnding": "2018-03-31", "updatedFromDate": "2023-05-17"}, {"date": "2018-05-02", "symbol": "TTMI", "eps": 0.26, "epsEstimated": 0.26, "time": "amc", "revenue": 663582000, "revenueEstimated": 663582000, "fiscalDateEnding": "2018-04-01", "updatedFromDate": "2023-09-29"}, {"date": "2018-05-02", "symbol": "2630.TW", "eps": -0.39, "epsEstimated": 0.31, "time": "bmo", "revenue": 414851000, "revenueEstimated": null, "fiscalDateEnding": "2018-03-30", "updatedFromDate": "2023-05-17"}, {"date": "2018-05-02", "symbol": "APA", "eps": 0.32, "epsEstimated": 0.3, "time": "amc", "revenue": 1728000000, "revenueEstimated": 1624687500, "fiscalDateEnding": "2018-03-30", "updatedFromDate": "2023-09-29"}, {"date": "2018-05-02", "symbol": "BPOST.BR", "eps": 0.31, "epsEstimated": 0.48, "time": "bmo", "revenue": 910100000, "revenueEstimated": null, "fiscalDateEnding": "2018-03-30", "updatedFromDate": "2023-05-17"}, {"date": "2018-05-02", "symbol": "HMN", "eps": 0.51, "epsEstimated": 0.63, "time": "amc", "revenue": 295500000, "revenueEstimated": 253605882.3529412, "fiscalDateEnding": "2018-03-30", "updatedFromDate": "2023-09-29"}, {"date": "2018-05-02", "symbol": "GIB-A.TO", "eps": 1.04, "epsEstimated": 1.04, "time": "bmo", "revenue": 2950258000, "revenueEstimated": null, "fiscalDateEnding": "2018-03-30", "updatedFromDate": "2023-05-17"}, {"date": "2018-05-02", "symbol": "ATO", "eps": 1.57, "epsEstimated": 1.54, "time": "amc", "revenue": 1219409000, "revenueEstimated": 1196099363.057325, "fiscalDateEnding": "2018-03-30", "updatedFromDate": "2023-09-29"}, {"date": "2018-05-02", "symbol": "BFYT", "eps": 0.52, "epsEstimated": 0.5, "time": "bmo", "revenue": 67750000, "revenueEstimated": 65144230.76923076, "fiscalDateEnding": "2018-03-30", "updatedFromDate": "2023-05-17"}, {"date": "2018-05-02", "symbol": "RAIL", "eps": -0.51, "epsEstimated": -0.66, "time": "bmo", "revenue": 82973000, "revenueEstimated": 100901960.78431372, "fiscalDateEnding": "2018-03-30", "updatedFromDate": "2023-09-29"}, {"date": "2018-05-02", "symbol": "NC", "eps": 1.18, "epsEstimated": null, "time": "amc", "revenue": 31200000, "revenueEstimated": null, "fiscalDateEnding": "2018-03-30", "updatedFromDate": "2023-09-29"}, {"date": "2018-05-02", "symbol": "IFNNF", "eps": 0.26, "epsEstimated": 0.21, "time": "bmo", "revenue": 1836000000, "revenueEstimated": null, "fiscalDateEnding": "2018-03-31", "updatedFromDate": "2023-10-17"}, {"date": "2018-05-02", "symbol": "MAA", "eps": 0.42, "epsEstimated": 0.46, "time": "amc", "revenue": 386017000, "revenueEstimated": 422761904.7619048, "fiscalDateEnding": "2018-03-30", "updatedFromDate": "2023-09-29"}, {"date": "2018-05-02", "symbol": "AEGN", "eps": 0.13, "epsEstimated": 0.13, "time": "amc", "revenue": 324861000, "revenueEstimated": 324900000, "fiscalDateEnding": "2018-03-30", "updatedFromDate": "2023-05-17"}, {"date": "2018-05-02", "symbol": "DPMLF", "eps": 0.01513, "epsEstimated": null, "time": "amc", "revenue": 86888000, "revenueEstimated": null, "fiscalDateEnding": "2018-03-31", "updatedFromDate": "2023-09-29"}, {"date": "2018-05-02", "symbol": "NNDIF", "eps": null, "epsEstimated": null, "time": "amc", "revenue": null, "revenueEstimated": null, "fiscalDateEnding": "2018-03-31", "updatedFromDate": "2023-05-17"}, {"date": "2018-05-02", "symbol": "MITT", "eps": 1.77, "epsEstimated": 0.49, "time": "amc", "revenue": 11595308, "revenueEstimated": 32688813.559322033, "fiscalDateEnding": "2018-03-30", "updatedFromDate": "2023-09-29"}, {"date": "2018-05-02", "symbol": "TYL", "eps": 1.13, "epsEstimated": 1.12, "time": "amc", "revenue": 221174000, "revenueEstimated": 219242477.87610623, "fiscalDateEnding": "2018-03-30", "updatedFromDate": "2023-09-29"}, {"date": "2018-05-02", "symbol": "HGV", "eps": 0.3, "epsEstimated": 0.64, "time": "amc", "revenue": 367000000, "revenueEstimated": 831866666.6666666, "fiscalDateEnding": "2018-03-30", "updatedFromDate": "2023-09-29"}, {"date": "2018-05-02", "symbol": "MGRUF", "eps": null, "epsEstimated": null, "time": "bmo", "revenue": null, "revenueEstimated": null, "fiscalDateEnding": "2018-03-31", "updatedFromDate": "2023-05-17"}, {"date": "2018-05-02", "symbol": "TRNO", "eps": 0.18, "epsEstimated": 0.12, "time": "bmo", "revenue": 37107000, "revenueEstimated": 24740000.000000004, "fiscalDateEnding": "2018-03-30", "updatedFromDate": "2023-09-29"}, {"date": "2018-05-02", "symbol": "HNNA", "eps": 0.58, "epsEstimated": 0.62, "time": "bmo", "revenue": 14006000, "revenueEstimated": 14976206.896551726, "fiscalDateEnding": "2018-03-30", "updatedFromDate": "2023-09-29"}, {"date": "2018-05-02", "symbol": "GIL.TO", "eps": 0.34, "epsEstimated": 0.35, "time": "bmo", "revenue": 647268000, "revenueEstimated": null, "fiscalDateEnding": "2018-03-31", "updatedFromDate": "2023-10-16"}, {"date": "2018-05-02", "symbol": "THG", "eps": 1.95, "epsEstimated": 1.71, "time": "amc", "revenue": 1330900000, "revenueEstimated": 919366153.8461539, "fiscalDateEnding": "2018-03-30", "updatedFromDate": "2023-09-29"}, {"date": "2018-05-02", "symbol": "LCSHF", "eps": 0.21, "epsEstimated": 0.17, "time": "bmo", "revenue": null, "revenueEstimated": null, "fiscalDateEnding": "2018-03-31", "updatedFromDate": "2023-05-17"}, {"date": "2018-05-02", "symbol": "LHCG", "eps": 0.63, "epsEstimated": 0.6, "time": "amc", "revenue": 291054000, "revenueEstimated": 277194285.7142857, "fiscalDateEnding": "2018-03-30", "updatedFromDate": "2023-05-17"}, {"date": "2018-05-02", "symbol": "3571.T", "eps": 4.51, "epsEstimated": null, "time": "bmo", "revenue": 2641533000, "revenueEstimated": null, "fiscalDateEnding": "2018-02-02", "updatedFromDate": "2023-10-17"}, {"date": "2018-05-02", "symbol": "ATCO", "eps": 0.37, "epsEstimated": 0.18, "time": "bmo", "revenue": 281662000, "revenueEstimated": 156465167.484375, "fiscalDateEnding": "2018-02-02", "updatedFromDate": "2023-05-17"}, {"date": "2018-05-02", "symbol": "ITOCY", "eps": 0.52, "epsEstimated": null, "time": "amc", "revenue": 3165910000000, "revenueEstimated": null, "fiscalDateEnding": "2018-02-02", "updatedFromDate": "2023-10-17"}, {"date": "2018-05-02", "symbol": "ADRZF", "eps": 0.44, "epsEstimated": 0.65, "time": "bmo", "revenue": null, "revenueEstimated": null, "fiscalDateEnding": "2018-03-31", "updatedFromDate": "2023-05-17"}, {"date": "2018-05-02", "symbol": "FUN", "eps": -1.27, "epsEstimated": -1.35, "time": "bmo", "revenue": 54727000, "revenueEstimated": 49927516.77852349, "fiscalDateEnding": "2018-03-24", "updatedFromDate": "2023-09-29"}, {"date": "2018-05-02", "symbol": "WTM", "eps": -1.42, "epsEstimated": -1.07, "time": "bmo", "revenue": 42100000, "revenueEstimated": 693411322, "fiscalDateEnding": "2018-03-30", "updatedFromDate": "2023-09-29"}, {"date": "2018-05-02", "symbol": "LBRDA", "eps": -0.08, "epsEstimated": 0.1, "time": "amc", "revenue": 11791000, "revenueEstimated": 14737500, "fiscalDateEnding": "2018-03-30", "updatedFromDate": "2023-09-29"}, {"date": "2018-05-02", "symbol": "4626.T", "eps": -45.24, "epsEstimated": null, "time": "bmo", "revenue": 15480000000, "revenueEstimated": null, "fiscalDateEnding": "2018-02-02", "updatedFromDate": "2023-10-17"}, {"date": "2018-05-02", "symbol": "ADSW", "eps": 0.09, "epsEstimated": 0.034, "time": "bmo", "revenue": 364700000, "revenueEstimated": 121566666.66666669, "fiscalDateEnding": "2018-03-30", "updatedFromDate": "2023-05-17"}, {"date": "2018-05-02", "symbol": "EXEL", "eps": 0.37, "epsEstimated": 0.16, "time": "amc", "revenue": 212346000, "revenueEstimated": 164236358.25, "fiscalDateEnding": "2018-03-29", "updatedFromDate": "2023-09-29"}, {"date": "2018-05-02", "symbol": "TAP", "eps": 0.48, "epsEstimated": 0.8, "time": "bmo", "revenue": 2331500000, "revenueEstimated": 3788687500, "fiscalDateEnding": "2018-03-30", "updatedFromDate": "2023-09-29"}, {"date": "2018-05-02", "symbol": "UGI", "eps": 1.69, "epsEstimated": 1.55, "time": "amc", "revenue": 2812000000, "revenueEstimated": 2579053254.43787, "fiscalDateEnding": "2018-03-30", "updatedFromDate": "2023-09-29"}, {"date": "2018-05-02", "symbol": "FRT", "eps": 0.82, "epsEstimated": 0.78, "time": "amc", "revenue": 225405000, "revenueEstimated": 217051851.85185185, "fiscalDateEnding": "2018-03-30", "updatedFromDate": "2023-09-29"}, {"date": "2018-05-02", "symbol": "AI", "eps": 0.57, "epsEstimated": 0.56, "time": "bmo", "revenue": null, "revenueEstimated": 16996491.228070177, "fiscalDateEnding": "2018-01-30", "updatedFromDate": "2023-09-29"}, {"date": "2018-05-02", "symbol": "HBIO", "eps": 0.03, "epsEstimated": 0.02667, "time": "amc", "revenue": 26759000, "revenueEstimated": 26760000, "fiscalDateEnding": "2018-03-30", "updatedFromDate": "2023-09-29"}, {"date": "2018-05-02", "symbol": "6269.T", "eps": 20.42, "epsEstimated": 35.46, "time": "bmo", "revenue": 46784000000, "revenueEstimated": null, "fiscalDateEnding": "2018-03-30", "updatedFromDate": "2023-08-16"}, {"date": "2018-05-02", "symbol": "HUM", "eps": 3.36, "epsEstimated": 3.19, "time": "bmo", "revenue": 14279000000, "revenueEstimated": 13422684523.809525, "fiscalDateEnding": "2018-03-30", "updatedFromDate": "2023-09-29"}, {"date": "2018-05-02", "symbol": "NETM-B.ST", "eps": -0.2861, "epsEstimated": null, "time": "bmo", "revenue": 1056000, "revenueEstimated": null, "fiscalDateEnding": "2018-03-31", "updatedFromDate": "2023-08-16"}, {"date": "2018-05-02", "symbol": "AUMN", "eps": -0.25, "epsEstimated": null, "time": "bmo", "revenue": 1637000, "revenueEstimated": null, "fiscalDateEnding": "2018-03-30", "updatedFromDate": "2023-09-29"}, {"date": "2018-05-02", "symbol": "ANIK", "eps": 0.11, "epsEstimated": 0.25, "time": "amc", "revenue": 21264000, "revenueEstimated": 7396173.9130434785, "fiscalDateEnding": "2018-03-30", "updatedFromDate": "2023-09-29"}, {"date": "2018-05-02", "symbol": "S&SPOWER.NS", "eps": 0.02, "epsEstimated": -0.07, "time": "bmo", "revenue": 256700000, "revenueEstimated": null, "fiscalDateEnding": "2018-02-02", "updatedFromDate": "2023-10-17"}, {"date": "2018-05-02", "symbol": "GHC", "eps": 9.04, "epsEstimated": null, "time": "bmo", "revenue": 659436000, "revenueEstimated": null, "fiscalDateEnding": "2018-03-30", "updatedFromDate": "2023-09-29"}, {"date": "2018-05-02", "symbol": "QTWO", "eps": 0.04, "epsEstimated": 0.01063, "time": "amc", "revenue": 54808000, "revenueEstimated": 27404000, "fiscalDateEnding": "2018-03-30", "updatedFromDate": "2023-09-29"}, {"date": "2018-05-02", "symbol": "3191.T", "eps": 16.68, "epsEstimated": null, "time": "bmo", "revenue": 36657000000, "revenueEstimated": null, "fiscalDateEnding": "2018-02-02", "updatedFromDate": "2023-10-17"}, {"date": "2018-05-02", "symbol": "BIP", "eps": 0.28, "epsEstimated": 0.25, "time": "bmo", "revenue": 1013000000, "revenueEstimated": 916523809.5238096, "fiscalDateEnding": "2018-03-31", "updatedFromDate": "2023-09-29"}, {"date": "2018-05-02", "symbol": "CAWLF", "eps": null, "epsEstimated": null, "time": "amc", "revenue": null, "revenueEstimated": null, "fiscalDateEnding": "2018-03-31", "updatedFromDate": "2023-05-17"}, {"date": "2018-05-02", "symbol": "CODI", "eps": -0.09, "epsEstimated": 0.27, "time": "amc", "revenue": 360693000, "revenueEstimated": 323417391.3043478, "fiscalDateEnding": "2018-03-30", "updatedFromDate": "2023-09-29"}, {"date": "2018-05-02", "symbol": "NI-PB", "eps": 0.77, "epsEstimated": 0.76, "time": "bmo", "revenue": null, "revenueEstimated": null, "fiscalDateEnding": "2018-03-30", "updatedFromDate": "2023-05-17"}, {"date": "2018-05-02", "symbol": "CPSH", "eps": -0.04, "epsEstimated": null, "time": "amc", "revenue": 4155004, "revenueEstimated": null, "fiscalDateEnding": "2018-03-30", "updatedFromDate": "2023-09-29"}, {"date": "2018-05-02", "symbol": "MRT-UN.TO", "eps": 0.2377, "epsEstimated": null, "time": "bmo", "revenue": 69245000, "revenueEstimated": null, "fiscalDateEnding": "2018-03-30", "updatedFromDate": "2023-05-17"}, {"date": "2018-05-02", "symbol": "JMP", "eps": -0.07, "epsEstimated": -0.00778, "time": "amc", "revenue": 30525000, "revenueEstimated": 5857142.8571428545, "fiscalDateEnding": "2018-03-30", "updatedFromDate": "2023-05-17"}, {"date": "2018-05-02", "symbol": "CWC.V", "eps": 0.00227, "epsEstimated": null, "time": "bmo", "revenue": 48925000, "revenueEstimated": null, "fiscalDateEnding": "2018-03-31", "updatedFromDate": "2023-10-16"}, {"date": "2018-05-02", "symbol": "DNOW", "eps": 0.01, "epsEstimated": 0.00378, "time": "bmo", "revenue": 764000000, "revenueEstimated": 764000000, "fiscalDateEnding": "2018-03-30", "updatedFromDate": "2023-09-29"}, {"date": "2018-05-02", "symbol": "EMKR", "eps": -0.08, "epsEstimated": -0.05, "time": "bmo", "revenue": 18623000, "revenueEstimated": 9310000, "fiscalDateEnding": "2018-03-30", "updatedFromDate": "2023-09-29"}, {"date": "2018-05-02", "symbol": "051600.KS", "eps": 478, "epsEstimated": 686.3, "time": "bmo", "revenue": 339280765000, "revenueEstimated": null, "fiscalDateEnding": "2018-02-02", "updatedFromDate": "2023-05-17"}, {"date": "2018-05-02", "symbol": "AP-UN.TO", "eps": 0.91, "epsEstimated": null, "time": "bmo", "revenue": 106894000, "revenueEstimated": null, "fiscalDateEnding": "2018-03-30", "updatedFromDate": "2023-05-17"}, {"date": "2018-05-02", "symbol": "ITECH.ST", "eps": -0.28146, "epsEstimated": null, "time": "bmo", "revenue": 3813000, "revenueEstimated": null, "fiscalDateEnding": "2018-03-30", "updatedFromDate": "2023-05-17"}, {"date": "2018-05-02", "symbol": "TCP", "eps": 1.32, "epsEstimated": 1.07, "time": "bmo", "revenue": 111000000, "revenueEstimated": 93219696.96969697, "fiscalDateEnding": "2018-02-02", "updatedFromDate": "2023-05-17"}, {"date": "2018-05-02", "symbol": "AAIC", "eps": 0.57, "epsEstimated": 0.56, "time": "bmo", "revenue": -33835000, "revenueEstimated": 16890000, "fiscalDateEnding": "2018-03-30", "updatedFromDate": "2023-09-29"}, {"date": "2018-05-02", "symbol": "7575.T", "eps": 26.38, "epsEstimated": 26.04, "time": "bmo", "revenue": 11492000000, "revenueEstimated": null, "fiscalDateEnding": "2018-02-02", "updatedFromDate": "2023-10-17"}, {"date": "2018-05-02", "symbol": "AREXQ", "eps": -0.07, "epsEstimated": -0.06, "time": "bmo", "revenue": null, "revenueEstimated": 112815428.57142855, "fiscalDateEnding": "2018-03-31", "updatedFromDate": "2023-05-17"}, {"date": "2018-05-02", "symbol": "EQIX", "eps": 2.34, "epsEstimated": 4.94, "time": "amc", "revenue": 1215877000, "revenueEstimated": 1585287341.7721517, "fiscalDateEnding": "2018-03-30", "updatedFromDate": "2023-09-29"}, {"date": "2018-05-02", "symbol": "CRUS", "eps": 0.51, "epsEstimated": 0.59, "time": "amc", "revenue": 303173000, "revenueEstimated": 344815686.2745098, "fiscalDateEnding": "2018-03-30", "updatedFromDate": "2023-09-29"}, {"date": "2018-05-02", "symbol": "5FB.DE", "eps": -0.17, "epsEstimated": -0.19, "time": "bmo", "revenue": 247865000, "revenueEstimated": null, "fiscalDateEnding": "2018-03-30", "updatedFromDate": "2023-05-17"}, {"date": "2018-05-02", "symbol": "ENBL", "eps": 0.24, "epsEstimated": 0.23, "time": "bmo", "revenue": 748000000, "revenueEstimated": 716833333.3333334, "fiscalDateEnding": "2018-03-30", "updatedFromDate": "2023-05-17"}, {"date": "2018-05-02", "symbol": "CGX.TO", "eps": 0.24, "epsEstimated": 0.25, "time": "bmo", "revenue": 409053000, "revenueEstimated": null, "fiscalDateEnding": "2018-02-02", "updatedFromDate": "2023-05-17"}, {"date": "2018-05-02", "symbol": "ADP", "eps": 1.52, "epsEstimated": 1.44, "time": "bmo", "revenue": 3558200000, "revenueEstimated": 3501473684.210526, "fiscalDateEnding": "2018-03-30", "updatedFromDate": "2023-09-29"}, {"date": "2018-05-02", "symbol": "EL", "eps": 1.17, "epsEstimated": 1.07, "time": "bmo", "revenue": 3370000000, "revenueEstimated": 3081965811.965812, "fiscalDateEnding": "2018-03-30", "updatedFromDate": "2023-09-29"}, {"date": "2018-05-02", "symbol": "MEET", "eps": 0.05, "epsEstimated": 0.017, "time": "bmo", "revenue": 37637793, "revenueEstimated": 15056000, "fiscalDateEnding": "2018-03-30", "updatedFromDate": "2023-05-17"}, {"date": "2018-05-02", "symbol": "L.TO", "eps": 0.94, "epsEstimated": 0.91, "time": "bmo", "revenue": 10367000000, "revenueEstimated": null, "fiscalDateEnding": "2018-03-31", "updatedFromDate": "2023-10-16"}, {"date": "2018-05-02", "symbol": "GIFOF", "eps": 0.24, "epsEstimated": 0.22, "time": "bmo", "revenue": null, "revenueEstimated": null, "fiscalDateEnding": "2018-03-31", "updatedFromDate": "2023-05-17"}, {"date": "2018-05-02", "symbol": "OSAGF", "eps": 0.46, "epsEstimated": 0.57, "time": "bmo", "revenue": null, "revenueEstimated": null, "fiscalDateEnding": "2018-06-30", "updatedFromDate": "2023-09-29"}, {"date": "2018-05-02", "symbol": "CSGS", "eps": 0.69, "epsEstimated": 0.7, "time": "amc", "revenue": 201704000, "revenueEstimated": 195853623.1884058, "fiscalDateEnding": "2018-03-30", "updatedFromDate": "2023-09-29"}, {"date": "2018-05-02", "symbol": "LAMR", "eps": 0.15, "epsEstimated": 0.34, "time": "bmo", "revenue": 361026000, "revenueEstimated": 818266666.6666666, "fiscalDateEnding": "2018-03-30", "updatedFromDate": "2023-09-29"}, {"date": "2018-05-02", "symbol": "JCAP", "eps": 0.12, "epsEstimated": -0.17, "time": "bmo", "revenue": 5216000, "revenueEstimated": 7395000.000000002, "fiscalDateEnding": "2018-03-30", "updatedFromDate": "2023-05-17"}, {"date": "2018-05-02", "symbol": "CCNTF", "eps": 2.25, "epsEstimated": 2.08, "time": "bmo", "revenue": null, "revenueEstimated": null, "fiscalDateEnding": "2018-03-31", "updatedFromDate": "2023-05-17"}, {"date": "2018-05-02", "symbol": "TROAX.ST", "eps": 0.08, "epsEstimated": 0.08, "time": "bmo", "revenue": 36700000, "revenueEstimated": null, "fiscalDateEnding": "2018-03-30", "updatedFromDate": "2023-05-17"}, {"date": "2018-05-02", "symbol": "AUY", "eps": 0.02, "epsEstimated": 0.02092, "time": "amc", "revenue": 431500000, "revenueEstimated": 454700000, "fiscalDateEnding": "2018-02-02", "updatedFromDate": "2023-09-29"}, {"date": "2018-05-02", "symbol": "BON.PA", "eps": 0.56, "epsEstimated": null, "time": "bmo", "revenue": 694280000, "revenueEstimated": null, "fiscalDateEnding": "2018-02-02", "updatedFromDate": "2023-10-16"}, {"date": "2018-05-02", "symbol": "1050.SR", "eps": 0.93, "epsEstimated": 0.93, "time": "bmo", "revenue": 1678250000, "revenueEstimated": null, "fiscalDateEnding": "2018-03-30", "updatedFromDate": "2023-05-17"}, {"date": "2018-05-02", "symbol": "HGDPF", "eps": 2.6, "epsEstimated": 2.71, "time": "bmo", "revenue": null, "revenueEstimated": null, "fiscalDateEnding": "2018-03-31", "updatedFromDate": "2023-05-17"}, {"date": "2018-05-02", "symbol": "CODI-PC", "eps": 0.23, "epsEstimated": 0.26, "time": "bmo", "revenue": null, "revenueEstimated": null, "fiscalDateEnding": "2018-03-30", "updatedFromDate": "2023-05-17"}, {"date": "2018-05-02", "symbol": "FSNUF", "eps": 0.79, "epsEstimated": 0.78, "time": "bmo", "revenue": null, "revenueEstimated": null, "fiscalDateEnding": "2018-03-31", "updatedFromDate": "2023-08-16"}, {"date": "2018-05-02", "symbol": "CUB", "eps": -0.12, "epsEstimated": -0.17, "time": "amc", "revenue": 278586000, "revenueEstimated": 394683333.3333334, "fiscalDateEnding": "2018-03-30", "updatedFromDate": "2023-05-17"}, {"date": "2018-05-02", "symbol": "MN", "eps": 0.07, "epsEstimated": 0.08, "time": "amc", "revenue": 42224000, "revenueEstimated": 48228571.428571425, "fiscalDateEnding": "2018-03-30", "updatedFromDate": "2023-05-17"}, {"date": "2018-05-02", "symbol": "267260.KS", "eps": -1173.7, "epsEstimated": 403.03, "time": "bmo", "revenue": 507478986000, "revenueEstimated": null, "fiscalDateEnding": "2018-02-02", "updatedFromDate": "2023-05-17"}, {"date": "2018-05-02", "symbol": "SSYS", "eps": 0.05, "epsEstimated": 0.08, "time": "bmo", "revenue": 153833000, "revenueEstimated": 246080000, "fiscalDateEnding": "2018-03-31", "updatedFromDate": "2023-09-29"}, {"date": "2018-05-02", "symbol": "ENR", "eps": 0.45, "epsEstimated": 0.42, "time": "bmo", "revenue": 374400000, "revenueEstimated": 357760000, "fiscalDateEnding": "2018-03-30", "updatedFromDate": "2023-09-29"}, {"date": "2018-05-02", "symbol": "SPNO.CO", "eps": 2.5, "epsEstimated": 2.08, "time": "bmo", "revenue": 808000000, "revenueEstimated": null, "fiscalDateEnding": "2018-03-31", "updatedFromDate": "2023-08-16"}, {"date": "2018-05-02", "symbol": "MBUU", "eps": 0.89, "epsEstimated": 0.7, "time": "bmo", "revenue": 140429000, "revenueEstimated": 110426966.29213482, "fiscalDateEnding": "2018-03-30", "updatedFromDate": "2023-09-29"}, {"date": "2018-05-02", "symbol": "001740.KS", "eps": 3, "epsEstimated": 47, "time": "bmo", "revenue": 3432363000000, "revenueEstimated": null, "fiscalDateEnding": "2018-02-02", "updatedFromDate": "2023-05-17"}, {"date": "2018-05-02", "symbol": "NPO", "eps": 0.85, "epsEstimated": 0.97, "time": "amc", "revenue": 368800000, "revenueEstimated": 416527058.8235294, "fiscalDateEnding": "2018-03-30", "updatedFromDate": "2023-09-29"}, {"date": "2018-05-02", "symbol": "5905.T", "eps": -0.78, "epsEstimated": null, "time": "bmo", "revenue": null, "revenueEstimated": null, "fiscalDateEnding": "2018-09-30", "updatedFromDate": "2023-05-17"}, {"date": "2018-05-02", "symbol": "PSSA3.SA", "eps": 0.85, "epsEstimated": 0.61, "time": "bmo", "revenue": 4632672000, "revenueEstimated": null, "fiscalDateEnding": "2018-02-02", "updatedFromDate": "2023-05-17"}, {"date": "2018-05-02", "symbol": "H", "eps": 0.33, "epsEstimated": 0.29, "time": "amc", "revenue": 1109000000, "revenueEstimated": 1041787878.7878788, "fiscalDateEnding": "2018-03-30", "updatedFromDate": "2023-09-29"}, {"date": "2018-05-02", "symbol": "006400.KS", "eps": 1874, "epsEstimated": 2198.53, "time": "bmo", "revenue": 2247955563000, "revenueEstimated": null, "fiscalDateEnding": "2018-02-02", "updatedFromDate": "2023-05-17"}, {"date": "2018-05-02", "symbol": "PWFL", "eps": -0.0583, "epsEstimated": -0.03375, "time": "bmo", "revenue": 13379000, "revenueEstimated": 21071925, "fiscalDateEnding": "2018-03-31", "updatedFromDate": "2023-09-29"}, {"date": "2018-05-02", "symbol": "KXS.TO", "eps": 0.29, "epsEstimated": 0.24, "time": "bmo", "revenue": 36849000, "revenueEstimated": null, "fiscalDateEnding": "2018-03-30", "updatedFromDate": "2023-05-17"}, {"date": "2018-05-02", "symbol": "FOXF", "eps": 0.36, "epsEstimated": 0.35, "time": "amc", "revenue": 129792000, "revenueEstimated": 122581333.33333334, "fiscalDateEnding": "2018-03-29", "updatedFromDate": "2023-09-29"}, {"date": "2018-05-02", "symbol": "6029.T", "eps": 8.21, "epsEstimated": null, "time": "bmo", "revenue": 927121000, "revenueEstimated": null, "fiscalDateEnding": "2018-03-30", "updatedFromDate": "2023-05-17"}, {"date": "2018-05-02", "symbol": "ZNGA", "eps": 0.03, "epsEstimated": 0.024, "time": "amc", "revenue": 208232000, "revenueEstimated": 138821333.33333334, "fiscalDateEnding": "2018-03-30", "updatedFromDate": "2023-05-17"}, {"date": "2018-05-02", "symbol": "ASC", "eps": -0.16, "epsEstimated": -0.15, "time": "bmo", "revenue": 50471524, "revenueEstimated": 50470000, "fiscalDateEnding": "2018-03-31", "updatedFromDate": "2023-09-29"}, {"date": "2018-05-02", "symbol": "8255.T", "eps": 49.09, "epsEstimated": null, "time": "bmo", "revenue": 60450000000, "revenueEstimated": null, "fiscalDateEnding": "2018-02-02", "updatedFromDate": "2023-10-17"}, {"date": "2018-05-02", "symbol": "CPE", "eps": 2, "epsEstimated": 2.07, "time": "amc", "revenue": 127440000, "revenueEstimated": 133769999.99999997, "fiscalDateEnding": "2018-03-30", "updatedFromDate": "2023-09-29"}, {"date": "2018-05-02", "symbol": "5187.T", "eps": 10.41, "epsEstimated": null, "time": "bmo", "revenue": 2490148000, "revenueEstimated": null, "fiscalDateEnding": "2018-03-30", "updatedFromDate": "2023-05-17"}, {"date": "2018-05-02", "symbol": "AEL", "eps": 0.85, "epsEstimated": 0.83, "time": "amc", "revenue": 986104000, "revenueEstimated": 59096470.5882353, "fiscalDateEnding": "2018-03-30", "updatedFromDate": "2023-09-29"}, {"date": "2018-05-02", "symbol": "4743.T", "eps": 25.25, "epsEstimated": null, "time": "bmo", "revenue": 3128559000, "revenueEstimated": null, "fiscalDateEnding": "2018-02-02", "updatedFromDate": "2023-10-17"}, {"date": "2018-05-02", "symbol": "CONE", "eps": 0.45, "epsEstimated": 0.039, "time": "amc", "revenue": 196900000, "revenueEstimated": 17475555.555555537, "fiscalDateEnding": "2018-02-02", "updatedFromDate": "2023-05-17"}, {"date": "2018-05-02", "symbol": "PKIUF", "eps": 0.15, "epsEstimated": -0.05, "time": "amc", "revenue": 3342000000, "revenueEstimated": null, "fiscalDateEnding": "2018-03-31", "updatedFromDate": "2023-08-16"}, {"date": "2018-05-02", "symbol": "RADL3.SA", "eps": 0.37, "epsEstimated": 0.37, "time": "bmo", "revenue": 6867156000, "revenueEstimated": null, "fiscalDateEnding": "2018-03-30", "updatedFromDate": "2023-05-17"}, {"date": "2018-05-02", "symbol": "FLOW", "eps": 0.36, "epsEstimated": 0.38, "time": "bmo", "revenue": 531200000, "revenueEstimated": 389394444.4444445, "fiscalDateEnding": "2018-02-02", "updatedFromDate": "2023-05-17"}, {"date": "2018-05-02", "symbol": "ABC", "eps": 1.94, "epsEstimated": 1.83, "time": "bmo", "revenue": 41033858000, "revenueEstimated": 38495681216.49485, "fiscalDateEnding": "2018-03-30", "updatedFromDate": "2023-09-29"}, {"date": "2018-05-02", "symbol": "8001.T", "eps": 27.92, "epsEstimated": 46.78, "time": "bmo", "revenue": 3165910000000, "revenueEstimated": null, "fiscalDateEnding": "2018-02-02", "updatedFromDate": "2023-10-17"}, {"date": "2018-05-02", "symbol": "CTTOF", "eps": 0.07, "epsEstimated": 0.07, "time": "bmo", "revenue": null, "revenueEstimated": null, "fiscalDateEnding": "2018-03-31", "updatedFromDate": "2023-05-17"}, {"date": "2018-05-02", "symbol": "MNDT", "eps": -0.04, "epsEstimated": -0.03905, "time": "bmo", "revenue": 199070000, "revenueEstimated": null, "fiscalDateEnding": "2018-03-30", "updatedFromDate": "2023-05-17"}, {"date": "2018-05-02", "symbol": "AKRYY", "eps": -0.15, "epsEstimated": -0.26, "time": "bmo", "revenue": null, "revenueEstimated": null, "fiscalDateEnding": "2018-03-31", "updatedFromDate": "2023-05-17"}, {"date": "2018-05-02", "symbol": "TLF", "eps": 0.14, "epsEstimated": null, "time": "amc", "revenue": 20288918, "revenueEstimated": null, "fiscalDateEnding": "2018-03-31", "updatedFromDate": "2023-09-29"}, {"date": "2018-05-02", "symbol": "AIG+", "eps": 1.04, "epsEstimated": 1.27, "time": "bmo", "revenue": 8470000000, "revenueEstimated": null, "fiscalDateEnding": "2018-03-30", "updatedFromDate": "2023-05-17"}, {"date": "2018-05-02", "symbol": "3660.T", "eps": 3.52, "epsEstimated": null, "time": "bmo", "revenue": 8503000000, "revenueEstimated": null, "fiscalDateEnding": "2018-02-02", "updatedFromDate": "2023-10-17"}, {"date": "2018-05-02", "symbol": "WD", "eps": 1.16, "epsEstimated": 1.07, "time": "bmo", "revenue": 147452000, "revenueEstimated": 136056034.48275864, "fiscalDateEnding": "2018-03-30", "updatedFromDate": "2023-09-29"}, {"date": "2018-05-02", "symbol": "033290.KQ", "eps": 127, "epsEstimated": null, "time": "bmo", "revenue": null, "revenueEstimated": null, "fiscalDateEnding": "2018-03-31", "updatedFromDate": "2023-05-17"}, {"date": "2018-05-02", "symbol": "SAFT", "eps": 0.71, "epsEstimated": 0.45, "time": "bmo", "revenue": 204855000, "revenueEstimated": 124542253.52112676, "fiscalDateEnding": "2018-03-30", "updatedFromDate": "2023-09-29"}, {"date": "2018-05-02", "symbol": "WEF.TO", "eps": 0.05, "epsEstimated": 0.06, "time": "bmo", "revenue": 291600000, "revenueEstimated": null, "fiscalDateEnding": "2018-03-30", "updatedFromDate": "2023-05-17"}, {"date": "2018-05-02", "symbol": "IO", "eps": -1.34, "epsEstimated": -0.63, "time": "amc", "revenue": 33508000, "revenueEstimated": 23694940.125, "fiscalDateEnding": "2018-03-30", "updatedFromDate": "2023-08-17"}, {"date": "2018-05-02", "symbol": "HCC", "eps": 3.42, "epsEstimated": 3, "time": "amc", "revenue": 421788000, "revenueEstimated": 370000000, "fiscalDateEnding": "2018-03-30", "updatedFromDate": "2023-09-29"}, {"date": "2018-05-02", "symbol": "RTLLF", "eps": 2.75, "epsEstimated": 2.96, "time": "bmo", "revenue": null, "revenueEstimated": null, "fiscalDateEnding": "2018-03-31", "updatedFromDate": "2023-05-17"}, {"date": "2018-05-02", "symbol": "MRNS", "eps": -0.6, "epsEstimated": -0.16, "time": "bmo", "revenue": null, "revenueEstimated": null, "fiscalDateEnding": "2018-03-30", "updatedFromDate": "2023-09-29"}, {"date": "2018-05-02", "symbol": "AVA", "eps": 0.83, "epsEstimated": 0.88, "time": "bmo", "revenue": 409361000, "revenueEstimated": 434062650.60240966, "fiscalDateEnding": "2018-03-30", "updatedFromDate": "2023-09-29"}, {"date": "2018-05-02", "symbol": "FCRD", "eps": 0.27, "epsEstimated": 0.29, "time": "bmo", "revenue": 8596000, "revenueEstimated": 4736666.666666666, "fiscalDateEnding": "2018-03-30", "updatedFromDate": "2023-05-17"}, {"date": "2018-05-02", "symbol": "DXCO3.SA", "eps": 0.04, "epsEstimated": 0.05, "time": "bmo", "revenue": null, "revenueEstimated": null, "fiscalDateEnding": "2018-03-31", "updatedFromDate": "2023-05-17"}, {"date": "2018-05-02", "symbol": "AIG", "eps": 1.04, "epsEstimated": 1.27, "time": "amc", "revenue": 11736000000, "revenueEstimated": 10343173076.923077, "fiscalDateEnding": "2018-03-30", "updatedFromDate": "2023-09-29"}, {"date": "2018-05-02", "symbol": "PTMN", "eps": 0.7, "epsEstimated": 0.75, "time": "bmo", "revenue": 5280354, "revenueEstimated": 7805714.285714285, "fiscalDateEnding": "2018-03-30", "updatedFromDate": "2023-09-29"}, {"date": "2018-05-02", "symbol": "OIIM", "eps": 0.27, "epsEstimated": -0.08, "time": "bmo", "revenue": 14108000, "revenueEstimated": 4180740.7407407407, "fiscalDateEnding": "2018-03-31", "updatedFromDate": "2023-05-17"}, {"date": "2018-05-02", "symbol": "COR", "eps": 1.94, "epsEstimated": 1.83, "time": "bmo", "revenue": 41033858000, "revenueEstimated": 127403389.83050847, "fiscalDateEnding": "2018-03-30", "updatedFromDate": "2023-11-30"}, {"date": "2018-05-02", "symbol": "FEYE", "eps": -0.04, "epsEstimated": -0.03905, "time": "amc", "revenue": 199070000, "revenueEstimated": 199100000, "fiscalDateEnding": "2018-03-30", "updatedFromDate": "2023-05-17"}, {"date": "2018-05-02", "symbol": "VNNVF", "eps": 0.24, "epsEstimated": 0.47, "time": "bmo", "revenue": null, "revenueEstimated": null, "fiscalDateEnding": "2018-03-31", "updatedFromDate": "2023-05-17"}, {"date": "2018-05-02", "symbol": "MAC", "eps": -0.24, "epsEstimated": 0.81, "time": "amc", "revenue": 236734000, "revenueEstimated": 20582608.69565216, "fiscalDateEnding": "2018-03-30", "updatedFromDate": "2023-09-29"}, {"date": "2018-05-02", "symbol": "RYI", "eps": 0.28, "epsEstimated": 0.24, "time": "amc", "revenue": 941300000, "revenueEstimated": 806828571.4285712, "fiscalDateEnding": "2018-03-30", "updatedFromDate": "2023-09-29"}, {"date": "2018-05-02", "symbol": "ICLR", "eps": 1.42, "epsEstimated": 1.42, "time": "bmo", "revenue": 620125000, "revenueEstimated": 620100000, "fiscalDateEnding": "2018-03-31", "updatedFromDate": "2023-09-29"}, {"date": "2018-05-02", "symbol": "DALQF", "eps": null, "epsEstimated": null, "time": "bmo", "revenue": null, "revenueEstimated": null, "fiscalDateEnding": "2018-03-31", "updatedFromDate": "2023-05-17"}, {"date": "2018-05-02", "symbol": "NOVO-B.CO", "eps": 4.4, "epsEstimated": 4.1, "time": "bmo", "revenue": 26930000000, "revenueEstimated": null, "fiscalDateEnding": "2018-03-30", "updatedFromDate": "2023-07-24"}, {"date": "2018-05-02", "symbol": "7947.T", "eps": 31.5, "epsEstimated": null, "time": "bmo", "revenue": 51295000000, "revenueEstimated": null, "fiscalDateEnding": "2018-02-02", "updatedFromDate": "2023-10-17"}, {"date": "2018-05-02", "symbol": "OMVKY", "eps": 1.31, "epsEstimated": null, "time": "bmo", "revenue": 4977000000, "revenueEstimated": null, "fiscalDateEnding": "2018-03-30", "updatedFromDate": "2023-05-17"}, {"date": "2018-05-02", "symbol": "THOXF", "eps": null, "epsEstimated": null, "time": "bmo", "revenue": null, "revenueEstimated": null, "fiscalDateEnding": "2018-03-31", "updatedFromDate": "2023-05-17"}, {"date": "2018-05-02", "symbol": "GN.CO", "eps": 1.56, "epsEstimated": 1.56, "time": "bmo", "revenue": 2296000000, "revenueEstimated": null, "fiscalDateEnding": "2018-03-30", "updatedFromDate": "2023-07-24"}, {"date": "2018-05-02", "symbol": "SUMR", "eps": -0.02, "epsEstimated": -0.015, "time": "bmo", "revenue": 42055000, "revenueEstimated": 63082500, "fiscalDateEnding": "2018-03-30", "updatedFromDate": "2023-05-17"}, {"date": "2018-05-02", "symbol": "030200.KS", "eps": 804, "epsEstimated": 809.68, "time": "bmo", "revenue": 5806938000000, "revenueEstimated": null, "fiscalDateEnding": "2018-02-02", "updatedFromDate": "2023-05-17"}, {"date": "2018-05-02", "symbol": "DX-PC", "eps": 0.54, "epsEstimated": 0.59, "time": "bmo", "revenue": 48174000, "revenueEstimated": null, "fiscalDateEnding": "2018-03-30", "updatedFromDate": "2023-05-17"}, {"date": "2018-05-02", "symbol": "FLS.CO", "eps": 2.9, "epsEstimated": 3.72, "time": "bmo", "revenue": 4235000000, "revenueEstimated": null, "fiscalDateEnding": "2018-03-30", "updatedFromDate": "2023-07-24"}, {"date": "2018-05-02", "symbol": "VVV", "eps": 0.34, "epsEstimated": 0.34, "time": "amc", "revenue": 569000000, "revenueEstimated": 569000000, "fiscalDateEnding": "2018-03-30", "updatedFromDate": "2023-09-29"}, {"date": "2018-05-02", "symbol": "APYRF", "eps": null, "epsEstimated": null, "time": "bmo", "revenue": null, "revenueEstimated": null, "fiscalDateEnding": "2018-03-31", "updatedFromDate": "2023-05-17"}, {"date": "2018-05-02", "symbol": "L-PB.TO", "eps": 0.94, "epsEstimated": 0.92, "time": "bmo", "revenue": 10367000000, "revenueEstimated": null, "fiscalDateEnding": "2018-03-31", "updatedFromDate": "2023-10-16"}, {"date": "2018-05-02", "symbol": "SCU", "eps": 0.8, "epsEstimated": 0.85, "time": "bmo", "revenue": 128410000, "revenueEstimated": 136425000, "fiscalDateEnding": "2018-03-30", "updatedFromDate": "2023-09-29"}, {"date": "2018-05-02", "symbol": "ETCIA", "eps": null, "epsEstimated": null, "time": "bmo", "revenue": null, "revenueEstimated": null, "fiscalDateEnding": "2018-03-31", "updatedFromDate": "2023-09-29"}, {"date": "2018-05-02", "symbol": "INN", "eps": 0.01, "epsEstimated": 0.32, "time": "amc", "revenue": 140199000, "revenueEstimated": 560800000, "fiscalDateEnding": "2018-03-30", "updatedFromDate": "2023-09-29"}, {"date": "2018-05-02", "symbol": "SLR.TO", "eps": -0.01718, "epsEstimated": null, "time": "bmo", "revenue": null, "revenueEstimated": null, "fiscalDateEnding": "2018-03-30", "updatedFromDate": "2023-05-17"}, {"date": "2018-05-02", "symbol": "092730.KQ", "eps": 602, "epsEstimated": 647, "time": "bmo", "revenue": null, "revenueEstimated": null, "fiscalDateEnding": "2018-03-31", "updatedFromDate": "2023-08-16"}, {"date": "2018-05-02", "symbol": "PSYTF", "eps": 0.15, "epsEstimated": 0.15, "time": "bmo", "revenue": null, "revenueEstimated": null, "fiscalDateEnding": "2018-03-30", "updatedFromDate": "2023-08-16"}, {"date": "2018-05-02", "symbol": "CTT.LS", "eps": 0.07, "epsEstimated": 0.07, "time": "bmo", "revenue": 172572266, "revenueEstimated": null, "fiscalDateEnding": "2018-03-30", "updatedFromDate": "2023-08-16"}, {"date": "2018-05-02", "symbol": "SWM", "eps": 0.82, "epsEstimated": 0.73, "time": "amc", "revenue": 261900000, "revenueEstimated": 233154878.0487805, "fiscalDateEnding": "2018-03-30", "updatedFromDate": "2023-08-16"}, {"date": "2018-05-02", "symbol": "AUMN.TO", "eps": -0.00801, "epsEstimated": null, "time": "bmo", "revenue": 1637000, "revenueEstimated": null, "fiscalDateEnding": "2018-03-30", "updatedFromDate": "2023-08-16"}, {"date": "2018-05-02", "symbol": "PROB.ST", "eps": 0.29, "epsEstimated": 0.18, "time": "bmo", "revenue": 119206000, "revenueEstimated": null, "fiscalDateEnding": "2018-03-30", "updatedFromDate": "2023-08-16"}, {"date": "2018-05-02", "symbol": "MLFNF", "eps": 0.29, "epsEstimated": 0.34, "time": "bmo", "revenue": null, "revenueEstimated": 23800000.000000004, "fiscalDateEnding": "2018-03-30", "updatedFromDate": "2023-08-16"}, {"date": "2018-05-02", "symbol": "CRY", "eps": 0.02, "epsEstimated": 0.02, "time": "amc", "revenue": 68496000, "revenueEstimated": 61950000, "fiscalDateEnding": "2018-02-02", "updatedFromDate": "2023-08-16"}, {"date": "2018-05-02", "symbol": "SGMS", "eps": -2.24, "epsEstimated": -0.28, "time": "amc", "revenue": 811800000, "revenueEstimated": 101475000, "fiscalDateEnding": "2018-03-30", "updatedFromDate": "2023-08-16"}, {"date": "2018-05-02", "symbol": "WFSTF", "eps": 0.05, "epsEstimated": 0.06, "time": "amc", "revenue": null, "revenueEstimated": null, "fiscalDateEnding": "2018-03-30", "updatedFromDate": "2023-08-16"}, {"date": "2018-05-02", "symbol": "BNHUF", "eps": null, "epsEstimated": null, "time": "bmo", "revenue": null, "revenueEstimated": null, "fiscalDateEnding": "2018-03-31", "updatedFromDate": "2023-08-16"}, {"date": "2018-05-02", "symbol": "LBLCF", "eps": 0.94, "epsEstimated": 0.92, "time": "bmo", "revenue": 10367000000, "revenueEstimated": null, "fiscalDateEnding": "2018-03-31", "updatedFromDate": "2023-10-16"}, {"date": "2018-05-02", "symbol": "GBERF", "eps": 4.8, "epsEstimated": 5.01, "time": "bmo", "revenue": null, "revenueEstimated": 7546312.5, "fiscalDateEnding": "2018-03-31", "updatedFromDate": "2023-08-16"}, {"date": "2018-05-02", "symbol": "NP3.ST", "eps": null, "epsEstimated": null, "time": "bmo", "revenue": null, "revenueEstimated": null, "fiscalDateEnding": "2018-03-31", "updatedFromDate": "2023-08-16"}, {"date": "2018-05-02", "symbol": "BPAC3.SA", "eps": 0.05453, "epsEstimated": null, "time": "bmo", "revenue": 1482403000, "revenueEstimated": null, "fiscalDateEnding": "2018-03-30", "updatedFromDate": "2023-08-16"}, {"date": "2018-05-02", "symbol": "MZTF.TA", "eps": 1.46, "epsEstimated": null, "time": "bmo", "revenue": 1544000000, "revenueEstimated": null, "fiscalDateEnding": "2018-03-30", "updatedFromDate": "2023-08-16"}, {"date": "2018-05-02", "symbol": "AMG.AS", "eps": 0.58, "epsEstimated": null, "time": "bmo", "revenue": 308448000, "revenueEstimated": null, "fiscalDateEnding": "2018-03-30", "updatedFromDate": "2023-08-16"}, {"date": "2018-05-02", "symbol": "GSS", "eps": 0.01158, "epsEstimated": 0.09, "time": "bmo", "revenue": 70819000, "revenueEstimated": 119354640, "fiscalDateEnding": "2018-03-30", "updatedFromDate": "2023-08-16"}, {"date": "2018-05-02", "symbol": "MIC", "eps": 0.91, "epsEstimated": 0.53, "time": "amc", "revenue": 501556000, "revenueEstimated": 351325782, "fiscalDateEnding": "2018-03-30", "updatedFromDate": "2023-08-16"}, {"date": "2018-05-02", "symbol": "AMVMF", "eps": null, "epsEstimated": null, "time": "bmo", "revenue": null, "revenueEstimated": null, "fiscalDateEnding": "2018-03-31", "updatedFromDate": "2023-08-16"}, {"date": "2018-05-02", "symbol": "DNN", "eps": -0.01, "epsEstimated": -0.00626, "time": "bmo", "revenue": 3573000, "revenueEstimated": 3570000, "fiscalDateEnding": "2018-03-31", "updatedFromDate": "2023-09-29"}, {"date": "2018-05-02", "symbol": "TUSK", "eps": 1.24, "epsEstimated": 1.6, "time": "amc", "revenue": 494249000, "revenueEstimated": 637677419.3548388, "fiscalDateEnding": "2018-03-30", "updatedFromDate": "2023-09-29"}, {"date": "2018-05-02", "symbol": "WIN.SW", "eps": -0.12, "epsEstimated": null, "time": "bmo", "revenue": 1064200000, "revenueEstimated": null, "fiscalDateEnding": "2018-03-30", "updatedFromDate": "2023-08-16"}, {"date": "2018-05-02", "symbol": "5469.TW", "eps": 0.3, "epsEstimated": 0.25, "time": "bmo", "revenue": 9483031000, "revenueEstimated": null, "fiscalDateEnding": "2018-03-30", "updatedFromDate": "2023-08-16"}, {"date": "2018-05-02", "symbol": "3081.TWO", "eps": 2, "epsEstimated": 2.38, "time": "bmo", "revenue": 577654000, "revenueEstimated": null, "fiscalDateEnding": "2018-03-31", "updatedFromDate": "2023-08-16"}, {"date": "2018-05-02", "symbol": "LPI", "eps": 0.24, "epsEstimated": 0.27, "time": "amc", "revenue": 259696000, "revenueEstimated": 292162500, "fiscalDateEnding": "2018-03-30", "updatedFromDate": "2023-08-16"}, {"date": "2018-05-02", "symbol": "GPLDF", "eps": null, "epsEstimated": null, "time": "amc", "revenue": null, "revenueEstimated": null, "fiscalDateEnding": "2018-03-31", "updatedFromDate": "2023-08-16"}, {"date": "2018-05-02", "symbol": "ORRON.ST", "eps": 0.67, "epsEstimated": 0.42, "time": "bmo", "revenue": 692900000, "revenueEstimated": null, "fiscalDateEnding": "2018-03-30", "updatedFromDate": "2023-08-16"}, {"date": "2018-05-02", "symbol": "CPXGF", "eps": 0.24, "epsEstimated": 0.25, "time": "bmo", "revenue": null, "revenueEstimated": null, "fiscalDateEnding": "2018-03-30", "updatedFromDate": "2023-08-16"}, {"date": "2018-05-02", "symbol": "SPGYF", "eps": -0.02, "epsEstimated": 0.08, "time": "bmo", "revenue": null, "revenueEstimated": null, "fiscalDateEnding": "2018-03-30", "updatedFromDate": "2023-08-16"}, {"date": "2018-05-02", "symbol": "TLFA", "eps": 0.1375, "epsEstimated": null, "time": "bmo", "revenue": 20288918, "revenueEstimated": null, "fiscalDateEnding": "2018-03-30", "updatedFromDate": "2023-08-16"}, {"date": "2018-05-02", "symbol": "GIFLF", "eps": 0.24, "epsEstimated": 0.22, "time": "bmo", "revenue": null, "revenueEstimated": null, "fiscalDateEnding": "2018-03-31", "updatedFromDate": "2023-08-16"}, {"date": "2018-05-02", "symbol": "DNORD.CO", "eps": 0.22, "epsEstimated": 0.18, "time": "bmo", "revenue": 591200000, "revenueEstimated": null, "fiscalDateEnding": "2018-03-31", "updatedFromDate": "2023-08-16"}, {"date": "2018-05-02", "symbol": "IOGPQ", "eps": -1.34, "epsEstimated": -0.63, "time": "amc", "revenue": null, "revenueEstimated": null, "fiscalDateEnding": "2018-03-31", "updatedFromDate": "2023-08-16"}, {"date": "2018-05-02", "symbol": "STZHF", "eps": 0.56, "epsEstimated": 0.6, "time": "bmo", "revenue": null, "revenueEstimated": null, "fiscalDateEnding": "2018-03-30", "updatedFromDate": "2023-08-16"}, {"date": "2018-05-03", "symbol": "BKRKF", "eps": 60.47, "epsEstimated": 59.5, "time": "bmo", "revenue": null, "revenueEstimated": null, "fiscalDateEnding": "2018-03-31", "updatedFromDate": "2023-05-17"}, {"date": "2018-05-03", "symbol": "OPI", "eps": 0.08, "epsEstimated": 0.46, "time": "bmo", "revenue": 108717000, "revenueEstimated": 208341666.66666666, "fiscalDateEnding": "2018-03-30", "updatedFromDate": "2023-09-29"}, {"date": "2018-05-03", "symbol": "RPT", "eps": 0.07, "epsEstimated": 0.06, "time": "amc", "revenue": 62718000, "revenueEstimated": 53759999.99999999, "fiscalDateEnding": "2018-03-30", "updatedFromDate": "2023-09-29"}, {"date": "2018-05-03", "symbol": "BELFA", "eps": -0.09, "epsEstimated": null, "time": "bmo", "revenue": 118251000, "revenueEstimated": null, "fiscalDateEnding": "2018-03-30", "updatedFromDate": "2023-09-29"}, {"date": "2018-05-03", "symbol": "AMAG.VI", "eps": 0.3646, "epsEstimated": null, "time": "bmo", "revenue": 263220000, "revenueEstimated": null, "fiscalDateEnding": "2018-03-30", "updatedFromDate": "2023-05-17"}, {"date": "2018-05-03", "symbol": "DRH-PA", "eps": 0.02, "epsEstimated": null, "time": "bmo", "revenue": null, "revenueEstimated": null, "fiscalDateEnding": "2018-03-30", "updatedFromDate": "2023-05-17"}, {"date": "2018-05-03", "symbol": "ADRZY", "eps": 0.11, "epsEstimated": null, "time": "bmo", "revenue": 1290964000, "revenueEstimated": null, "fiscalDateEnding": "2018-03-31", "updatedFromDate": "2023-09-29"}, {"date": "2018-05-03", "symbol": "XAN", "eps": 0.03, "epsEstimated": -0.24, "time": "bmo", "revenue": 6166000, "revenueEstimated": 201760000.00000006, "fiscalDateEnding": "2018-03-30", "updatedFromDate": "2023-05-17"}, {"date": "2018-05-03", "symbol": "AAVVF", "eps": 0.05, "epsEstimated": 0.05, "time": "bmo", "revenue": 58056000, "revenueEstimated": 12300, "fiscalDateEnding": "2018-03-31", "updatedFromDate": "2023-09-29"}, {"date": "2018-05-03", "symbol": "OMVJF", "eps": 1.15, "epsEstimated": 1.31, "time": "bmo", "revenue": 4977000000, "revenueEstimated": null, "fiscalDateEnding": "2018-03-31", "updatedFromDate": "2023-09-29"}, {"date": "2018-05-03", "symbol": "VICI", "eps": 0.33, "epsEstimated": 0.34, "time": "amc", "revenue": 218276000, "revenueEstimated": 224915151.5151515, "fiscalDateEnding": "2018-03-30", "updatedFromDate": "2023-09-29"}, {"date": "2018-05-03", "symbol": "SREV", "eps": -0.12895, "epsEstimated": -0.09134, "time": "amc", "revenue": 58585000, "revenueEstimated": 117170000, "fiscalDateEnding": "2018-03-30", "updatedFromDate": "2023-05-17"}, {"date": "2018-05-03", "symbol": "BRBMF", "eps": -0.05, "epsEstimated": null, "time": "amc", "revenue": 9466000, "revenueEstimated": null, "fiscalDateEnding": "2018-03-31", "updatedFromDate": "2023-09-29"}, {"date": "2018-05-03", "symbol": "MDRX", "eps": 0.16, "epsEstimated": 0.17, "time": "amc", "revenue": 514000000, "revenueEstimated": 460806250, "fiscalDateEnding": "2018-03-30", "updatedFromDate": "2023-09-29"}, {"date": "2018-05-03", "symbol": "TEVA", "eps": 0.94, "epsEstimated": 0.67, "time": "bmo", "revenue": 5065000000, "revenueEstimated": 3610159574.468086, "fiscalDateEnding": "2018-03-30", "updatedFromDate": "2023-09-29"}, {"date": "2018-05-03", "symbol": "BANX", "eps": 0.4, "epsEstimated": 0.4, "time": "amc", "revenue": 11837078, "revenueEstimated": 3070232, "fiscalDateEnding": "2018-02-03", "updatedFromDate": "2023-09-29"}, {"date": "2018-05-03", "symbol": "DMCOF", "eps": null, "epsEstimated": null, "time": "bmo", "revenue": null, "revenueEstimated": null, "fiscalDateEnding": "2018-03-31", "updatedFromDate": "2023-05-17"}, {"date": "2018-05-03", "symbol": "AIZP", "eps": 2, "epsEstimated": 1.93, "time": "bmo", "revenue": null, "revenueEstimated": null, "fiscalDateEnding": "2017-12-31", "updatedFromDate": "2023-05-17"}, {"date": "2018-05-03", "symbol": "UOVEY", "eps": 3.44, "epsEstimated": null, "time": "bmo", "revenue": 2344000000, "revenueEstimated": null, "fiscalDateEnding": "2018-02-03", "updatedFromDate": "2023-09-29"}, {"date": "2018-05-03", "symbol": "TVA-B.TO", "eps": -0.12, "epsEstimated": -0.18, "time": "bmo", "revenue": 133836000, "revenueEstimated": null, "fiscalDateEnding": "2018-03-30", "updatedFromDate": "2023-08-16"}, {"date": "2018-05-03", "symbol": "CAMX.ST", "eps": -0.89, "epsEstimated": -1.1, "time": "bmo", "revenue": 14639000, "revenueEstimated": null, "fiscalDateEnding": "2018-03-31", "updatedFromDate": "2023-08-16"}, {"date": "2018-05-03", "symbol": "ATP.TO", "eps": 0.07, "epsEstimated": 0.01799, "time": "bmo", "revenue": 80000000, "revenueEstimated": 37828571.428571425, "fiscalDateEnding": "2018-03-30", "updatedFromDate": "2023-05-17"}, {"date": "2018-05-03", "symbol": "MLRYY", "eps": 11.13, "epsEstimated": 17.72, "time": "bmo", "revenue": null, "revenueEstimated": null, "fiscalDateEnding": "2018-03-31", "updatedFromDate": "2023-09-29"}, {"date": "2018-05-03", "symbol": "HSPG.OL", "eps": 23.8, "epsEstimated": null, "time": "bmo", "revenue": 40370000, "revenueEstimated": null, "fiscalDateEnding": "2018-02-03", "updatedFromDate": "2023-05-17"}, {"date": "2018-05-03", "symbol": "MTX", "eps": 1.13, "epsEstimated": 1.12, "time": "amc", "revenue": 431300000, "revenueEstimated": 427483185.8407081, "fiscalDateEnding": "2018-03-31", "updatedFromDate": "2023-09-29"}, {"date": "2018-05-03", "symbol": "ENIA", "eps": 0.2, "epsEstimated": 0.28, "time": "bmo", "revenue": 2613000000, "revenueEstimated": 3359571428, "fiscalDateEnding": "2018-03-30", "updatedFromDate": "2023-08-16"}, {"date": "2018-05-03", "symbol": "ARW", "eps": 1.88, "epsEstimated": 1.82, "time": "bmo", "revenue": 6875613000, "revenueEstimated": 6656165957.44681, "fiscalDateEnding": "2018-03-30", "updatedFromDate": "2023-09-29"}, {"date": "2018-05-03", "symbol": "SRG", "eps": 0.26, "epsEstimated": 0.38, "time": "amc", "revenue": 53777000, "revenueEstimated": null, "fiscalDateEnding": "2018-03-30", "updatedFromDate": "2023-09-29"}, {"date": "2018-05-03", "symbol": "RAIL.ST", "eps": 0.13, "epsEstimated": 0.34, "time": "bmo", "revenue": 66485000, "revenueEstimated": null, "fiscalDateEnding": "2018-03-31", "updatedFromDate": "2023-10-16"}, {"date": "2018-05-03", "symbol": "GNE", "eps": 0.24, "epsEstimated": null, "time": "bmo", "revenue": 89268000, "revenueEstimated": null, "fiscalDateEnding": "2018-03-30", "updatedFromDate": "2023-09-29"}, {"date": "2018-05-03", "symbol": "AIU", "eps": 8.96, "epsEstimated": 11.75, "time": "bmo", "revenue": 824488000, "revenueEstimated": null, "fiscalDateEnding": "2018-02-03", "updatedFromDate": "2023-05-17"}, {"date": "2018-05-03", "symbol": "MRE.TO", "eps": 0.65, "epsEstimated": 0.6, "time": "bmo", "revenue": 963900000, "revenueEstimated": null, "fiscalDateEnding": "2018-03-31", "updatedFromDate": "2023-10-16"}, {"date": "2018-05-03", "symbol": "GWO.TO", "eps": 0.74, "epsEstimated": 0.74, "time": "bmo", "revenue": 9693000000, "revenueEstimated": null, "fiscalDateEnding": "2018-03-30", "updatedFromDate": "2023-05-17"}, {"date": "2018-05-03", "symbol": "LEE", "eps": 0.3, "epsEstimated": null, "time": "bmo", "revenue": 127805000, "revenueEstimated": null, "fiscalDateEnding": "2018-03-24", "updatedFromDate": "2023-09-29"}, {"date": "2018-05-03", "symbol": "OLP", "eps": 0.31, "epsEstimated": 0.48, "time": "bmo", "revenue": 19534000, "revenueEstimated": 21483000, "fiscalDateEnding": "2018-03-30", "updatedFromDate": "2023-09-29"}, {"date": "2018-05-03", "symbol": "UTI", "eps": -0.4, "epsEstimated": -0.19, "time": "amc", "revenue": 80663000, "revenueEstimated": 70925063.0625, "fiscalDateEnding": "2018-03-30", "updatedFromDate": "2023-09-29"}, {"date": "2018-05-03", "symbol": "FING-B.ST", "eps": -0.47, "epsEstimated": -0.25, "time": "bmo", "revenue": 289700000, "revenueEstimated": null, "fiscalDateEnding": "2018-03-30", "updatedFromDate": "2023-05-17"}, {"date": "2018-05-03", "symbol": "ERII", "eps": 0.01, "epsEstimated": 0.00353, "time": "amc", "revenue": 13807000, "revenueEstimated": 13810000, "fiscalDateEnding": "2018-03-30", "updatedFromDate": "2023-09-29"}, {"date": "2018-05-03", "symbol": "JSDA", "eps": -0.01, "epsEstimated": null, "time": "amc", "revenue": 2837000, "revenueEstimated": null, "fiscalDateEnding": "2018-03-30", "updatedFromDate": "2023-09-29"}, {"date": "2018-05-03", "symbol": "ALSRF", "eps": 0.2, "epsEstimated": 0.18, "time": "bmo", "revenue": null, "revenueEstimated": null, "fiscalDateEnding": "2018-03-31", "updatedFromDate": "2023-08-16"}, {"date": "2018-05-03", "symbol": "ADS.F", "eps": 2.65, "epsEstimated": 2.44, "time": "bmo", "revenue": 5548000000, "revenueEstimated": null, "fiscalDateEnding": "2018-03-30", "updatedFromDate": "2023-05-17"}, {"date": "2018-05-03", "symbol": "TSL.TO", "eps": 0.04, "epsEstimated": 0.025, "time": "bmo", "revenue": 66491000, "revenueEstimated": null, "fiscalDateEnding": "2018-03-30", "updatedFromDate": "2023-05-17"}, {"date": "2018-05-03", "symbol": "PCRX", "eps": 0.02, "epsEstimated": 0.06, "time": "bmo", "revenue": 74607000, "revenueEstimated": 74607000, "fiscalDateEnding": "2018-03-30", "updatedFromDate": "2023-09-29"}, {"date": "2018-05-03", "symbol": "ACR.OL", "eps": null, "epsEstimated": null, "time": "bmo", "revenue": null, "revenueEstimated": null, "fiscalDateEnding": "2018-03-31", "updatedFromDate": "2023-05-17"}, {"date": "2018-05-03", "symbol": "USPH", "eps": 0.56, "epsEstimated": 0.55, "time": "bmo", "revenue": 108342000, "revenueEstimated": 108300000, "fiscalDateEnding": "2018-03-30", "updatedFromDate": "2023-09-29"}, {"date": "2018-05-03", "symbol": "BASXQ", "eps": -0.87, "epsEstimated": -0.66, "time": "bmo", "revenue": null, "revenueEstimated": null, "fiscalDateEnding": "2018-03-31", "updatedFromDate": "2023-05-17"}, {"date": "2018-05-03", "symbol": "BDX", "eps": 2.65, "epsEstimated": 2.61, "time": "bmo", "revenue": 4222000000, "revenueEstimated": 4190135849.056604, "fiscalDateEnding": "2018-03-30", "updatedFromDate": "2023-09-29"}, {"date": "2018-05-03", "symbol": "PLYM", "eps": -1.38, "epsEstimated": 0.18, "time": "amc", "revenue": 11879000, "revenueEstimated": 11105217.39130435, "fiscalDateEnding": "2018-03-30", "updatedFromDate": "2023-09-29"}, {"date": "2018-05-03", "symbol": "SW.TO", "eps": 0.09, "epsEstimated": 0.07, "time": "bmo", "revenue": 186878000, "revenueEstimated": null, "fiscalDateEnding": "2018-03-30", "updatedFromDate": "2023-05-17"}, {"date": "2018-05-03", "symbol": "094280.KS", "eps": 174.49, "epsEstimated": null, "time": "bmo", "revenue": 97953969000, "revenueEstimated": null, "fiscalDateEnding": "2018-06-29", "updatedFromDate": "2023-05-17"}, {"date": "2018-05-03", "symbol": "GPX", "eps": 0.16, "epsEstimated": 0.22, "time": "bmo", "revenue": 125032000, "revenueEstimated": 171875000, "fiscalDateEnding": "2018-03-30", "updatedFromDate": "2023-05-17"}, {"date": "2018-05-03", "symbol": "FLDPF", "eps": null, "epsEstimated": null, "time": "bmo", "revenue": null, "revenueEstimated": null, "fiscalDateEnding": "2018-03-31", "updatedFromDate": "2023-05-17"}, {"date": "2018-05-03", "symbol": "NYT", "eps": 0.17, "epsEstimated": 0.15, "time": "bmo", "revenue": 413948000, "revenueEstimated": 365205882.3529411, "fiscalDateEnding": "2018-03-31", "updatedFromDate": "2023-09-29"}, {"date": "2018-05-03", "symbol": "AIRG", "eps": -0.07, "epsEstimated": -0.06, "time": "bmo", "revenue": 13305098, "revenueEstimated": 11408571.428571427, "fiscalDateEnding": "2018-03-30", "updatedFromDate": "2023-09-29"}, {"date": "2018-05-03", "symbol": "MR-UN.TO", "eps": 0.74, "epsEstimated": null, "time": "bmo", "revenue": 18017000, "revenueEstimated": null, "fiscalDateEnding": "2018-03-30", "updatedFromDate": "2023-05-17"}, {"date": "2018-05-03", "symbol": "FRTX", "eps": -91.35, "epsEstimated": -28.35, "time": "bmo", "revenue": 716000, "revenueEstimated": 223448.275862069, "fiscalDateEnding": "2018-03-31", "updatedFromDate": "2023-09-29"}, {"date": "2018-05-03", "symbol": "EEX", "eps": 0.66, "epsEstimated": 0.63, "time": "bmo", "revenue": 142200000, "revenueEstimated": 135736363.63636363, "fiscalDateEnding": "2018-03-30", "updatedFromDate": "2023-09-29"}, {"date": "2018-05-03", "symbol": "TOPS", "eps": -1571.09461, "epsEstimated": null, "time": "bmo", "revenue": 41048000, "revenueEstimated": null, "fiscalDateEnding": "2018-02-03", "updatedFromDate": "2023-09-29"}, {"date": "2018-05-03", "symbol": "PHX.TO", "eps": -0.07, "epsEstimated": -0.0225, "time": "bmo", "revenue": 70758554, "revenueEstimated": null, "fiscalDateEnding": "2018-03-30", "updatedFromDate": "2023-05-17"}, {"date": "2018-05-03", "symbol": "FIH-U.TO", "eps": 0.19, "epsEstimated": 0.44, "time": "bmo", "revenue": -68244000, "revenueEstimated": null, "fiscalDateEnding": "2018-02-03", "updatedFromDate": "2023-05-17"}, {"date": "2018-05-03", "symbol": "ISV.TO", "eps": 0.16, "epsEstimated": 0.21, "time": "bmo", "revenue": 26872000, "revenueEstimated": null, "fiscalDateEnding": "2018-03-30", "updatedFromDate": "2023-05-17"}, {"date": "2018-05-03", "symbol": "GTRK.ME", "eps": 1.84, "epsEstimated": null, "time": "bmo", "revenue": 2044732750, "revenueEstimated": null, "fiscalDateEnding": "2018-02-03", "updatedFromDate": "2023-05-17"}, {"date": "2018-05-03", "symbol": "EXK", "eps": 0.02, "epsEstimated": 0.01556, "time": "bmo", "revenue": 40330000, "revenueEstimated": 60495000, "fiscalDateEnding": "2018-03-31", "updatedFromDate": "2023-09-29"}, {"date": "2018-05-03", "symbol": "1730.TW", "eps": 0.702, "epsEstimated": null, "time": "bmo", "revenue": 548209000, "revenueEstimated": null, "fiscalDateEnding": "2018-03-30", "updatedFromDate": "2023-05-17"}, {"date": "2018-05-03", "symbol": "LOCO", "eps": 0.17, "epsEstimated": 0.16, "time": "amc", "revenue": 105756000, "revenueEstimated": 105800000, "fiscalDateEnding": "2018-03-27", "updatedFromDate": "2023-09-29"}, {"date": "2018-05-03", "symbol": "ISDR", "eps": 0.15, "epsEstimated": null, "time": "bmo", "revenue": 3530000, "revenueEstimated": null, "fiscalDateEnding": "2018-03-30", "updatedFromDate": "2023-09-29"}, {"date": "2018-05-03", "symbol": "TWI", "eps": 0.23, "epsEstimated": 0.02, "time": "bmo", "revenue": 425382000, "revenueEstimated": 73982608.69565217, "fiscalDateEnding": "2018-03-30", "updatedFromDate": "2023-09-29"}, {"date": "2018-05-03", "symbol": "VREX", "eps": 0.45, "epsEstimated": 0.44, "time": "amc", "revenue": 201200000, "revenueEstimated": 201200000, "fiscalDateEnding": "2018-03-29", "updatedFromDate": "2023-09-29"}, {"date": "2018-05-03", "symbol": "TUESQ", "eps": -0.18, "epsEstimated": -0.19, "time": "bmo", "revenue": null, "revenueEstimated": null, "fiscalDateEnding": "2018-03-30", "updatedFromDate": "2023-05-17"}, {"date": "2018-05-03", "symbol": "SPXC", "eps": 0.44, "epsEstimated": 0.43, "time": "amc", "revenue": 351900000, "revenueEstimated": 327906818.1818182, "fiscalDateEnding": "2018-03-30", "updatedFromDate": "2023-09-29"}, {"date": "2018-05-03", "symbol": "PFFVF", "eps": 2, "epsEstimated": 1.72, "time": "bmo", "revenue": null, "revenueEstimated": null, "fiscalDateEnding": "2018-03-31", "updatedFromDate": "2023-08-16"}, {"date": "2018-05-03", "symbol": "VIAC", "eps": 1.34, "epsEstimated": 1.19, "time": "bmo", "revenue": 3466000000, "revenueEstimated": 3339992537.3134327, "fiscalDateEnding": "2018-02-03", "updatedFromDate": "2023-05-17"}, {"date": "2018-05-03", "symbol": "1313.TW", "eps": null, "epsEstimated": null, "time": "bmo", "revenue": null, "revenueEstimated": null, "fiscalDateEnding": "2018-03-31", "updatedFromDate": "2023-05-17"}, {"date": "2018-05-03", "symbol": "CNSL", "eps": -0.07, "epsEstimated": 0.05, "time": "bmo", "revenue": 356039000, "revenueEstimated": 50857142.85714287, "fiscalDateEnding": "2018-03-30", "updatedFromDate": "2023-09-29"}, {"date": "2018-05-03", "symbol": "BLL", "eps": 0.5, "epsEstimated": 0.45, "time": "bmo", "revenue": 2785000000, "revenueEstimated": 2506500000, "fiscalDateEnding": "2018-03-30", "updatedFromDate": "2023-05-17"}, {"date": "2018-05-03", "symbol": "PCELF", "eps": -0.4, "epsEstimated": -0.4, "time": "bmo", "revenue": null, "revenueEstimated": null, "fiscalDateEnding": "2018-03-31", "updatedFromDate": "2023-05-17"}, {"date": "2018-05-03", "symbol": "WSC", "eps": 0.01, "epsEstimated": 0.0025, "time": "amc", "revenue": 134751000, "revenueEstimated": 33700000, "fiscalDateEnding": "2018-03-30", "updatedFromDate": "2023-09-29"}, {"date": "2018-05-03", "symbol": "AAON", "eps": 0.05, "epsEstimated": 0.16, "time": "bmo", "revenue": 99082000, "revenueEstimated": 309631249.99999994, "fiscalDateEnding": "2018-03-30", "updatedFromDate": "2023-09-29"}, {"date": "2018-05-03", "symbol": "LYV", "eps": -0.24, "epsEstimated": -0.29, "time": "amc", "revenue": 1482384000, "revenueEstimated": 1791214000, "fiscalDateEnding": "2018-03-30", "updatedFromDate": "2023-09-29"}, {"date": "2018-05-03", "symbol": "BDXB", "eps": 2.65, "epsEstimated": 2.63, "time": "bmo", "revenue": 4222000000, "revenueEstimated": 4189893536, "fiscalDateEnding": "2018-03-30", "updatedFromDate": "2023-05-17"}, {"date": "2018-05-03", "symbol": "ONE", "eps": 8.96, "epsEstimated": 0.47, "time": "bmo", "revenue": 824488000, "revenueEstimated": null, "fiscalDateEnding": "2018-02-03", "updatedFromDate": "2023-05-17"}, {"date": "2018-05-03", "symbol": "SNPXF", "eps": null, "epsEstimated": null, "time": "bmo", "revenue": null, "revenueEstimated": null, "fiscalDateEnding": "2018-03-31", "updatedFromDate": "2023-05-17"}, {"date": "2018-05-03", "symbol": "VIAV", "eps": 0.13, "epsEstimated": 0.1, "time": "amc", "revenue": 264000000, "revenueEstimated": 151892307.69230768, "fiscalDateEnding": "2018-02-03", "updatedFromDate": "2023-09-29"}, {"date": "2018-05-03", "symbol": "NYMTP", "eps": 0.2, "epsEstimated": 0.16, "time": "bmo", "revenue": 40747000, "revenueEstimated": 15801599.999999998, "fiscalDateEnding": "2018-03-30", "updatedFromDate": "2023-05-17"}, {"date": "2018-05-03", "symbol": "BNPQF", "eps": 1.18, "epsEstimated": null, "time": "bmo", "revenue": null, "revenueEstimated": null, "fiscalDateEnding": "2018-03-31", "updatedFromDate": "2023-05-17"}, {"date": "2018-05-03", "symbol": "PE", "eps": 0.31, "epsEstimated": 0.24, "time": "bmo", "revenue": 392741000, "revenueEstimated": 304025806.4516129, "fiscalDateEnding": "2018-03-30", "updatedFromDate": "2023-05-17"}, {"date": "2018-05-03", "symbol": "ULBI", "eps": 0.13, "epsEstimated": null, "time": "bmo", "revenue": 23069000, "revenueEstimated": null, "fiscalDateEnding": "2018-03-31", "updatedFromDate": "2023-09-29"}, {"date": "2018-05-03", "symbol": "REGI", "eps": 0.11, "epsEstimated": 0.28, "time": "amc", "revenue": 689252000, "revenueEstimated": 36347169.81132083, "fiscalDateEnding": "2018-03-30", "updatedFromDate": "2023-08-16"}, {"date": "2018-05-03", "symbol": "SIFG.AS", "eps": null, "epsEstimated": null, "time": "bmo", "revenue": null, "revenueEstimated": null, "fiscalDateEnding": "2018-02-03", "updatedFromDate": "2023-05-17"}, {"date": "2018-05-03", "symbol": "DVA", "eps": 1.05, "epsEstimated": 0.93, "time": "amc", "revenue": 2849444000, "revenueEstimated": 2523754285.7142854, "fiscalDateEnding": "2018-03-30", "updatedFromDate": "2023-09-29"}, {"date": "2018-05-03", "symbol": "SMLT.ME", "eps": null, "epsEstimated": null, "time": "bmo", "revenue": null, "revenueEstimated": null, "fiscalDateEnding": "2018-03-31", "updatedFromDate": "2023-05-17"}, {"date": "2018-05-03", "symbol": "OMV.VI", "eps": 1.15, "epsEstimated": 1.28, "time": "bmo", "revenue": 4977000000, "revenueEstimated": null, "fiscalDateEnding": "2018-03-30", "updatedFromDate": "2023-05-17"}, {"date": "2018-05-03", "symbol": "GHL", "eps": 0.34, "epsEstimated": 0.05, "time": "amc", "revenue": 87543000, "revenueEstimated": 12499999.999999994, "fiscalDateEnding": "2018-03-30", "updatedFromDate": "2023-09-29"}, {"date": "2018-05-03", "symbol": "CDR", "eps": -0.26, "epsEstimated": null, "time": "amc", "revenue": 37568000, "revenueEstimated": null, "fiscalDateEnding": "2018-03-30", "updatedFromDate": "2023-08-16"}, {"date": "2018-05-03", "symbol": "MERC", "eps": 0.39, "epsEstimated": 0.67, "time": "amc", "revenue": 367903000, "revenueEstimated": 632033333.3333334, "fiscalDateEnding": "2018-03-30", "updatedFromDate": "2023-09-29"}, {"date": "2018-05-03", "symbol": "KMERF", "eps": 15.88, "epsEstimated": 14.71, "time": "bmo", "revenue": null, "revenueEstimated": null, "fiscalDateEnding": "2018-03-31", "updatedFromDate": "2023-05-17"}, {"date": "2018-05-03", "symbol": "GOLF", "eps": 0.55, "epsEstimated": 0.59, "time": "bmo", "revenue": 441801000, "revenueEstimated": 473930909.090909, "fiscalDateEnding": "2018-03-30", "updatedFromDate": "2023-09-29"}, {"date": "2018-05-03", "symbol": "CYRX", "eps": -0.1, "epsEstimated": -0.09, "time": "amc", "revenue": 6652912, "revenueEstimated": 3617999.9999999995, "fiscalDateEnding": "2018-02-03", "updatedFromDate": "2023-10-10"}, {"date": "2018-05-03", "symbol": "ELST", "eps": -0.02, "epsEstimated": null, "time": "bmo", "revenue": 307828, "revenueEstimated": null, "fiscalDateEnding": "2018-03-30", "updatedFromDate": "2023-09-29"}, {"date": "2018-05-03", "symbol": "039130.KS", "eps": 602, "epsEstimated": 1172.74, "time": "bmo", "revenue": 229340284000, "revenueEstimated": null, "fiscalDateEnding": "2018-03-30", "updatedFromDate": "2023-05-17"}, {"date": "2018-05-03", "symbol": "PMT", "eps": 0.35, "epsEstimated": 0.3, "time": "amc", "revenue": 44513000, "revenueEstimated": 94714285.71428572, "fiscalDateEnding": "2018-03-30", "updatedFromDate": "2023-09-29"}, {"date": "2018-05-03", "symbol": "SZGPF", "eps": 1.12, "epsEstimated": 0.84, "time": "bmo", "revenue": null, "revenueEstimated": null, "fiscalDateEnding": "2018-03-31", "updatedFromDate": "2023-05-17"}, {"date": "2018-05-03", "symbol": "SPPI", "eps": -0.15, "epsEstimated": -0.24, "time": "amc", "revenue": 30495000, "revenueEstimated": 71154999.99999999, "fiscalDateEnding": "2018-03-30", "updatedFromDate": "2023-09-29"}, {"date": "2018-05-03", "symbol": "NYMT", "eps": 0.8, "epsEstimated": 0.62, "time": "amc", "revenue": 39141000, "revenueEstimated": 103919999.99999999, "fiscalDateEnding": "2018-03-30", "updatedFromDate": "2023-09-29"}, {"date": "2018-05-03", "symbol": "AMH", "eps": 0.02, "epsEstimated": 0.01429, "time": "amc", "revenue": 258004000, "revenueEstimated": 387000000, "fiscalDateEnding": "2018-03-30", "updatedFromDate": "2023-09-29"}, {"date": "2018-05-03", "symbol": "TXMD", "eps": -5.5, "epsEstimated": -5, "time": "amc", "revenue": 3773392, "revenueEstimated": 3427272.7272727275, "fiscalDateEnding": "2018-03-30", "updatedFromDate": "2023-09-29"}, {"date": "2018-05-03", "symbol": "TDY", "eps": 1.81, "epsEstimated": 1.55, "time": "bmo", "revenue": 695600000, "revenueEstimated": 595679558.0110497, "fiscalDateEnding": "2018-03-31", "updatedFromDate": "2023-09-29"}, {"date": "2018-05-03", "symbol": "TWIRF", "eps": 0.04, "epsEstimated": 0.025, "time": "bmo", "revenue": null, "revenueEstimated": null, "fiscalDateEnding": "2018-03-31", "updatedFromDate": "2023-05-17"}, {"date": "2018-05-03", "symbol": "MTD", "eps": 3.74, "epsEstimated": 3.73, "time": "amc", "revenue": 660821000, "revenueEstimated": 659054098.9304813, "fiscalDateEnding": "2018-03-30", "updatedFromDate": "2023-09-29"}, {"date": "2018-05-03", "symbol": "SEEL", "eps": -4.2, "epsEstimated": -3.6, "time": "bmo", "revenue": null, "revenueEstimated": null, "fiscalDateEnding": "2018-03-30", "updatedFromDate": "2023-09-29"}, {"date": "2018-05-03", "symbol": "PPL.TO", "eps": 0.59, "epsEstimated": 0.65, "time": "bmo", "revenue": 1837000000, "revenueEstimated": null, "fiscalDateEnding": "2018-03-30", "updatedFromDate": "2023-05-17"}, {"date": "2018-05-03", "symbol": "BBI", "eps": -2.03, "epsEstimated": -0.63, "time": "bmo", "revenue": 716000, "revenueEstimated": 223448.27586206893, "fiscalDateEnding": "2018-03-30", "updatedFromDate": "2023-05-17"}, {"date": "2018-05-03", "symbol": "SAMG", "eps": 0.3, "epsEstimated": 0.28, "time": "amc", "revenue": 24331000, "revenueEstimated": 22708000.000000004, "fiscalDateEnding": "2018-03-30", "updatedFromDate": "2023-09-29"}, {"date": "2018-05-03", "symbol": "TLT1V.HE", "eps": 0.03, "epsEstimated": 0.05, "time": "bmo", "revenue": 59294000, "revenueEstimated": null, "fiscalDateEnding": "2018-03-30", "updatedFromDate": "2023-05-17"}, {"date": "2018-05-03", "symbol": "OR", "eps": 0.05, "epsEstimated": 0.02417, "time": "bmo", "revenue": 125614000, "revenueEstimated": 62800000, "fiscalDateEnding": "2018-03-31", "updatedFromDate": "2023-09-29"}, {"date": "2018-05-03", "symbol": "SMP", "eps": 0.46, "epsEstimated": 0.7, "time": "bmo", "revenue": 261826000, "revenueEstimated": 398391304.34782606, "fiscalDateEnding": "2018-03-30", "updatedFromDate": "2023-09-29"}, {"date": "2018-05-03", "symbol": "TRVX.OL", "eps": -0.52585, "epsEstimated": null, "time": "bmo", "revenue": 6000, "revenueEstimated": null, "fiscalDateEnding": "2018-03-31", "updatedFromDate": "2023-08-16"}, {"date": "2018-05-03", "symbol": "GCTAY", "eps": 0.24, "epsEstimated": null, "time": "bmo", "revenue": 2241533000, "revenueEstimated": null, "fiscalDateEnding": "2018-03-30", "updatedFromDate": "2023-05-17"}, {"date": "2018-05-03", "symbol": "DWSN", "eps": -0.07, "epsEstimated": -0.1, "time": "bmo", "revenue": 49880000, "revenueEstimated": 64131428.57142857, "fiscalDateEnding": "2018-03-30", "updatedFromDate": "2023-09-29"}, {"date": "2018-05-03", "symbol": "BXG", "eps": 0.28, "epsEstimated": 0.29, "time": "amc", "revenue": 146219000, "revenueEstimated": 173482142.85714284, "fiscalDateEnding": "2018-03-30", "updatedFromDate": "2023-05-17"}, {"date": "2018-05-03", "symbol": "GIG.OL", "eps": 0.00979, "epsEstimated": null, "time": "bmo", "revenue": 37339000, "revenueEstimated": null, "fiscalDateEnding": "2018-03-30", "updatedFromDate": "2023-08-16"}, {"date": "2018-05-03", "symbol": "BGS", "eps": 0.55, "epsEstimated": 0.51, "time": "amc", "revenue": 431729000, "revenueEstimated": 416001818.1818182, "fiscalDateEnding": "2018-03-30", "updatedFromDate": "2023-09-29"}, {"date": "2018-05-03", "symbol": "LQDT", "eps": -0.12, "epsEstimated": -0.14, "time": "bmo", "revenue": 60097000, "revenueEstimated": 70116666.66666667, "fiscalDateEnding": "2018-03-30", "updatedFromDate": "2023-09-29"}, {"date": "2018-05-03", "symbol": "SHAK", "eps": 0.15, "epsEstimated": 0.08, "time": "amc", "revenue": 99116000, "revenueEstimated": 68994028.125, "fiscalDateEnding": "2018-03-27", "updatedFromDate": "2023-09-29"}, {"date": "2018-05-03", "symbol": "UPONOR.HE", "eps": 0.11, "epsEstimated": 0.13, "time": "bmo", "revenue": 276900000, "revenueEstimated": null, "fiscalDateEnding": "2018-03-30", "updatedFromDate": "2023-05-17"}, {"date": "2018-05-03", "symbol": "KOP", "eps": 1.18, "epsEstimated": 0.87, "time": "bmo", "revenue": 406100000, "revenueEstimated": 292529661.0169492, "fiscalDateEnding": "2018-03-30", "updatedFromDate": "2023-09-29"}, {"date": "2018-05-03", "symbol": "AT", "eps": 0.07, "epsEstimated": 0.01799, "time": "amc", "revenue": 80000000, "revenueEstimated": 45714285.71428571, "fiscalDateEnding": "2018-03-30", "updatedFromDate": "2023-05-17"}, {"date": "2018-05-03", "symbol": "ESTE", "eps": 0.19, "epsEstimated": 0.15, "time": "amc", "revenue": 40895000, "revenueEstimated": 32289473.684210528, "fiscalDateEnding": "2018-03-30", "updatedFromDate": "2023-09-29"}, {"date": "2018-05-03", "symbol": "ALG", "eps": 1.19, "epsEstimated": 1.47, "time": "bmo", "revenue": 238087000, "revenueEstimated": 282263709.67741936, "fiscalDateEnding": "2018-03-30", "updatedFromDate": "2023-09-29"}, {"date": "2018-05-03", "symbol": "DRH", "eps": 0.02, "epsEstimated": 0.15, "time": "amc", "revenue": 181530000, "revenueEstimated": null, "fiscalDateEnding": "2018-03-30", "updatedFromDate": "2023-09-29"}, {"date": "2018-05-03", "symbol": "MALJF", "eps": 0.3, "epsEstimated": 0.4, "time": "bmo", "revenue": null, "revenueEstimated": null, "fiscalDateEnding": "2018-03-31", "updatedFromDate": "2023-08-16"}, {"date": "2018-05-03", "symbol": "AKE.PA", "eps": 2.57, "epsEstimated": 2.14, "time": "bmo", "revenue": 2172000000, "revenueEstimated": null, "fiscalDateEnding": "2018-03-30", "updatedFromDate": "2023-05-17"}, {"date": "2018-05-03", "symbol": "AMADF", "eps": 0.71, "epsEstimated": 0.71, "time": "bmo", "revenue": null, "revenueEstimated": null, "fiscalDateEnding": "2018-03-31", "updatedFromDate": "2023-05-17"}, {"date": "2018-05-03", "symbol": "WW", "eps": 0.31, "epsEstimated": 0.06, "time": "bmo", "revenue": 408300000, "revenueEstimated": 79006451.61290321, "fiscalDateEnding": "2018-03-30", "updatedFromDate": "2023-09-29"}, {"date": "2018-05-03", "symbol": "HKSAV.HE", "eps": -0.32, "epsEstimated": -0.14, "time": "bmo", "revenue": 411000000, "revenueEstimated": null, "fiscalDateEnding": "2018-03-30", "updatedFromDate": "2023-08-16"}, {"date": "2018-05-03", "symbol": "BNP.TO", "eps": -0.00763, "epsEstimated": -0.00305, "time": "bmo", "revenue": 138388000, "revenueEstimated": 242204000, "fiscalDateEnding": "2018-03-30", "updatedFromDate": "2023-05-17"}, {"date": "2018-05-03", "symbol": "LR.PA", "eps": 0.72, "epsEstimated": 0.7, "time": "bmo", "revenue": 1445200000, "revenueEstimated": null, "fiscalDateEnding": "2018-03-30", "updatedFromDate": "2023-05-17"}, {"date": "2018-05-03", "symbol": "ATGE", "eps": 0.72, "epsEstimated": 0.71, "time": "amc", "revenue": 342193000, "revenueEstimated": 305793055.5555555, "fiscalDateEnding": "2018-03-30", "updatedFromDate": "2023-09-29"}, {"date": "2018-05-03", "symbol": "SGNLF", "eps": null, "epsEstimated": null, "time": "amc", "revenue": null, "revenueEstimated": null, "fiscalDateEnding": "2018-03-31", "updatedFromDate": "2023-08-16"}, {"date": "2018-05-03", "symbol": "099190.KQ", "eps": 232, "epsEstimated": 262.12, "time": "bmo", "revenue": null, "revenueEstimated": null, "fiscalDateEnding": "2018-03-31", "updatedFromDate": "2023-05-17"}, {"date": "2018-05-03", "symbol": "D5IU.SI", "eps": null, "epsEstimated": null, "time": "bmo", "revenue": null, "revenueEstimated": null, "fiscalDateEnding": "2018-03-31", "updatedFromDate": "2023-05-17"}, {"date": "2018-05-03", "symbol": "XXII", "eps": 0.15, "epsEstimated": null, "time": "bmo", "revenue": 6116039, "revenueEstimated": null, "fiscalDateEnding": "2018-03-30", "updatedFromDate": "2023-09-29"}, {"date": "2018-05-03", "symbol": "CTTMF", "eps": 0.11, "epsEstimated": 0.16, "time": "bmo", "revenue": null, "revenueEstimated": null, "fiscalDateEnding": "2018-03-31", "updatedFromDate": "2023-05-17"}, {"date": "2018-05-03", "symbol": "ORBC", "eps": -0.13, "epsEstimated": -0.11, "time": "bmo", "revenue": 67973000, "revenueEstimated": 57513076.92307692, "fiscalDateEnding": "2018-03-30", "updatedFromDate": "2023-05-17"}, {"date": "2018-05-03", "symbol": "ENMPY", "eps": -7.2, "epsEstimated": -9.36, "time": "bmo", "revenue": null, "revenueEstimated": null, "fiscalDateEnding": "2018-03-31", "updatedFromDate": "2023-05-17"}, {"date": "2018-05-03", "symbol": "BFS-PE", "eps": null, "epsEstimated": null, "time": "bmo", "revenue": null, "revenueEstimated": null, "fiscalDateEnding": "2018-03-30", "updatedFromDate": "2023-05-17"}, {"date": "2018-05-03", "symbol": "PCG", "eps": 0.91, "epsEstimated": 1.04, "time": "bmo", "revenue": 4056000000, "revenueEstimated": 4635428571.428571, "fiscalDateEnding": "2018-03-30", "updatedFromDate": "2023-09-29"}, {"date": "2018-05-03", "symbol": "TRVN", "eps": -3.5, "epsEstimated": -4.75, "time": "bmo", "revenue": null, "revenueEstimated": 1458285.714285714, "fiscalDateEnding": "2018-03-30", "updatedFromDate": "2023-09-29"}, {"date": "2018-05-03", "symbol": "206650.KQ", "eps": null, "epsEstimated": null, "time": "bmo", "revenue": null, "revenueEstimated": null, "fiscalDateEnding": "2018-03-31", "updatedFromDate": "2023-05-17"}, {"date": "2018-05-03", "symbol": "IDA", "eps": 0.72, "epsEstimated": 0.7, "time": "bmo", "revenue": 310107000, "revenueEstimated": 301486111.1111111, "fiscalDateEnding": "2018-03-30", "updatedFromDate": "2023-09-29"}, {"date": "2018-05-03", "symbol": "ITGR", "eps": 0.61, "epsEstimated": 0.71, "time": "amc", "revenue": 381745000, "revenueEstimated": 335540983.60655737, "fiscalDateEnding": "2018-03-29", "updatedFromDate": "2023-09-29"}, {"date": "2018-05-03", "symbol": "TACO", "eps": 0.08, "epsEstimated": 0.1, "time": "amc", "revenue": 112554000, "revenueEstimated": 140750000, "fiscalDateEnding": "2018-03-26", "updatedFromDate": "2023-05-17"}, {"date": "2018-05-03", "symbol": "EGFHF", "eps": 0.29, "epsEstimated": null, "time": "bmo", "revenue": null, "revenueEstimated": null, "fiscalDateEnding": "2018-03-31", "updatedFromDate": "2023-05-17"}, {"date": "2018-05-03", "symbol": "CPT", "eps": 0.41, "epsEstimated": 0.45, "time": "amc", "revenue": 230683000, "revenueEstimated": 253207317.07317075, "fiscalDateEnding": "2018-03-30", "updatedFromDate": "2023-09-29"}, {"date": "2018-05-03", "symbol": "BDIMF", "eps": -0.02, "epsEstimated": null, "time": "amc", "revenue": 40944000, "revenueEstimated": null, "fiscalDateEnding": "2018-03-31", "updatedFromDate": "2023-09-29"}, {"date": "2018-05-03", "symbol": "TVAGF", "eps": -0.12, "epsEstimated": -0.18, "time": "bmo", "revenue": null, "revenueEstimated": null, "fiscalDateEnding": "2018-03-31", "updatedFromDate": "2023-08-16"}, {"date": "2018-05-03", "symbol": "AKBLF", "eps": 0.11, "epsEstimated": -0.37, "time": "bmo", "revenue": null, "revenueEstimated": null, "fiscalDateEnding": "2018-03-31", "updatedFromDate": "2023-08-16"}, {"date": "2018-05-03", "symbol": "STAR", "eps": 1.61, "epsEstimated": 0.39, "time": "bmo", "revenue": 364245000, "revenueEstimated": 88222360.24844716, "fiscalDateEnding": "2018-03-30", "updatedFromDate": "2023-05-17"}, {"date": "2018-05-03", "symbol": "CPG", "eps": 0.09, "epsEstimated": 0.05, "time": "bmo", "revenue": 806100000, "revenueEstimated": 331923529.4117648, "fiscalDateEnding": "2018-03-31", "updatedFromDate": "2023-09-29"}, {"date": "2018-05-03", "symbol": "GCTAF", "eps": 0.24, "epsEstimated": null, "time": "bmo", "revenue": 2241533000, "revenueEstimated": null, "fiscalDateEnding": "2018-03-31", "updatedFromDate": "2023-05-17"}, {"date": "2018-05-03", "symbol": "HAYN", "eps": -0.17, "epsEstimated": -0.03643, "time": "amc", "revenue": 110206000, "revenueEstimated": 25929411.76470589, "fiscalDateEnding": "2018-03-30", "updatedFromDate": "2023-09-29"}, {"date": "2018-05-03", "symbol": "PE&OLES.MX", "eps": 0.31, "epsEstimated": 0.24, "time": "bmo", "revenue": null, "revenueEstimated": null, "fiscalDateEnding": "2018-03-31", "updatedFromDate": "2023-05-17"}, {"date": "2018-05-03", "symbol": "001430.KS", "eps": 799.9, "epsEstimated": 824.9, "time": "bmo", "revenue": 829688527000, "revenueEstimated": null, "fiscalDateEnding": "2018-03-30", "updatedFromDate": "2023-05-17"}, {"date": "2018-05-03", "symbol": "SBH", "eps": 0.54, "epsEstimated": 0.56, "time": "bmo", "revenue": 975321000, "revenueEstimated": 1011422222.2222222, "fiscalDateEnding": "2018-03-30", "updatedFromDate": "2023-09-29"}, {"date": "2018-05-03", "symbol": "RATO-B.ST", "eps": -0.46706, "epsEstimated": null, "time": "bmo", "revenue": 4911000000, "revenueEstimated": null, "fiscalDateEnding": "2018-03-30", "updatedFromDate": "2023-05-17"}, {"date": "2018-05-03", "symbol": "BDI.TO", "eps": -0.03, "epsEstimated": -0.07, "time": "bmo", "revenue": 40944000, "revenueEstimated": null, "fiscalDateEnding": "2018-03-30", "updatedFromDate": "2023-05-17"}, {"date": "2018-05-03", "symbol": "DDCCF", "eps": null, "epsEstimated": null, "time": "bmo", "revenue": null, "revenueEstimated": null, "fiscalDateEnding": "2018-03-31", "updatedFromDate": "2023-05-17"}, {"date": "2018-05-03", "symbol": "INUV", "eps": -0.05, "epsEstimated": -0.05, "time": "amc", "revenue": 20503985, "revenueEstimated": 20500000, "fiscalDateEnding": "2018-03-30", "updatedFromDate": "2023-09-29"}, {"date": "2018-05-03", "symbol": "008560.KS", "eps": 151, "epsEstimated": 120, "time": "bmo", "revenue": 274118553840, "revenueEstimated": null, "fiscalDateEnding": "2018-02-03", "updatedFromDate": "2023-10-16"}, {"date": "2018-05-03", "symbol": "APDN", "eps": -2.8, "epsEstimated": -4.8, "time": "amc", "revenue": 1043946, "revenueEstimated": 1782857.142857143, "fiscalDateEnding": "2018-03-30", "updatedFromDate": "2023-09-29"}, {"date": "2018-05-03", "symbol": "GMPXF", "eps": null, "epsEstimated": null, "time": "bmo", "revenue": null, "revenueEstimated": null, "fiscalDateEnding": "2018-03-30", "updatedFromDate": "2023-08-16"}, {"date": "2018-05-03", "symbol": "CEVI.ST", "eps": 0.8, "epsEstimated": 0.82, "time": "bmo", "revenue": 77611000, "revenueEstimated": null, "fiscalDateEnding": "2018-03-30", "updatedFromDate": "2023-05-17"}, {"date": "2018-05-03", "symbol": "CZR", "eps": 0.37, "epsEstimated": 0.43, "time": "amc", "revenue": 440192000, "revenueEstimated": 2775407407.4074073, "fiscalDateEnding": "2018-03-30", "updatedFromDate": "2023-09-29"}, {"date": "2018-05-03", "symbol": "LGRVF", "eps": 0.72, "epsEstimated": 0.7, "time": "bmo", "revenue": 1445200000, "revenueEstimated": null, "fiscalDateEnding": "2018-03-31", "updatedFromDate": "2023-09-29"}, {"date": "2018-05-03", "symbol": "DIS.MI", "eps": null, "epsEstimated": null, "time": "bmo", "revenue": null, "revenueEstimated": null, "fiscalDateEnding": "2018-03-31", "updatedFromDate": "2023-05-17"}, {"date": "2018-05-03", "symbol": "HCMC", "eps": 0, "epsEstimated": null, "time": "amc", "revenue": 14647040, "revenueEstimated": null, "fiscalDateEnding": "2018-03-29", "updatedFromDate": "2023-09-29"}, {"date": "2018-05-03", "symbol": "NWG.ST", "eps": -0.13, "epsEstimated": -0.17, "time": "bmo", "revenue": 474000000, "revenueEstimated": null, "fiscalDateEnding": "2018-03-30", "updatedFromDate": "2023-05-17"}, {"date": "2018-05-03", "symbol": "2186.HK", "eps": null, "epsEstimated": null, "time": "bmo", "revenue": null, "revenueEstimated": null, "fiscalDateEnding": "2018-02-03", "updatedFromDate": "2023-05-17"}, {"date": "2018-05-03", "symbol": "ARZGY", "eps": 0.1821, "epsEstimated": null, "time": "bmo", "revenue": 67930000000, "revenueEstimated": null, "fiscalDateEnding": "2018-02-03", "updatedFromDate": "2023-05-17"}, {"date": "2018-05-03", "symbol": "MEDC.JK", "eps": 0.0009, "epsEstimated": null, "time": "bmo", "revenue": 289665760, "revenueEstimated": null, "fiscalDateEnding": "2018-02-03", "updatedFromDate": "2023-05-17"}, {"date": "2018-05-03", "symbol": "REPYF", "eps": 0.38, "epsEstimated": 0.46, "time": "bmo", "revenue": null, "revenueEstimated": null, "fiscalDateEnding": "2018-03-31", "updatedFromDate": "2023-05-17"}, {"date": "2018-05-03", "symbol": "LPSN", "eps": -0.01, "epsEstimated": -0.002, "time": "amc", "revenue": 61660000, "revenueEstimated": null, "fiscalDateEnding": "2018-02-03", "updatedFromDate": "2023-10-10"}, {"date": "2018-05-03", "symbol": "ACIA", "eps": 0.1, "epsEstimated": 0.06, "time": "amc", "revenue": 72941000, "revenueEstimated": 60176324.25, "fiscalDateEnding": "2018-03-30", "updatedFromDate": "2023-05-17"}, {"date": "2018-05-03", "symbol": "EBKOF", "eps": 0.78, "epsEstimated": 0.72, "time": "bmo", "revenue": null, "revenueEstimated": null, "fiscalDateEnding": "2018-03-31", "updatedFromDate": "2023-05-17"}, {"date": "2018-05-03", "symbol": "NVEE", "eps": 0.59, "epsEstimated": 0.5, "time": "amc", "revenue": 94534000, "revenueEstimated": 73704474.5762712, "fiscalDateEnding": "2018-03-30", "updatedFromDate": "2023-09-29"}, {"date": "2018-05-03", "symbol": "IVR-PC", "eps": 0.39, "epsEstimated": 0.39, "time": "bmo", "revenue": -26120000, "revenueEstimated": null, "fiscalDateEnding": "2018-03-30", "updatedFromDate": "2023-05-17"}, {"date": "2018-05-03", "symbol": "8021.TW", "eps": 0.42, "epsEstimated": 0.36, "time": "bmo", "revenue": 780538000, "revenueEstimated": null, "fiscalDateEnding": "2018-03-30", "updatedFromDate": "2023-05-17"}, {"date": "2018-05-03", "symbol": "CEY.L", "eps": 0.06, "epsEstimated": 0.03, "time": "bmo", "revenue": 123929000, "revenueEstimated": null, "fiscalDateEnding": "2018-02-03", "updatedFromDate": "2023-10-16"}, {"date": "2018-05-03", "symbol": "SRGA", "eps": 0.3, "epsEstimated": 0.2, "time": "bmo", "revenue": 69890000, "revenueEstimated": 69890000, "fiscalDateEnding": "2018-03-30", "updatedFromDate": "2023-09-29"}, {"date": "2018-05-03", "symbol": "Y", "eps": 11.24, "epsEstimated": 8.37, "time": "amc", "revenue": 1584954000, "revenueEstimated": 1086834074.733096, "fiscalDateEnding": "2018-03-30", "updatedFromDate": "2023-05-17"}, {"date": "2018-05-03", "symbol": "CDR-PC", "eps": -0.26, "epsEstimated": null, "time": "bmo", "revenue": null, "revenueEstimated": null, "fiscalDateEnding": "2018-03-30", "updatedFromDate": "2023-05-17"}, {"date": "2018-05-03", "symbol": "CWST", "eps": -0.09228, "epsEstimated": -0.04614, "time": "amc", "revenue": 147455000, "revenueEstimated": 120530001398.07129, "fiscalDateEnding": "2018-03-30", "updatedFromDate": "2023-09-29"}, {"date": "2018-05-03", "symbol": "FREJA.ST", "eps": -0.66618, "epsEstimated": null, "time": "bmo", "revenue": 17737000, "revenueEstimated": null, "fiscalDateEnding": "2018-03-30", "updatedFromDate": "2023-08-16"}, {"date": "2018-05-03", "symbol": "ANXGF", "eps": null, "epsEstimated": null, "time": "bmo", "revenue": null, "revenueEstimated": null, "fiscalDateEnding": "2018-03-31", "updatedFromDate": "2023-05-17"}, {"date": "2018-05-03", "symbol": "IRBR3.SA", "eps": 0.27, "epsEstimated": 0.27, "time": "bmo", "revenue": null, "revenueEstimated": null, "fiscalDateEnding": "2018-03-31", "updatedFromDate": "2023-05-17"}, {"date": "2018-05-03", "symbol": "175330.KS", "eps": 420, "epsEstimated": 410, "time": "bmo", "revenue": 299593000000, "revenueEstimated": null, "fiscalDateEnding": "2018-02-03", "updatedFromDate": "2023-05-17"}, {"date": "2018-05-03", "symbol": "ERF.TO", "eps": 0.12, "epsEstimated": 0.27, "time": "bmo", "revenue": 189371307.330747, "revenueEstimated": null, "fiscalDateEnding": "2018-03-30", "updatedFromDate": "2023-05-17"}, {"date": "2018-05-03", "symbol": "MCHX", "eps": -0.01923, "epsEstimated": -0.00962, "time": "amc", "revenue": 21896000, "revenueEstimated": 18136502.4375, "fiscalDateEnding": "2018-03-30", "updatedFromDate": "2023-09-29"}, {"date": "2018-05-03", "symbol": "CNCE", "eps": -0.19, "epsEstimated": -0.58, "time": "bmo", "revenue": 10479000, "revenueEstimated": 31988526.315789472, "fiscalDateEnding": "2018-03-30", "updatedFromDate": "2023-05-17"}, {"date": "2018-05-03", "symbol": "GCL.TO", "eps": -0.04422, "epsEstimated": null, "time": "bmo", "revenue": 245890000, "revenueEstimated": null, "fiscalDateEnding": "2018-03-30", "updatedFromDate": "2023-05-17"}, {"date": "2018-05-03", "symbol": "CPG.TO", "eps": -0.17, "epsEstimated": 0.07, "time": "bmo", "revenue": 806100000, "revenueEstimated": null, "fiscalDateEnding": "2018-03-30", "updatedFromDate": "2023-05-17"}, {"date": "2018-05-03", "symbol": "SRG-PA", "eps": null, "epsEstimated": null, "time": "bmo", "revenue": null, "revenueEstimated": null, "fiscalDateEnding": "2018-03-30", "updatedFromDate": "2023-05-17"}, {"date": "2018-05-03", "symbol": "MAIN", "eps": 0.63, "epsEstimated": 0.59, "time": "amc", "revenue": 40881000, "revenueEstimated": 52388253.96825397, "fiscalDateEnding": "2018-03-30", "updatedFromDate": "2023-09-29"}, {"date": "2018-05-03", "symbol": "PTGIF", "eps": null, "epsEstimated": null, "time": "bmo", "revenue": null, "revenueEstimated": null, "fiscalDateEnding": "2018-03-31", "updatedFromDate": "2023-05-17"}, {"date": "2018-05-03", "symbol": "TES.MI", "eps": null, "epsEstimated": null, "time": "bmo", "revenue": null, "revenueEstimated": null, "fiscalDateEnding": "2018-03-31", "updatedFromDate": "2023-05-17"}, {"date": "2018-05-03", "symbol": "RF.PA", "eps": 0.839, "epsEstimated": null, "time": "bmo", "revenue": 1091600750, "revenueEstimated": null, "fiscalDateEnding": "2018-02-03", "updatedFromDate": "2023-05-17"}, {"date": "2018-05-03", "symbol": "HASI", "eps": 0.27, "epsEstimated": 0.31, "time": "amc", "revenue": 6912000, "revenueEstimated": 32044814.814814813, "fiscalDateEnding": "2018-03-30", "updatedFromDate": "2023-09-29"}, {"date": "2018-05-03", "symbol": "UEIC", "eps": 0.62, "epsEstimated": 0.64, "time": "amc", "revenue": 164698000, "revenueEstimated": 170012903.22580644, "fiscalDateEnding": "2018-03-30", "updatedFromDate": "2023-09-29"}, {"date": "2018-05-03", "symbol": "PK", "eps": 0.71, "epsEstimated": 0.62, "time": "amc", "revenue": 668000000, "revenueEstimated": 225802816.90140843, "fiscalDateEnding": "2018-03-30", "updatedFromDate": "2023-09-29"}, {"date": "2018-05-03", "symbol": "SCST.ST", "eps": 0.674, "epsEstimated": null, "time": "bmo", "revenue": 2116000000, "revenueEstimated": null, "fiscalDateEnding": "2018-03-30", "updatedFromDate": "2023-05-17"}, {"date": "2018-05-03", "symbol": "CVGI", "eps": 0.32, "epsEstimated": 0.21, "time": "amc", "revenue": 215734000, "revenueEstimated": 141575437.5, "fiscalDateEnding": "2018-03-30", "updatedFromDate": "2023-09-29"}, {"date": "2018-05-03", "symbol": "8341.TW", "eps": 1.4, "epsEstimated": 1.53, "time": "bmo", "revenue": 485546000, "revenueEstimated": null, "fiscalDateEnding": "2018-03-30", "updatedFromDate": "2023-05-17"}, {"date": "2018-05-03", "symbol": "GBLB.BR", "eps": 1.7, "epsEstimated": null, "time": "bmo", "revenue": 1478800000, "revenueEstimated": null, "fiscalDateEnding": "2018-02-03", "updatedFromDate": "2023-05-17"}, {"date": "2018-05-03", "symbol": "OR.TO", "eps": 0.06, "epsEstimated": 0.02867, "time": "bmo", "revenue": 125614000, "revenueEstimated": null, "fiscalDateEnding": "2018-03-30", "updatedFromDate": "2023-05-17"}, {"date": "2018-05-03", "symbol": "EPAY", "eps": 0.3, "epsEstimated": 0.25, "time": "amc", "revenue": 101136000, "revenueEstimated": 84280000, "fiscalDateEnding": "2018-03-30", "updatedFromDate": "2023-05-17"}, {"date": "2018-05-03", "symbol": "BYMOF", "eps": 3.47, "epsEstimated": 3.09, "time": "bmo", "revenue": null, "revenueEstimated": null, "fiscalDateEnding": "2018-03-31", "updatedFromDate": "2023-05-17"}, {"date": "2018-05-03", "symbol": "IRIX", "eps": -0.31, "epsEstimated": -0.33, "time": "amc", "revenue": 9509000, "revenueEstimated": 10122483.870967742, "fiscalDateEnding": "2018-03-30", "updatedFromDate": "2023-09-29"}, {"date": "2018-05-03", "symbol": "NMRK", "eps": 0.22, "epsEstimated": 0.23, "time": "bmo", "revenue": 430460000, "revenueEstimated": 352227272.7272727, "fiscalDateEnding": "2018-03-30", "updatedFromDate": "2023-09-29"}, {"date": "2018-05-03", "symbol": "ASELS.IS", "eps": 0.2847, "epsEstimated": null, "time": "bmo", "revenue": 1914577000, "revenueEstimated": null, "fiscalDateEnding": "2018-02-03", "updatedFromDate": "2023-05-17"}, {"date": "2018-05-03", "symbol": "STLJF", "eps": 0.33, "epsEstimated": 0.38, "time": "bmo", "revenue": null, "revenueEstimated": null, "fiscalDateEnding": "2018-03-30", "updatedFromDate": "2023-08-16"}, {"date": "2018-05-03", "symbol": "GMPXD", "eps": null, "epsEstimated": null, "time": "bmo", "revenue": null, "revenueEstimated": null, "fiscalDateEnding": "2018-03-31", "updatedFromDate": "2023-08-16"}, {"date": "2018-05-03", "symbol": "BALL", "eps": 0.5, "epsEstimated": 0.45, "time": "bmo", "revenue": 2785000000, "revenueEstimated": null, "fiscalDateEnding": "2018-03-30", "updatedFromDate": "2023-09-29"}, {"date": "2018-05-03", "symbol": "CEGMF", "eps": -0.01, "epsEstimated": null, "time": "amc", "revenue": null, "revenueEstimated": null, "fiscalDateEnding": "2018-06-30", "updatedFromDate": "2023-09-29"}, {"date": "2018-05-03", "symbol": "BBX", "eps": 0.11, "epsEstimated": 0.1, "time": "bmo", "revenue": 213972000, "revenueEstimated": 174636363.63636366, "fiscalDateEnding": "2018-03-30", "updatedFromDate": "2023-05-17"}, {"date": "2018-05-03", "symbol": "U96.SI", "eps": 0.04, "epsEstimated": 0.06, "time": "bmo", "revenue": 2275261000, "revenueEstimated": null, "fiscalDateEnding": "2018-02-03", "updatedFromDate": "2023-08-16"}, {"date": "2018-05-03", "symbol": "GOVB", "eps": 0.23, "epsEstimated": null, "time": "bmo", "revenue": null, "revenueEstimated": null, "fiscalDateEnding": "2018-03-30", "updatedFromDate": "2023-09-29"}, {"date": "2018-05-03", "symbol": "BSIG", "eps": 0.5, "epsEstimated": 0.45, "time": "bmo", "revenue": 249700000, "revenueEstimated": 227986956, "fiscalDateEnding": "2018-03-31", "updatedFromDate": "2023-09-29"}, {"date": "2018-05-03", "symbol": "3708.TW", "eps": -0.47, "epsEstimated": 0.27, "time": "bmo", "revenue": 1148805000, "revenueEstimated": null, "fiscalDateEnding": "2018-03-30", "updatedFromDate": "2023-05-17"}, {"date": "2018-05-03", "symbol": "APPN", "eps": -0.12, "epsEstimated": -0.18, "time": "amc", "revenue": 51696000, "revenueEstimated": 77544000, "fiscalDateEnding": "2018-03-30", "updatedFromDate": "2023-09-29"}, {"date": "2018-05-03", "symbol": "MDM.PA", "eps": 0.3031, "epsEstimated": null, "time": "bmo", "revenue": 1143138000, "revenueEstimated": null, "fiscalDateEnding": "2018-03-31", "updatedFromDate": "2023-05-17"}, {"date": "2018-05-03", "symbol": "BTE.TO", "eps": -0.27, "epsEstimated": -0.12, "time": "bmo", "revenue": 286067000, "revenueEstimated": 154491111.1111111, "fiscalDateEnding": "2018-03-30", "updatedFromDate": "2023-05-17"}, {"date": "2018-05-03", "symbol": "WWE", "eps": 0.18, "epsEstimated": 0.13, "time": "bmo", "revenue": 187721000, "revenueEstimated": 135561111.11111113, "fiscalDateEnding": "2018-03-30", "updatedFromDate": "2023-09-29"}, {"date": "2018-05-03", "symbol": "FMS", "eps": 0.56, "epsEstimated": 0.74, "time": "amc", "revenue": 3976000000, "revenueEstimated": 4953242688, "fiscalDateEnding": "2018-03-31", "updatedFromDate": "2023-09-29"}, {"date": "2018-05-03", "symbol": "ISR", "eps": -0.02, "epsEstimated": -0.01667, "time": "bmo", "revenue": 1603000, "revenueEstimated": 1570000, "fiscalDateEnding": "2018-06-29", "updatedFromDate": "2023-10-16"}, {"date": "2018-05-03", "symbol": "SCHA.OL", "eps": 0.72, "epsEstimated": 1.13, "time": "bmo", "revenue": 4357000000, "revenueEstimated": null, "fiscalDateEnding": "2018-03-30", "updatedFromDate": "2023-05-17"}, {"date": "2018-05-03", "symbol": "GIAA.JK", "eps": -0.00252, "epsEstimated": null, "time": "bmo", "revenue": 983006341, "revenueEstimated": null, "fiscalDateEnding": "2018-03-30", "updatedFromDate": "2023-05-17"}, {"date": "2018-05-03", "symbol": "LEHTO.HE", "eps": 0.02537, "epsEstimated": 0.11, "time": "bmo", "revenue": 721480000, "revenueEstimated": null, "fiscalDateEnding": "2018-02-03", "updatedFromDate": "2023-05-17"}, {"date": "2018-05-03", "symbol": "COLO-B.CO", "eps": 4.32, "epsEstimated": 4.52, "time": "bmo", "revenue": 4035000000, "revenueEstimated": null, "fiscalDateEnding": "2018-03-30", "updatedFromDate": "2023-07-24"}, {"date": "2018-05-03", "symbol": "GSBD", "eps": 0.47, "epsEstimated": 0.47, "time": "amc", "revenue": 20494000, "revenueEstimated": 35540000, "fiscalDateEnding": "2018-03-30", "updatedFromDate": "2023-09-29"}, {"date": "2018-05-03", "symbol": "HLF", "eps": 0.7, "epsEstimated": 0.56, "time": "amc", "revenue": 1176900000, "revenueEstimated": 941520000.0000002, "fiscalDateEnding": "2018-03-30", "updatedFromDate": "2023-09-29"}, {"date": "2018-05-03", "symbol": "ATOM", "eps": -0.26, "epsEstimated": null, "time": "amc", "revenue": null, "revenueEstimated": null, "fiscalDateEnding": "2018-03-30", "updatedFromDate": "2023-09-29"}, {"date": "2018-05-03", "symbol": "FSOYF", "eps": null, "epsEstimated": null, "time": "bmo", "revenue": null, "revenueEstimated": null, "fiscalDateEnding": "2018-03-31", "updatedFromDate": "2023-05-17"}, {"date": "2018-05-03", "symbol": "CATX", "eps": -0.02, "epsEstimated": -0.01667, "time": "bmo", "revenue": 1904000, "revenueEstimated": 1570000, "fiscalDateEnding": "2018-02-03", "updatedFromDate": "2023-10-16"}, {"date": "2018-05-03", "symbol": "LRE.L", "eps": 0.21, "epsEstimated": 0.17, "time": "bmo", "revenue": 112100000, "revenueEstimated": null, "fiscalDateEnding": "2018-02-03", "updatedFromDate": "2023-05-17"}, {"date": "2018-05-03", "symbol": "KNSL", "eps": 0.38, "epsEstimated": 0.38, "time": "amc", "revenue": 50126000, "revenueEstimated": 48060000, "fiscalDateEnding": "2018-03-30", "updatedFromDate": "2023-09-29"}, {"date": "2018-05-03", "symbol": "PBFX", "eps": 0.43, "epsEstimated": 0.49, "time": "bmo", "revenue": 64039000, "revenueEstimated": 72975813.95348838, "fiscalDateEnding": "2018-03-30", "updatedFromDate": "2023-08-16"}, {"date": "2018-05-03", "symbol": "AHT-PI", "eps": -0.39, "epsEstimated": -0.39, "time": "bmo", "revenue": 342207000, "revenueEstimated": null, "fiscalDateEnding": "2018-03-30", "updatedFromDate": "2023-05-17"}, {"date": "2018-05-03", "symbol": "JGHAF", "eps": 0.38, "epsEstimated": 0.43, "time": "bmo", "revenue": null, "revenueEstimated": null, "fiscalDateEnding": "2018-03-31", "updatedFromDate": "2023-05-17"}, {"date": "2018-05-03", "symbol": "CFX", "eps": 0.48, "epsEstimated": 0.42, "time": "bmo", "revenue": 880925000, "revenueEstimated": 770809375, "fiscalDateEnding": "2018-03-29", "updatedFromDate": "2023-05-17"}, {"date": "2018-05-03", "symbol": "METSB.HE", "eps": 0.15, "epsEstimated": 0.14, "time": "bmo", "revenue": 492300000, "revenueEstimated": null, "fiscalDateEnding": "2018-03-30", "updatedFromDate": "2023-05-17"}, {"date": "2018-05-03", "symbol": "MTUAY", "eps": 1.45, "epsEstimated": null, "time": "bmo", "revenue": null, "revenueEstimated": null, "fiscalDateEnding": "2018-02-03", "updatedFromDate": "2023-09-29"}, {"date": "2018-05-03", "symbol": "CPSI", "eps": 0.59, "epsEstimated": 0.37, "time": "amc", "revenue": 70882000, "revenueEstimated": 46852881.355932206, "fiscalDateEnding": "2018-03-30", "updatedFromDate": "2023-09-29"}, {"date": "2018-05-03", "symbol": "SCGLF", "eps": 1.06, "epsEstimated": 1.02, "time": "bmo", "revenue": null, "revenueEstimated": null, "fiscalDateEnding": "2018-03-31", "updatedFromDate": "2023-05-17"}, {"date": "2018-05-03", "symbol": "MDC", "eps": 0.58, "epsEstimated": 0.45, "time": "bmo", "revenue": 626723000, "revenueEstimated": 487433333.3333333, "fiscalDateEnding": "2018-03-30", "updatedFromDate": "2023-09-29"}, {"date": "2018-05-03", "symbol": "GRF.MC", "eps": 0.24, "epsEstimated": 0.22, "time": "bmo", "revenue": 1023012000, "revenueEstimated": null, "fiscalDateEnding": "2018-03-30", "updatedFromDate": "2023-08-16"}, {"date": "2018-05-03", "symbol": "ARMX.AE", "eps": 0.07, "epsEstimated": 0.08, "time": "bmo", "revenue": null, "revenueEstimated": null, "fiscalDateEnding": "2018-03-31", "updatedFromDate": "2023-08-16"}, {"date": "2018-05-03", "symbol": "ADNT", "eps": 1.85, "epsEstimated": 1.89, "time": "bmo", "revenue": 4596000000, "revenueEstimated": 4745059459.459459, "fiscalDateEnding": "2018-03-30", "updatedFromDate": "2023-09-29"}, {"date": "2018-05-03", "symbol": "MFNC", "eps": 0.28, "epsEstimated": 0.28, "time": "bmo", "revenue": 9797000, "revenueEstimated": 9920000, "fiscalDateEnding": "2018-03-30", "updatedFromDate": "2023-05-17"}, {"date": "2018-05-03", "symbol": "ECOL", "eps": 0.36, "epsEstimated": 0.37, "time": "amc", "revenue": 120059000, "revenueEstimated": 123303837, "fiscalDateEnding": "2018-03-30", "updatedFromDate": "2023-05-17"}, {"date": "2018-05-03", "symbol": "JBSS", "eps": 0.75, "epsEstimated": 0.7, "time": "amc", "revenue": 203181000, "revenueEstimated": 189279999.99999997, "fiscalDateEnding": "2018-03-28", "updatedFromDate": "2023-10-16"}, {"date": "2018-05-03", "symbol": "LUMO", "eps": 4.41, "epsEstimated": 4.95, "time": "bmo", "revenue": 9900000, "revenueEstimated": 10980000, "fiscalDateEnding": "2018-03-30", "updatedFromDate": "2023-09-29"}, {"date": "2018-05-03", "symbol": "PCELL.ST", "eps": -0.4, "epsEstimated": -0.4, "time": "bmo", "revenue": null, "revenueEstimated": null, "fiscalDateEnding": "2018-03-31", "updatedFromDate": "2023-05-17"}, {"date": "2018-05-03", "symbol": "PWR", "eps": 0.4, "epsEstimated": 0.32, "time": "bmo", "revenue": 2417576000, "revenueEstimated": 1934079999.9999998, "fiscalDateEnding": "2018-03-30", "updatedFromDate": "2023-09-29"}, {"date": "2018-05-03", "symbol": "VWSYF", "eps": 0.5, "epsEstimated": 0.47, "time": "bmo", "revenue": null, "revenueEstimated": null, "fiscalDateEnding": "2018-03-31", "updatedFromDate": "2023-08-16"}, {"date": "2018-05-03", "symbol": "IEP", "eps": 0.77, "epsEstimated": 0.58, "time": "bmo", "revenue": 4913000000, "revenueEstimated": 1992232558.1395347, "fiscalDateEnding": "2018-03-30", "updatedFromDate": "2023-09-29"}, {"date": "2018-05-03", "symbol": "GTHX", "eps": -0.7, "epsEstimated": -0.64, "time": "bmo", "revenue": null, "revenueEstimated": 283500, "fiscalDateEnding": "2018-03-30", "updatedFromDate": "2023-09-29"}, {"date": "2018-05-03", "symbol": "EBS", "eps": -0.03, "epsEstimated": 0.3, "time": "amc", "revenue": 117814000, "revenueEstimated": 863866666.6666667, "fiscalDateEnding": "2018-03-30", "updatedFromDate": "2023-09-29"}, {"date": "2018-05-03", "symbol": "EFX.TO", "eps": 0.12, "epsEstimated": 0.24, "time": "bmo", "revenue": 385780000, "revenueEstimated": null, "fiscalDateEnding": "2018-03-30", "updatedFromDate": "2023-05-17"}, {"date": "2018-05-03", "symbol": "LPLA", "eps": 1.01, "epsEstimated": 0.78, "time": "amc", "revenue": 434361000, "revenueEstimated": 872475675.6756756, "fiscalDateEnding": "2018-03-30", "updatedFromDate": "2023-09-29"}, {"date": "2018-05-03", "symbol": "SRCL", "eps": 1.21, "epsEstimated": 1.04, "time": "amc", "revenue": 895000000, "revenueEstimated": 776652892.5619835, "fiscalDateEnding": "2018-03-30", "updatedFromDate": "2023-09-29"}, {"date": "2018-05-03", "symbol": "AFLT.ME", "eps": 4.55, "epsEstimated": null, "time": "bmo", "revenue": 153880000000, "revenueEstimated": null, "fiscalDateEnding": "2018-02-03", "updatedFromDate": "2023-05-17"}, {"date": "2018-05-03", "symbol": "XHR", "eps": 0.52, "epsEstimated": 0.5, "time": "bmo", "revenue": 264498000, "revenueEstimated": 81384615.38461539, "fiscalDateEnding": "2018-03-30", "updatedFromDate": "2023-09-29"}, {"date": "2018-05-03", "symbol": "MSGN", "eps": 0.62, "epsEstimated": 0.63, "time": "bmo", "revenue": 186568000, "revenueEstimated": 189577161.29032257, "fiscalDateEnding": "2018-03-30", "updatedFromDate": "2023-05-17"}, {"date": "2018-05-03", "symbol": "PEAK", "eps": 0.08, "epsEstimated": 0.15, "time": "bmo", "revenue": 479197000, "revenueEstimated": 898500000, "fiscalDateEnding": "2018-03-30", "updatedFromDate": "2023-09-29"}, {"date": "2018-05-03", "symbol": "8010.SR", "eps": 0.3354, "epsEstimated": null, "time": "bmo", "revenue": 1878836000, "revenueEstimated": null, "fiscalDateEnding": "2018-03-30", "updatedFromDate": "2023-05-17"}, {"date": "2018-05-03", "symbol": "IRMTF", "eps": 0.15, "epsEstimated": 0.21, "time": "amc", "revenue": null, "revenueEstimated": null, "fiscalDateEnding": "2018-03-31", "updatedFromDate": "2023-08-16"}, {"date": "2018-05-03", "symbol": "3376.TW", "eps": 0.43, "epsEstimated": 1.06, "time": "bmo", "revenue": 1857003000, "revenueEstimated": null, "fiscalDateEnding": "2018-03-30", "updatedFromDate": "2023-05-17"}, {"date": "2018-05-03", "symbol": "CAH", "eps": 1.39, "epsEstimated": 1.51, "time": "bmo", "revenue": 33633000000, "revenueEstimated": 36536568345.323746, "fiscalDateEnding": "2018-03-30", "updatedFromDate": "2023-10-16"}, {"date": "2018-05-03", "symbol": "003070.KS", "eps": 54, "epsEstimated": 151.88, "time": "bmo", "revenue": 896154439000, "revenueEstimated": null, "fiscalDateEnding": "2018-03-30", "updatedFromDate": "2023-08-16"}, {"date": "2018-05-03", "symbol": "ENOV", "eps": 1.44, "epsEstimated": 1.27, "time": "bmo", "revenue": 880925000, "revenueEstimated": null, "fiscalDateEnding": "2018-03-29", "updatedFromDate": "2023-09-29"}, {"date": "2018-05-03", "symbol": "LNG", "eps": 1.5, "epsEstimated": 0.56, "time": "bmo", "revenue": 2242000000, "revenueEstimated": 837013333.3333335, "fiscalDateEnding": "2018-03-30", "updatedFromDate": "2023-09-29"}, {"date": "2018-05-03", "symbol": "ATXI", "eps": -15.44, "epsEstimated": -10.19, "time": "bmo", "revenue": null, "revenueEstimated": null, "fiscalDateEnding": "2018-03-30", "updatedFromDate": "2023-09-29"}, {"date": "2018-05-03", "symbol": "ARES", "eps": 0.37, "epsEstimated": 0.37, "time": "bmo", "revenue": 266089000, "revenueEstimated": 364640481.48148143, "fiscalDateEnding": "2018-03-30", "updatedFromDate": "2023-09-29"}, {"date": "2018-05-03", "symbol": "TPIC", "eps": 0.24, "epsEstimated": 0.02, "time": "amc", "revenue": 253981000, "revenueEstimated": 21165083.333333313, "fiscalDateEnding": "2018-03-30", "updatedFromDate": "2023-09-29"}, {"date": "2018-05-03", "symbol": "DERM", "eps": 1.42, "epsEstimated": 1.36, "time": "bmo", "revenue": 299000, "revenueEstimated": null, "fiscalDateEnding": "2018-03-30", "updatedFromDate": "2023-09-29"}, {"date": "2018-05-03", "symbol": "CC3.SI", "eps": 0.03, "epsEstimated": 0.03529, "time": "bmo", "revenue": null, "revenueEstimated": null, "fiscalDateEnding": "2018-03-31", "updatedFromDate": "2023-05-17"}, {"date": "2018-05-03", "symbol": "CYBR", "eps": 0.32, "epsEstimated": 0.21, "time": "amc", "revenue": 71783000, "revenueEstimated": 56400928.5, "fiscalDateEnding": "2018-03-31", "updatedFromDate": "2023-09-29"}, {"date": "2018-05-03", "symbol": "ALRM", "eps": 0.34, "epsEstimated": 0.27, "time": "amc", "revenue": 92756000, "revenueEstimated": 73694117.64705881, "fiscalDateEnding": "2018-03-30", "updatedFromDate": "2023-09-29"}, {"date": "2018-05-03", "symbol": "CAMRF", "eps": -0.89, "epsEstimated": -1.1, "time": "bmo", "revenue": null, "revenueEstimated": null, "fiscalDateEnding": "2018-03-31", "updatedFromDate": "2023-08-16"}, {"date": "2018-05-03", "symbol": "GNE-PA", "eps": 0.2533, "epsEstimated": null, "time": "bmo", "revenue": 89268000, "revenueEstimated": null, "fiscalDateEnding": "2018-03-30", "updatedFromDate": "2023-10-16"}, {"date": "2018-05-03", "symbol": "SAFE", "eps": 10.06, "epsEstimated": 1.88, "time": "bmo", "revenue": 11693000, "revenueEstimated": 7598499.999999999, "fiscalDateEnding": "2018-03-30", "updatedFromDate": "2023-09-29"}, {"date": "2018-05-03", "symbol": "EARN", "eps": 0.34, "epsEstimated": 0.39, "time": "amc", "revenue": 3213000, "revenueEstimated": 15800000, "fiscalDateEnding": "2018-02-03", "updatedFromDate": "2023-10-10"}, {"date": "2018-05-03", "symbol": "ETTE.HE", "eps": 0.13, "epsEstimated": 0.13, "time": "bmo", "revenue": 58964000, "revenueEstimated": null, "fiscalDateEnding": "2018-03-30", "updatedFromDate": "2023-05-17"}, {"date": "2018-05-03", "symbol": "ATH-PC", "eps": 1.21, "epsEstimated": 1.24, "time": "bmo", "revenue": null, "revenueEstimated": null, "fiscalDateEnding": "2017-12-31", "updatedFromDate": "2023-05-17"}, {"date": "2018-05-03", "symbol": "ZAL.OL", "eps": 0.35, "epsEstimated": 0.41, "time": "bmo", "revenue": 186167000, "revenueEstimated": null, "fiscalDateEnding": "2018-03-31", "updatedFromDate": "2023-08-16"}, {"date": "2018-05-03", "symbol": "CELTF", "eps": 0.03, "epsEstimated": null, "time": "bmo", "revenue": 123929000, "revenueEstimated": null, "fiscalDateEnding": "2018-02-03", "updatedFromDate": "2023-09-29"}, {"date": "2018-05-03", "symbol": "CGBD", "eps": 0.4, "epsEstimated": 0.4, "time": "amc", "revenue": 23075000, "revenueEstimated": 47480000, "fiscalDateEnding": "2018-03-30", "updatedFromDate": "2023-09-29"}, {"date": "2018-05-03", "symbol": "ATH", "eps": 1.21, "epsEstimated": 1.24, "time": "amc", "revenue": 1011000000, "revenueEstimated": 389421487.60330576, "fiscalDateEnding": "2018-03-30", "updatedFromDate": "2023-08-16"}, {"date": "2018-05-03", "symbol": "ZEUS", "eps": 0.7, "epsEstimated": 0.68, "time": "bmo", "revenue": 375598000, "revenueEstimated": 381203940.29850745, "fiscalDateEnding": "2018-03-30", "updatedFromDate": "2023-09-29"}, {"date": "2018-05-03", "symbol": "PRSEF", "eps": 0.18, "epsEstimated": 0.0252, "time": "bmo", "revenue": null, "revenueEstimated": null, "fiscalDateEnding": "2018-03-31", "updatedFromDate": "2023-08-16"}, {"date": "2018-05-03", "symbol": "UPNRF", "eps": 0.11, "epsEstimated": 0.13, "time": "bmo", "revenue": null, "revenueEstimated": null, "fiscalDateEnding": "2018-03-31", "updatedFromDate": "2023-05-17"}, {"date": "2018-05-03", "symbol": "GEBN.SW", "eps": 4.8, "epsEstimated": 5.01, "time": "bmo", "revenue": null, "revenueEstimated": null, "fiscalDateEnding": "2018-02-03", "updatedFromDate": "2023-08-16"}, {"date": "2018-05-03", "symbol": "ABMD", "eps": 0.8, "epsEstimated": 0.64, "time": "bmo", "revenue": 174436000, "revenueEstimated": 139548800, "fiscalDateEnding": "2018-03-30", "updatedFromDate": "2023-09-29"}, {"date": "2018-05-03", "symbol": "EFXT", "eps": 0.12, "epsEstimated": 0.24, "time": "bmo", "revenue": 385780000, "revenueEstimated": null, "fiscalDateEnding": "2018-03-31", "updatedFromDate": "2023-09-29"}, {"date": "2018-05-03", "symbol": "CIM-PD", "eps": 0.58, "epsEstimated": 0.62, "time": "bmo", "revenue": 244359000, "revenueEstimated": null, "fiscalDateEnding": "2018-03-30", "updatedFromDate": "2023-05-17"}, {"date": "2018-05-03", "symbol": "CLPBF", "eps": 4.32, "epsEstimated": 4.5, "time": "bmo", "revenue": null, "revenueEstimated": null, "fiscalDateEnding": "2018-03-31", "updatedFromDate": "2023-08-16"}, {"date": "2018-05-03", "symbol": "BVH", "eps": 0.55, "epsEstimated": 0.48, "time": "bmo", "revenue": 192055000, "revenueEstimated": 192574800, "fiscalDateEnding": "2018-03-30", "updatedFromDate": "2023-10-12"}, {"date": "2018-05-03", "symbol": "DMLP", "eps": 0.33, "epsEstimated": null, "time": "bmo", "revenue": 15883000, "revenueEstimated": null, "fiscalDateEnding": "2018-03-30", "updatedFromDate": "2023-09-29"}, {"date": "2018-05-03", "symbol": "VAC", "eps": 1.39, "epsEstimated": 1.54, "time": "bmo", "revenue": 570849000, "revenueEstimated": 632397122.3021584, "fiscalDateEnding": "2018-03-30", "updatedFromDate": "2023-09-29"}, {"date": "2018-05-03", "symbol": "TACT", "eps": 0.09, "epsEstimated": 0.12, "time": "amc", "revenue": 12243000, "revenueEstimated": 16320000, "fiscalDateEnding": "2018-03-30", "updatedFromDate": "2023-09-29"}, {"date": "2018-05-03", "symbol": "SNC.TO", "eps": 0.51, "epsEstimated": 0.55, "time": "bmo", "revenue": 2431394000, "revenueEstimated": null, "fiscalDateEnding": "2018-03-30", "updatedFromDate": "2023-05-17"}, {"date": "2018-05-03", "symbol": "MSI", "eps": 1.1, "epsEstimated": 0.86, "time": "amc", "revenue": 1468000000, "revenueEstimated": 1161054545.4545453, "fiscalDateEnding": "2018-03-30", "updatedFromDate": "2023-09-29"}, {"date": "2018-05-03", "symbol": "WLKP", "eps": 0.36, "epsEstimated": 0.45, "time": "bmo", "revenue": 284272000, "revenueEstimated": 355375000, "fiscalDateEnding": "2018-03-30", "updatedFromDate": "2023-09-29"}, {"date": "2018-05-03", "symbol": "BKH", "eps": 1.63, "epsEstimated": 1.55, "time": "amc", "revenue": 575400000, "revenueEstimated": 529509202.4539877, "fiscalDateEnding": "2018-03-30", "updatedFromDate": "2023-09-29"}, {"date": "2018-05-03", "symbol": "SSREF", "eps": null, "epsEstimated": 2.03, "time": "bmo", "revenue": null, "revenueEstimated": null, "fiscalDateEnding": "2018-03-31", "updatedFromDate": "2023-08-16"}, {"date": "2018-05-03", "symbol": "PRA", "eps": 0.4, "epsEstimated": 0.43, "time": "amc", "revenue": 199392000, "revenueEstimated": 208889999.99999997, "fiscalDateEnding": "2018-03-30", "updatedFromDate": "2023-09-29"}, {"date": "2018-05-03", "symbol": "APEN", "eps": -0.47, "epsEstimated": -0.4, "time": "amc", "revenue": 15743000, "revenueEstimated": 13395744.680851066, "fiscalDateEnding": "2018-03-30", "updatedFromDate": "2023-05-17"}, {"date": "2018-05-03", "symbol": "GTT", "eps": -0.69, "epsEstimated": -0.05, "time": "bmo", "revenue": 260700000, "revenueEstimated": 18891304.347826112, "fiscalDateEnding": "2018-03-30", "updatedFromDate": "2023-05-17"}, {"date": "2018-05-03", "symbol": "BAP", "eps": 4.02, "epsEstimated": 3.92, "time": "amc", "revenue": 3349973000, "revenueEstimated": 3471638805.970149, "fiscalDateEnding": "2018-03-31", "updatedFromDate": "2023-09-29"}, {"date": "2018-05-03", "symbol": "ACR", "eps": 0.3, "epsEstimated": 0.73, "time": "amc", "revenue": 3353000, "revenueEstimated": null, "fiscalDateEnding": "2018-03-30", "updatedFromDate": "2023-09-29"}, {"date": "2018-05-03", "symbol": "240810.KQ", "eps": 596, "epsEstimated": 767.46, "time": "bmo", "revenue": null, "revenueEstimated": null, "fiscalDateEnding": "2018-03-31", "updatedFromDate": "2023-05-17"}, {"date": "2018-05-03", "symbol": "SCIA", "eps": 0.02, "epsEstimated": null, "time": "bmo", "revenue": 1846858, "revenueEstimated": null, "fiscalDateEnding": "2018-03-30", "updatedFromDate": "2023-09-29"}, {"date": "2018-05-03", "symbol": "BERY", "eps": 0.84, "epsEstimated": 0.86, "time": "bmo", "revenue": 1967000000, "revenueEstimated": 2013833333.3333333, "fiscalDateEnding": "2018-03-30", "updatedFromDate": "2023-09-29"}, {"date": "2018-05-03", "symbol": "ZAYO", "eps": 0.09, "epsEstimated": 0.1, "time": "bmo", "revenue": 649400000, "revenueEstimated": 721555555.5555556, "fiscalDateEnding": "2018-03-30", "updatedFromDate": "2023-05-17"}, {"date": "2018-05-03", "symbol": "MT.MI", "eps": null, "epsEstimated": null, "time": "bmo", "revenue": null, "revenueEstimated": null, "fiscalDateEnding": "2018-03-31", "updatedFromDate": "2023-08-16"}, {"date": "2018-05-03", "symbol": "SM", "eps": 0.07, "epsEstimated": 0.03771, "time": "amc", "revenue": 384226000, "revenueEstimated": 356609752.875, "fiscalDateEnding": "2018-03-30", "updatedFromDate": "2023-09-29"}, {"date": "2018-05-03", "symbol": "TPX", "eps": 0.11, "epsEstimated": 0.12, "time": "bmo", "revenue": 648000000, "revenueEstimated": 728457142.8571428, "fiscalDateEnding": "2018-03-30", "updatedFromDate": "2023-09-29"}, {"date": "2018-05-03", "symbol": "TEVA.TA", "eps": 1.1, "epsEstimated": null, "time": "bmo", "revenue": 5065000000, "revenueEstimated": null, "fiscalDateEnding": "2018-03-31", "updatedFromDate": "2023-10-16"}, {"date": "2018-05-03", "symbol": "FTNT", "eps": 0.07, "epsEstimated": 0.05, "time": "amc", "revenue": 399000000, "revenueEstimated": 290181818.1818182, "fiscalDateEnding": "2018-03-30", "updatedFromDate": "2023-09-29"}, {"date": "2018-05-03", "symbol": "020560.KS", "eps": -28, "epsEstimated": 106.03, "time": "bmo", "revenue": 1642897651000, "revenueEstimated": null, "fiscalDateEnding": "2018-02-03", "updatedFromDate": "2023-05-17"}, {"date": "2018-05-03", "symbol": "FNMA", "eps": 0.56, "epsEstimated": null, "time": "bmo", "revenue": 6847000000, "revenueEstimated": null, "fiscalDateEnding": "2018-03-30", "updatedFromDate": "2023-09-29"}, {"date": "2018-05-03", "symbol": "FLT", "eps": 2.5, "epsEstimated": 2.37, "time": "amc", "revenue": 585500000, "revenueEstimated": 555054000, "fiscalDateEnding": "2018-03-30", "updatedFromDate": "2023-09-29"}, {"date": "2018-05-03", "symbol": "MMP", "eps": 0.99, "epsEstimated": 1, "time": "bmo", "revenue": 678779000, "revenueEstimated": 737826086.9565217, "fiscalDateEnding": "2018-03-30", "updatedFromDate": "2023-09-29"}, {"date": "2018-05-03", "symbol": "AINC", "eps": 1.71, "epsEstimated": 1.91, "time": "amc", "revenue": 48168000, "revenueEstimated": 53837426.900584795, "fiscalDateEnding": "2018-03-30", "updatedFromDate": "2023-09-29"}, {"date": "2018-05-03", "symbol": "ALIM", "eps": -1.2, "epsEstimated": -0.9, "time": "bmo", "revenue": 9802000, "revenueEstimated": 7582375.986328125, "fiscalDateEnding": "2018-03-30", "updatedFromDate": "2023-09-29"}, {"date": "2018-05-03", "symbol": "OQLGF", "eps": null, "epsEstimated": null, "time": "bmo", "revenue": null, "revenueEstimated": null, "fiscalDateEnding": "2018-06-30", "updatedFromDate": "2023-05-17"}, {"date": "2018-05-03", "symbol": "043150.KQ", "eps": 648, "epsEstimated": 523.47, "time": "bmo", "revenue": null, "revenueEstimated": null, "fiscalDateEnding": "2018-03-31", "updatedFromDate": "2023-05-17"}, {"date": "2018-05-03", "symbol": "ACQ.TO", "eps": 0.18, "epsEstimated": 0.28, "time": "bmo", "revenue": 620485000, "revenueEstimated": null, "fiscalDateEnding": "2018-03-30", "updatedFromDate": "2023-05-17"}, {"date": "2018-05-03", "symbol": "CEIX", "eps": 2.2, "epsEstimated": 0.83, "time": "bmo", "revenue": 384117000, "revenueEstimated": 154779154.54545456, "fiscalDateEnding": "2018-03-30", "updatedFromDate": "2023-09-29"}, {"date": "2018-05-03", "symbol": "OSB", "eps": 1.1, "epsEstimated": 1.18, "time": "bmo", "revenue": 576000000, "revenueEstimated": 617890909.090909, "fiscalDateEnding": "2018-03-30", "updatedFromDate": "2023-05-17"}, {"date": "2018-05-03", "symbol": "CRCQQ", "eps": 0.18, "epsEstimated": -0.77, "time": "bmo", "revenue": 647000000, "revenueEstimated": 1300722077, "fiscalDateEnding": "2018-03-30", "updatedFromDate": "2023-05-17"}, {"date": "2018-05-03", "symbol": "APMRF", "eps": null, "epsEstimated": null, "time": "bmo", "revenue": null, "revenueEstimated": null, "fiscalDateEnding": "2018-03-31", "updatedFromDate": "2023-05-17"}, {"date": "2018-05-03", "symbol": "IFP.TO", "eps": 0.52, "epsEstimated": 0.56, "time": "bmo", "revenue": 527644000, "revenueEstimated": null, "fiscalDateEnding": "2018-03-30", "updatedFromDate": "2023-05-17"}, {"date": "2018-05-03", "symbol": "ENJSA.IS", "eps": 0.2056, "epsEstimated": null, "time": "bmo", "revenue": 3764905000, "revenueEstimated": null, "fiscalDateEnding": "2018-03-31", "updatedFromDate": "2023-05-17"}, {"date": "2018-05-03", "symbol": "IFNNY", "eps": 0.35, "epsEstimated": null, "time": "bmo", "revenue": 1836000000, "revenueEstimated": null, "fiscalDateEnding": "2018-03-31", "updatedFromDate": "2023-09-29"}, {"date": "2018-05-03", "symbol": "ENRFF", "eps": 0.12, "epsEstimated": 0.24, "time": "bmo", "revenue": null, "revenueEstimated": null, "fiscalDateEnding": "2018-03-31", "updatedFromDate": "2023-08-16"}, {"date": "2018-05-03", "symbol": "FRFHF", "eps": 7.07, "epsEstimated": 10.26, "time": "amc", "revenue": 4006200000, "revenueEstimated": null, "fiscalDateEnding": "2018-03-31", "updatedFromDate": "2023-09-29"}, {"date": "2018-05-03", "symbol": "TDC", "eps": 0.19, "epsEstimated": 0.17, "time": "amc", "revenue": 506000000, "revenueEstimated": 426105263.15789473, "fiscalDateEnding": "2018-03-12", "updatedFromDate": "2023-09-29"}, {"date": "2018-05-03", "symbol": "STC", "eps": -0.01, "epsEstimated": -0.00219, "time": "bmo", "revenue": 437230000, "revenueEstimated": 54275000, "fiscalDateEnding": "2018-03-30", "updatedFromDate": "2023-09-29"}, {"date": "2018-05-03", "symbol": "SAGE", "eps": -1.68, "epsEstimated": -1.85, "time": "bmo", "revenue": null, "revenueEstimated": null, "fiscalDateEnding": "2018-03-30", "updatedFromDate": "2023-09-29"}, {"date": "2018-05-03", "symbol": "GPN", "eps": 1.13, "epsEstimated": 1.09, "time": "bmo", "revenue": 794977000, "revenueEstimated": 773893805.3097347, "fiscalDateEnding": "2018-03-30", "updatedFromDate": "2023-09-29"}, {"date": "2018-05-03", "symbol": "SOLB.BR", "eps": 1.99, "epsEstimated": 1.84, "time": "bmo", "revenue": 2809000000, "revenueEstimated": null, "fiscalDateEnding": "2018-03-30", "updatedFromDate": "2023-05-17"}, {"date": "2018-05-03", "symbol": "LOOMIS.ST", "eps": 4.53, "epsEstimated": 4.03, "time": "bmo", "revenue": 4486000000, "revenueEstimated": null, "fiscalDateEnding": "2018-03-30", "updatedFromDate": "2023-05-17"}, {"date": "2018-05-03", "symbol": "BBD-B.TO", "eps": 0.25, "epsEstimated": 0.03154, "time": "bmo", "revenue": 4262000000, "revenueEstimated": null, "fiscalDateEnding": "2018-02-03", "updatedFromDate": "2023-05-17"}, {"date": "2018-05-03", "symbol": "ASGTF", "eps": 0.23, "epsEstimated": 0.27, "time": "bmo", "revenue": null, "revenueEstimated": null, "fiscalDateEnding": "2018-03-31", "updatedFromDate": "2023-08-16"}, {"date": "2018-05-03", "symbol": "KKR", "eps": 0.42, "epsEstimated": 0.11, "time": "bmo", "revenue": 472606000, "revenueEstimated": 123776190.47619046, "fiscalDateEnding": "2018-03-30", "updatedFromDate": "2023-09-29"}, {"date": "2018-05-03", "symbol": "LDOS", "eps": 1.03, "epsEstimated": 1.03, "time": "bmo", "revenue": 2443000000, "revenueEstimated": 2443000000, "fiscalDateEnding": "2018-03-29", "updatedFromDate": "2023-09-29"}, {"date": "2018-05-03", "symbol": "PFSI", "eps": 0.67, "epsEstimated": 0.72, "time": "amc", "revenue": 274946000, "revenueEstimated": 294039472, "fiscalDateEnding": "2018-03-31", "updatedFromDate": "2023-09-29"}, {"date": "2018-05-03", "symbol": "FFXDF", "eps": 0.19, "epsEstimated": 0.44, "time": "bmo", "revenue": 30342000, "revenueEstimated": null, "fiscalDateEnding": "2018-03-31", "updatedFromDate": "2023-09-29"}, {"date": "2018-05-03", "symbol": "ALNTG.PA", "eps": 0.00132, "epsEstimated": null, "time": "bmo", "revenue": 41828000, "revenueEstimated": null, "fiscalDateEnding": "2018-03-31", "updatedFromDate": "2023-05-17"}, {"date": "2018-05-03", "symbol": "AOCIF", "eps": 0.18, "epsEstimated": 0.28, "time": "bmo", "revenue": 620485000, "revenueEstimated": null, "fiscalDateEnding": "2018-03-31", "updatedFromDate": "2023-08-17"}, {"date": "2018-05-03", "symbol": "PARAA", "eps": 1.32, "epsEstimated": null, "time": "bmo", "revenue": 3761000000, "revenueEstimated": null, "fiscalDateEnding": "2018-03-30", "updatedFromDate": "2023-09-29"}, {"date": "2018-05-03", "symbol": "GWLIF", "eps": 0.74, "epsEstimated": 0.73, "time": "bmo", "revenue": null, "revenueEstimated": null, "fiscalDateEnding": "2018-03-31", "updatedFromDate": "2023-05-17"}, {"date": "2018-05-03", "symbol": "MED", "eps": 1.01, "epsEstimated": 0.86, "time": "amc", "revenue": 98596000, "revenueEstimated": 83956435.64356436, "fiscalDateEnding": "2018-03-30", "updatedFromDate": "2023-09-29"}, {"date": "2018-05-03", "symbol": "ABUS", "eps": -0.36, "epsEstimated": -0.38, "time": "amc", "revenue": 1436000, "revenueEstimated": 1555666.666666667, "fiscalDateEnding": "2018-03-30", "updatedFromDate": "2023-09-29"}, {"date": "2018-05-03", "symbol": "EDIT", "eps": -0.67, "epsEstimated": -0.77, "time": "amc", "revenue": 3927000, "revenueEstimated": 4806179.104477611, "fiscalDateEnding": "2018-03-30", "updatedFromDate": "2023-09-29"}, {"date": "2018-05-03", "symbol": "CHILE.SN", "eps": 1.4, "epsEstimated": 1.52, "time": "bmo", "revenue": null, "revenueEstimated": null, "fiscalDateEnding": "2018-03-31", "updatedFromDate": "2023-08-16"}, {"date": "2018-05-03", "symbol": "FFH.TO", "eps": 23.6, "epsEstimated": 9.44, "time": "bmo", "revenue": 4165700000, "revenueEstimated": null, "fiscalDateEnding": "2018-02-03", "updatedFromDate": "2023-05-17"}, {"date": "2018-05-03", "symbol": "OLED", "eps": 0.13, "epsEstimated": 0.13, "time": "amc", "revenue": 43572000, "revenueEstimated": 43600000, "fiscalDateEnding": "2018-03-30", "updatedFromDate": "2023-09-29"}, {"date": "2018-05-03", "symbol": "U11.SI", "eps": 0.57, "epsEstimated": 0.57, "time": "bmo", "revenue": 2344000000, "revenueEstimated": null, "fiscalDateEnding": "2018-02-03", "updatedFromDate": "2023-05-17"}, {"date": "2018-05-03", "symbol": "VNA.F", "eps": 0.24, "epsEstimated": 0.47, "time": "bmo", "revenue": 600000000, "revenueEstimated": null, "fiscalDateEnding": "2018-03-30", "updatedFromDate": "2023-05-17"}, {"date": "2018-05-03", "symbol": "RMAX", "eps": 0.49, "epsEstimated": 0.4, "time": "amc", "revenue": 52642000, "revenueEstimated": 41897142.85714286, "fiscalDateEnding": "2018-03-30", "updatedFromDate": "2023-09-29"}, {"date": "2018-05-03", "symbol": "BELFB", "eps": -0.09, "epsEstimated": 0.12, "time": "bmo", "revenue": 118251000, "revenueEstimated": 157668000.00000003, "fiscalDateEnding": "2018-03-30", "updatedFromDate": "2023-09-29"}, {"date": "2018-05-03", "symbol": "ESKTF", "eps": null, "epsEstimated": null, "time": "bmo", "revenue": null, "revenueEstimated": null, "fiscalDateEnding": "2018-03-31", "updatedFromDate": "2023-05-17"}, {"date": "2018-05-03", "symbol": "STMP", "eps": 2.54, "epsEstimated": 1.9, "time": "amc", "revenue": 133565000, "revenueEstimated": 99937007.87401575, "fiscalDateEnding": "2018-03-30", "updatedFromDate": "2023-05-17"}, {"date": "2018-05-03", "symbol": "BEP", "eps": 0.02, "epsEstimated": 0.07, "time": "bmo", "revenue": 793000000, "revenueEstimated": 2907666666.666667, "fiscalDateEnding": "2018-03-31", "updatedFromDate": "2023-09-29"}, {"date": "2018-05-03", "symbol": "AMP.MC", "eps": null, "epsEstimated": null, "time": "bmo", "revenue": null, "revenueEstimated": null, "fiscalDateEnding": "2018-03-31", "updatedFromDate": "2023-05-17"}, {"date": "2018-05-03", "symbol": "COLBUN.SN", "eps": 0.00372, "epsEstimated": null, "time": "bmo", "revenue": 399367000, "revenueEstimated": null, "fiscalDateEnding": "2018-03-31", "updatedFromDate": "2023-08-16"}, {"date": "2018-05-03", "symbol": "011760.KS", "eps": 621, "epsEstimated": 545, "time": "bmo", "revenue": 1190462691000, "revenueEstimated": null, "fiscalDateEnding": "2018-03-30", "updatedFromDate": "2023-08-16"}, {"date": "2018-05-03", "symbol": "OPINI", "eps": 0.24, "epsEstimated": -0.46, "time": "bmo", "revenue": null, "revenueEstimated": null, "fiscalDateEnding": "2018-03-29", "updatedFromDate": "2023-05-17"}, {"date": "2018-05-03", "symbol": "ITCI", "eps": -0.65, "epsEstimated": -0.65, "time": "bmo", "revenue": null, "revenueEstimated": 6479400738.461538, "fiscalDateEnding": "2018-03-30", "updatedFromDate": "2023-09-29"}, {"date": "2018-05-03", "symbol": "000300.KS", "eps": 26, "epsEstimated": null, "time": "bmo", "revenue": 118112932000, "revenueEstimated": null, "fiscalDateEnding": "2018-06-29", "updatedFromDate": "2023-05-17"}, {"date": "2018-05-03", "symbol": "LPMDF", "eps": null, "epsEstimated": null, "time": "bmo", "revenue": null, "revenueEstimated": null, "fiscalDateEnding": "2018-03-31", "updatedFromDate": "2023-05-17"}, {"date": "2018-05-03", "symbol": "AKCA", "eps": -0.44, "epsEstimated": -0.36, "time": "amc", "revenue": 17108000, "revenueEstimated": 13997454.545454545, "fiscalDateEnding": "2018-03-30", "updatedFromDate": "2023-05-17"}, {"date": "2018-05-03", "symbol": "NERV", "eps": -2.56, "epsEstimated": -2.4, "time": "bmo", "revenue": null, "revenueEstimated": null, "fiscalDateEnding": "2018-03-30", "updatedFromDate": "2023-09-29"}, {"date": "2018-05-03", "symbol": "CNXN", "eps": 0.42, "epsEstimated": 0.36, "time": "amc", "revenue": 624895000, "revenueEstimated": 535628571.42857146, "fiscalDateEnding": "2018-03-30", "updatedFromDate": "2023-09-29"}, {"date": "2018-05-03", "symbol": "SHYF", "eps": 0.09, "epsEstimated": 0.05, "time": "bmo", "revenue": 173038000, "revenueEstimated": 128480715, "fiscalDateEnding": "2018-03-30", "updatedFromDate": "2023-09-29"}, {"date": "2018-05-03", "symbol": "PRS.OL", "eps": 0.18, "epsEstimated": 0.0252, "time": "bmo", "revenue": 82800000, "revenueEstimated": null, "fiscalDateEnding": "2018-03-31", "updatedFromDate": "2023-08-17"}, {"date": "2018-05-03", "symbol": "CNXM", "eps": 0.4, "epsEstimated": 0.38, "time": "bmo", "revenue": 63870000, "revenueEstimated": 60676500, "fiscalDateEnding": "2018-03-30", "updatedFromDate": "2023-05-17"}, {"date": "2018-05-03", "symbol": "011790.KS", "eps": 1174, "epsEstimated": 814, "time": "bmo", "revenue": 638741011000, "revenueEstimated": null, "fiscalDateEnding": "2018-03-30", "updatedFromDate": "2023-05-17"}, {"date": "2018-05-03", "symbol": "ENELAM.SN", "eps": 0.0057, "epsEstimated": null, "time": "bmo", "revenue": 2613000000, "revenueEstimated": null, "fiscalDateEnding": "2018-03-31", "updatedFromDate": "2023-05-17"}, {"date": "2018-05-03", "symbol": "TF.TO", "eps": 0.15, "epsEstimated": 0.17, "time": "bmo", "revenue": 22230000, "revenueEstimated": null, "fiscalDateEnding": "2018-03-30", "updatedFromDate": "2023-05-17"}, {"date": "2018-05-03", "symbol": "EFI.PA", "eps": 0.00456, "epsEstimated": null, "time": "bmo", "revenue": 5164000, "revenueEstimated": null, "fiscalDateEnding": "2018-03-31", "updatedFromDate": "2023-05-17"}, {"date": "2018-05-03", "symbol": "MGYOY", "eps": 43, "epsEstimated": null, "time": "bmo", "revenue": 1001968000000, "revenueEstimated": null, "fiscalDateEnding": "2018-03-31", "updatedFromDate": "2023-05-17"}, {"date": "2018-05-03", "symbol": "APRN", "eps": -30.6, "epsEstimated": -45, "time": "bmo", "revenue": 196690000, "revenueEstimated": 280765333.3333334, "fiscalDateEnding": "2018-03-30", "updatedFromDate": "2023-09-29"}, {"date": "2018-05-03", "symbol": "ALNY", "eps": -1.22, "epsEstimated": -1.18, "time": "amc", "revenue": 21899000, "revenueEstimated": 22831914.893617023, "fiscalDateEnding": "2018-03-30", "updatedFromDate": "2023-09-29"}, {"date": "2018-05-03", "symbol": "HOUS", "eps": 0.38, "epsEstimated": 0.31, "time": "bmo", "revenue": 1229000000, "revenueEstimated": 1002605263.15789, "fiscalDateEnding": "2018-03-30", "updatedFromDate": "2023-09-29"}, {"date": "2018-05-03", "symbol": "MDOUF", "eps": null, "epsEstimated": null, "time": "bmo", "revenue": null, "revenueEstimated": null, "fiscalDateEnding": "2018-03-31", "updatedFromDate": "2023-05-17"}, {"date": "2018-05-03", "symbol": "PCTY", "eps": 0.52, "epsEstimated": 0.47, "time": "amc", "revenue": 113407000, "revenueEstimated": 107495358.1875, "fiscalDateEnding": "2018-03-30", "updatedFromDate": "2023-09-29"}, {"date": "2018-05-03", "symbol": "KT", "eps": null, "epsEstimated": null, "time": "bmo", "revenue": null, "revenueEstimated": null, "fiscalDateEnding": "2018-03-30", "updatedFromDate": "2023-09-29"}, {"date": "2018-05-03", "symbol": "BFS", "eps": 0.31, "epsEstimated": 0.81, "time": "bmo", "revenue": 56496000, "revenueEstimated": null, "fiscalDateEnding": "2018-03-30", "updatedFromDate": "2023-09-29"}, {"date": "2018-05-03", "symbol": "SMLP", "eps": 1.8, "epsEstimated": 1.05, "time": "amc", "revenue": 117320000, "revenueEstimated": 84716666.66666667, "fiscalDateEnding": "2018-03-30", "updatedFromDate": "2023-09-29"}, {"date": "2018-05-03", "symbol": "SRNKE-B.ST", "eps": 1.66, "epsEstimated": 1.1, "time": "bmo", "revenue": 1485000000, "revenueEstimated": null, "fiscalDateEnding": "2018-03-30", "updatedFromDate": "2023-05-17"}, {"date": "2018-05-03", "symbol": "BGCP", "eps": 0.32, "epsEstimated": 0.3, "time": "bmo", "revenue": 907649000, "revenueEstimated": 508374812.5, "fiscalDateEnding": "2018-03-30", "updatedFromDate": "2023-09-29"}, {"date": "2018-05-03", "symbol": "AMAG", "eps": -1.59, "epsEstimated": -0.044, "time": "bmo", "revenue": 146356000, "revenueEstimated": 2953157.232704402, "fiscalDateEnding": "2018-03-30", "updatedFromDate": "2023-05-17"}, {"date": "2018-05-03", "symbol": "PSL.BK", "eps": 0.06905, "epsEstimated": null, "time": "bmo", "revenue": 1089254000, "revenueEstimated": null, "fiscalDateEnding": "2018-03-31", "updatedFromDate": "2023-08-16"}, {"date": "2018-05-03", "symbol": "KORDS.IS", "eps": null, "epsEstimated": null, "time": "bmo", "revenue": null, "revenueEstimated": null, "fiscalDateEnding": "2018-03-31", "updatedFromDate": "2023-05-17"}, {"date": "2018-05-03", "symbol": "AMBZ", "eps": 0.34, "epsEstimated": null, "time": "bmo", "revenue": null, "revenueEstimated": null, "fiscalDateEnding": "2018-03-30", "updatedFromDate": "2023-09-29"}, {"date": "2018-05-03", "symbol": "RENE.LS", "eps": 0.02, "epsEstimated": null, "time": "bmo", "revenue": 154575000, "revenueEstimated": null, "fiscalDateEnding": "2018-03-30", "updatedFromDate": "2023-08-16"}, {"date": "2018-05-03", "symbol": "EMGS.OL", "eps": -0.1, "epsEstimated": null, "time": "bmo", "revenue": 7897000, "revenueEstimated": null, "fiscalDateEnding": "2018-02-03", "updatedFromDate": "2023-05-17"}, {"date": "2018-05-03", "symbol": "EVA", "eps": 0.57, "epsEstimated": 0.38, "time": "bmo", "revenue": 125801000, "revenueEstimated": 35341025.641025625, "fiscalDateEnding": "2018-03-30", "updatedFromDate": "2023-09-29"}, {"date": "2018-05-03", "symbol": "AMN", "eps": 0.81, "epsEstimated": 0.79, "time": "amc", "revenue": 522489000, "revenueEstimated": 509598765.43209875, "fiscalDateEnding": "2018-03-30", "updatedFromDate": "2023-09-29"}, {"date": "2018-05-03", "symbol": "VEI.OL", "eps": -0.5, "epsEstimated": 0.28, "time": "bmo", "revenue": 7023000000, "revenueEstimated": null, "fiscalDateEnding": "2018-03-30", "updatedFromDate": "2023-05-17"}, {"date": "2018-05-03", "symbol": "RNMBF", "eps": 0.55, "epsEstimated": 0.41, "time": "bmo", "revenue": null, "revenueEstimated": null, "fiscalDateEnding": "2018-03-31", "updatedFromDate": "2023-05-17"}, {"date": "2018-05-03", "symbol": "SRTS", "eps": -0.08, "epsEstimated": -0.065, "time": "amc", "revenue": 5955462, "revenueEstimated": 4466596.5, "fiscalDateEnding": "2018-03-30", "updatedFromDate": "2023-09-29"}, {"date": "2018-05-03", "symbol": "CRIS", "eps": -0.35, "epsEstimated": -0.4, "time": "bmo", "revenue": 2468000, "revenueEstimated": 3218484.848484848, "fiscalDateEnding": "2018-03-30", "updatedFromDate": "2023-09-29"}, {"date": "2018-05-03", "symbol": "FND", "eps": 0.26, "epsEstimated": 0.23, "time": "bmo", "revenue": 402948000, "revenueEstimated": 356454000, "fiscalDateEnding": "2018-03-28", "updatedFromDate": "2023-09-29"}, {"date": "2018-05-03", "symbol": "AROC", "eps": 0.02, "epsEstimated": 0.0024, "time": "bmo", "revenue": 212040000, "revenueEstimated": null, "fiscalDateEnding": "2018-03-30", "updatedFromDate": "2023-09-29"}, {"date": "2018-05-03", "symbol": "BDRBF", "eps": 0.25, "epsEstimated": -0.05, "time": "bmo", "revenue": null, "revenueEstimated": null, "fiscalDateEnding": "2018-03-31", "updatedFromDate": "2023-05-17"}, {"date": "2018-05-03", "symbol": "SJ.TO", "eps": 0.33, "epsEstimated": 0.38, "time": "bmo", "revenue": 398790000, "revenueEstimated": null, "fiscalDateEnding": "2018-03-31", "updatedFromDate": "2023-10-16"}, {"date": "2018-05-03", "symbol": "AAV.TO", "eps": 0.05, "epsEstimated": 0.06, "time": "bmo", "revenue": 58056000, "revenueEstimated": null, "fiscalDateEnding": "2018-03-31", "updatedFromDate": "2023-10-16"}, {"date": "2018-05-03", "symbol": "SNC.BK", "eps": 0.61, "epsEstimated": 0.52, "time": "bmo", "revenue": 2240682000, "revenueEstimated": null, "fiscalDateEnding": "2018-03-31", "updatedFromDate": "2023-05-17"}, {"date": "2018-05-03", "symbol": "CNQ.TO", "eps": 0.71, "epsEstimated": 0.66, "time": "bmo", "revenue": 5735000000, "revenueEstimated": null, "fiscalDateEnding": "2018-03-30", "updatedFromDate": "2023-05-17"}, {"date": "2018-05-03", "symbol": "PREV-B.ST", "eps": 0.529, "epsEstimated": null, "time": "bmo", "revenue": 195353000, "revenueEstimated": null, "fiscalDateEnding": "2018-03-30", "updatedFromDate": "2023-08-16"}, {"date": "2018-05-03", "symbol": "FDUS", "eps": 0.36, "epsEstimated": 0.38, "time": "amc", "revenue": 18107000, "revenueEstimated": 23104000, "fiscalDateEnding": "2018-03-30", "updatedFromDate": "2023-09-29"}, {"date": "2018-05-03", "symbol": "091700.KQ", "eps": 124, "epsEstimated": 149.2, "time": "bmo", "revenue": null, "revenueEstimated": null, "fiscalDateEnding": "2018-03-31", "updatedFromDate": "2023-05-17"}, {"date": "2018-05-03", "symbol": "ATVI", "eps": 0.38, "epsEstimated": 0.35, "time": "amc", "revenue": 1965000000, "revenueEstimated": 1809868421.0526316, "fiscalDateEnding": "2018-03-30", "updatedFromDate": "2023-09-29"}, {"date": "2018-05-03", "symbol": "9934.TW", "eps": 0.2, "epsEstimated": 0.38, "time": "bmo", "revenue": 4356080000, "revenueEstimated": null, "fiscalDateEnding": "2018-03-30", "updatedFromDate": "2023-05-17"}, {"date": "2018-05-03", "symbol": "ANDR.VI", "eps": 0.44, "epsEstimated": 0.65, "time": "bmo", "revenue": 1290964000, "revenueEstimated": null, "fiscalDateEnding": "2018-03-30", "updatedFromDate": "2023-05-17"}, {"date": "2018-05-03", "symbol": "K", "eps": 1.23, "epsEstimated": 1.08, "time": "bmo", "revenue": 3401000000, "revenueEstimated": 2986243902.439025, "fiscalDateEnding": "2018-03-30", "updatedFromDate": "2023-09-29"}, {"date": "2018-05-03", "symbol": "ARZGF", "eps": 0.42, "epsEstimated": null, "time": "bmo", "revenue": null, "revenueEstimated": null, "fiscalDateEnding": "2018-03-31", "updatedFromDate": "2023-08-16"}, {"date": "2018-05-03", "symbol": "UNS.TO", "eps": 0.29, "epsEstimated": 0.31, "time": "bmo", "revenue": 422094000, "revenueEstimated": null, "fiscalDateEnding": "2018-03-30", "updatedFromDate": "2023-05-17"}, {"date": "2018-05-03", "symbol": "WTSHF", "eps": 0.33, "epsEstimated": 0.33, "time": "amc", "revenue": null, "revenueEstimated": null, "fiscalDateEnding": "2018-03-31", "updatedFromDate": "2023-08-16"}, {"date": "2018-05-03", "symbol": "RFP", "eps": 0.18, "epsEstimated": 0.3, "time": "bmo", "revenue": 874000000, "revenueEstimated": 1456666666.6666665, "fiscalDateEnding": "2018-03-30", "updatedFromDate": "2023-08-16"}, {"date": "2018-05-03", "symbol": "GRFS", "eps": 0.29, "epsEstimated": 0.28, "time": "bmo", "revenue": 1023012000, "revenueEstimated": null, "fiscalDateEnding": "2018-03-31", "updatedFromDate": "2023-09-29"}, {"date": "2018-05-03", "symbol": "2451.TW", "eps": 1.11, "epsEstimated": null, "time": "bmo", "revenue": 4799564000, "revenueEstimated": null, "fiscalDateEnding": "2018-03-30", "updatedFromDate": "2023-05-17"}, {"date": "2018-05-03", "symbol": "TFX", "eps": 2.15, "epsEstimated": 1.94, "time": "bmo", "revenue": 587230000, "revenueEstimated": 529845581.3953488, "fiscalDateEnding": "2018-03-31", "updatedFromDate": "2023-09-29"}, {"date": "2018-05-03", "symbol": "CEE.TO", "eps": 0.06, "epsEstimated": null, "time": "bmo", "revenue": 123929000, "revenueEstimated": null, "fiscalDateEnding": "2018-02-03", "updatedFromDate": "2023-10-16"}, {"date": "2018-05-03", "symbol": "2492.TW", "eps": 2.7, "epsEstimated": 1.63, "time": "bmo", "revenue": 6642359000, "revenueEstimated": null, "fiscalDateEnding": "2018-03-30", "updatedFromDate": "2023-08-16"}, {"date": "2018-05-03", "symbol": "HTGC", "eps": 0.31, "epsEstimated": 0.3, "time": "amc", "revenue": 19197000, "revenueEstimated": 47129032.258064516, "fiscalDateEnding": "2018-03-30", "updatedFromDate": "2023-09-29"}, {"date": "2018-05-03", "symbol": "FTAI", "eps": 0.03, "epsEstimated": 0.09, "time": "amc", "revenue": 68844000, "revenueEstimated": 229333333.33333334, "fiscalDateEnding": "2018-03-30", "updatedFromDate": "2023-09-29"}, {"date": "2018-05-03", "symbol": "ATH-PB", "eps": 1.21, "epsEstimated": 1.24, "time": "bmo", "revenue": null, "revenueEstimated": null, "fiscalDateEnding": "2017-12-31", "updatedFromDate": "2023-05-17"}, {"date": "2018-05-03", "symbol": "SWKS", "eps": 1.64, "epsEstimated": 1.6, "time": "amc", "revenue": 913400000, "revenueEstimated": 891121951.2195122, "fiscalDateEnding": "2018-03-29", "updatedFromDate": "2023-09-29"}, {"date": "2018-05-03", "symbol": "AGS", "eps": -0.19, "epsEstimated": -0.21, "time": "amc", "revenue": 64856000, "revenueEstimated": 45145856.25, "fiscalDateEnding": "2018-03-30", "updatedFromDate": "2023-09-29"}, {"date": "2018-05-03", "symbol": "FLDM", "eps": -0.34, "epsEstimated": -0.4, "time": "amc", "revenue": 25248000, "revenueEstimated": 29705882.352941178, "fiscalDateEnding": "2018-03-30", "updatedFromDate": "2023-08-16"}, {"date": "2018-05-03", "symbol": "BBRI.JK", "eps": 60.47, "epsEstimated": 59.5, "time": "bmo", "revenue": 24733685000000, "revenueEstimated": null, "fiscalDateEnding": "2018-03-30", "updatedFromDate": "2023-05-17"}, {"date": "2018-05-03", "symbol": "APO-PB", "eps": -0.3, "epsEstimated": -0.15, "time": "bmo", "revenue": 1093065000, "revenueEstimated": null, "fiscalDateEnding": "2018-02-03", "updatedFromDate": "2023-05-17"}, {"date": "2018-05-03", "symbol": "NWHM", "eps": -0.03, "epsEstimated": -0.05, "time": "bmo", "revenue": 123231000, "revenueEstimated": 98559999.99999999, "fiscalDateEnding": "2018-03-30", "updatedFromDate": "2023-09-29"}, {"date": "2018-05-03", "symbol": "AKAST.OL", "eps": -0.15, "epsEstimated": -0.26, "time": "bmo", "revenue": 873000000, "revenueEstimated": null, "fiscalDateEnding": "2018-02-03", "updatedFromDate": "2023-05-17"}, {"date": "2018-05-03", "symbol": "BCE.TO", "eps": 0.8, "epsEstimated": 0.82, "time": "bmo", "revenue": 5590000000, "revenueEstimated": 5930649999.999999, "fiscalDateEnding": "2018-03-30", "updatedFromDate": "2023-05-17"}, {"date": "2018-05-03", "symbol": "UUUU", "eps": -0.14, "epsEstimated": -0.12, "time": "bmo", "revenue": 1254000, "revenueEstimated": null, "fiscalDateEnding": "2018-03-30", "updatedFromDate": "2023-09-29"}, {"date": "2018-05-03", "symbol": "HUFAF", "eps": 0.93, "epsEstimated": 1.28, "time": "bmo", "revenue": null, "revenueEstimated": null, "fiscalDateEnding": "2018-03-31", "updatedFromDate": "2023-05-17"}, {"date": "2018-05-03", "symbol": "0945.HK", "eps": 0.66, "epsEstimated": 0.62, "time": "bmo", "revenue": 8340000000, "revenueEstimated": null, "fiscalDateEnding": "2018-03-30", "updatedFromDate": "2023-05-17"}, {"date": "2018-05-03", "symbol": "BONHR.OL", "eps": -11.82642, "epsEstimated": null, "time": "bmo", "revenue": 1969000000, "revenueEstimated": null, "fiscalDateEnding": "2018-03-31", "updatedFromDate": "2023-08-16"}, {"date": "2018-05-03", "symbol": "BDRBD", "eps": null, "epsEstimated": null, "time": "bmo", "revenue": null, "revenueEstimated": null, "fiscalDateEnding": "2018-03-31", "updatedFromDate": "2023-05-17"}, {"date": "2018-05-03", "symbol": "THS", "eps": 0.18, "epsEstimated": 0.13, "time": "bmo", "revenue": 1481200000, "revenueEstimated": 1069755555.5555557, "fiscalDateEnding": "2018-03-30", "updatedFromDate": "2023-09-29"}, {"date": "2018-05-03", "symbol": "PBA", "eps": 0.59, "epsEstimated": 0.61, "time": "amc", "revenue": 1837000000, "revenueEstimated": 1899271186.4406781, "fiscalDateEnding": "2018-03-31", "updatedFromDate": "2023-09-29"}, {"date": "2018-05-03", "symbol": "GFF", "eps": 0.06, "epsEstimated": 0.025, "time": "amc", "revenue": 478560000, "revenueEstimated": 239300000, "fiscalDateEnding": "2018-03-30", "updatedFromDate": "2023-09-29"}, {"date": "2018-05-03", "symbol": "BFFAF", "eps": 1.93, "epsEstimated": 1.92, "time": "bmo", "revenue": null, "revenueEstimated": null, "fiscalDateEnding": "2018-03-31", "updatedFromDate": "2023-05-17"}, {"date": "2018-05-03", "symbol": "YRCW", "eps": -0.44, "epsEstimated": -0.71, "time": "bmo", "revenue": null, "revenueEstimated": 1959761363.6363635, "fiscalDateEnding": "2018-03-31", "updatedFromDate": "2023-05-17"}, {"date": "2018-05-03", "symbol": "SHLX", "eps": 0.18, "epsEstimated": 0.17, "time": "bmo", "revenue": 99600000, "revenueEstimated": 94066666.66666667, "fiscalDateEnding": "2018-03-30", "updatedFromDate": "2023-05-17"}, {"date": "2018-05-03", "symbol": "LECN.SW", "eps": -0.1605, "epsEstimated": null, "time": "bmo", "revenue": 12026250, "revenueEstimated": null, "fiscalDateEnding": "2018-02-03", "updatedFromDate": "2023-05-17"}, {"date": "2018-05-03", "symbol": "RCG.TO", "eps": 0.523, "epsEstimated": null, "time": "bmo", "revenue": 52542000, "revenueEstimated": null, "fiscalDateEnding": "2018-03-31", "updatedFromDate": "2023-08-16"}, {"date": "2018-05-03", "symbol": "CCR", "eps": 0.78, "epsEstimated": 0.42, "time": "bmo", "revenue": 94400000, "revenueEstimated": 75098567.8125, "fiscalDateEnding": "2018-03-30", "updatedFromDate": "2023-05-17"}, {"date": "2018-05-03", "symbol": "VIACA", "eps": 1.32, "epsEstimated": null, "time": "bmo", "revenue": 3761000000, "revenueEstimated": null, "fiscalDateEnding": "2018-03-30", "updatedFromDate": "2023-05-17"}, {"date": "2018-05-03", "symbol": "PODD", "eps": -0.11, "epsEstimated": -0.19, "time": "amc", "revenue": 123578000, "revenueEstimated": 213452909.0909091, "fiscalDateEnding": "2018-03-30", "updatedFromDate": "2023-09-29"}, {"date": "2018-05-03", "symbol": "SHEN", "eps": 0.1, "epsEstimated": 0.12, "time": "bmo", "revenue": 151732000, "revenueEstimated": 184920000, "fiscalDateEnding": "2018-03-30", "updatedFromDate": "2023-09-29"}, {"date": "2018-05-03", "symbol": "CIM", "eps": 0.58, "epsEstimated": 0.61, "time": "bmo", "revenue": 244359000, "revenueEstimated": 317589655.1724138, "fiscalDateEnding": "2018-03-30", "updatedFromDate": "2023-09-29"}, {"date": "2018-05-03", "symbol": "ANX.TO", "eps": 0.00133, "epsEstimated": null, "time": "bmo", "revenue": 7596600, "revenueEstimated": null, "fiscalDateEnding": "2018-03-30", "updatedFromDate": "2023-10-16"}, {"date": "2018-05-03", "symbol": "HMHC", "eps": -0.82, "epsEstimated": -0.81, "time": "bmo", "revenue": 375581000, "revenueEstimated": 217087902.43902442, "fiscalDateEnding": "2018-02-03", "updatedFromDate": "2023-08-17"}, {"date": "2018-05-03", "symbol": "GLYC", "eps": -0.33, "epsEstimated": -0.28, "time": "bmo", "revenue": null, "revenueEstimated": null, "fiscalDateEnding": "2018-03-30", "updatedFromDate": "2023-09-29"}, {"date": "2018-05-03", "symbol": "TRGP", "eps": -0.03, "epsEstimated": -0.00781, "time": "bmo", "revenue": 2455600000, "revenueEstimated": 818533333.3333334, "fiscalDateEnding": "2018-03-30", "updatedFromDate": "2023-09-29"}, {"date": "2018-05-03", "symbol": "FFARM.AS", "eps": 0.1461, "epsEstimated": null, "time": "bmo", "revenue": 2404663000, "revenueEstimated": null, "fiscalDateEnding": "2018-03-31", "updatedFromDate": "2023-05-17"}, {"date": "2018-05-03", "symbol": "SESMF", "eps": null, "epsEstimated": null, "time": "bmo", "revenue": null, "revenueEstimated": null, "fiscalDateEnding": "2018-03-31", "updatedFromDate": "2023-05-17"}, {"date": "2018-05-03", "symbol": "SVRGF", "eps": 0.06, "epsEstimated": 0.48, "time": "bmo", "revenue": null, "revenueEstimated": null, "fiscalDateEnding": "2018-03-31", "updatedFromDate": "2023-05-17"}, {"date": "2018-05-03", "symbol": "009540.KS", "eps": 153, "epsEstimated": -512.52, "time": "bmo", "revenue": 3124413872000, "revenueEstimated": null, "fiscalDateEnding": "2018-02-03", "updatedFromDate": "2023-05-17"}, {"date": "2018-05-03", "symbol": "PBF", "eps": -0.29, "epsEstimated": -0.19, "time": "bmo", "revenue": 5802776000, "revenueEstimated": 4001931034.482759, "fiscalDateEnding": "2018-03-30", "updatedFromDate": "2023-09-29"}, {"date": "2018-05-03", "symbol": "RACE", "eps": 0.78, "epsEstimated": 0.72, "time": "bmo", "revenue": 831004000, "revenueEstimated": 767076923.076923, "fiscalDateEnding": "2018-03-31", "updatedFromDate": "2023-09-29"}, {"date": "2018-05-03", "symbol": "EOG", "eps": 1.19, "epsEstimated": 1.01, "time": "amc", "revenue": 3724311000, "revenueEstimated": 3105966386.5546217, "fiscalDateEnding": "2018-03-30", "updatedFromDate": "2023-09-29"}, {"date": "2018-05-03", "symbol": "GBLBF", "eps": null, "epsEstimated": null, "time": "bmo", "revenue": null, "revenueEstimated": null, "fiscalDateEnding": "2018-03-31", "updatedFromDate": "2023-05-17"}, {"date": "2018-05-03", "symbol": "BEP-UN.TO", "eps": 0.02, "epsEstimated": 0.06, "time": "bmo", "revenue": 793000000, "revenueEstimated": null, "fiscalDateEnding": "2018-03-30", "updatedFromDate": "2023-05-17"}, {"date": "2018-05-03", "symbol": "CKX", "eps": 0.43, "epsEstimated": null, "time": "bmo", "revenue": 346695, "revenueEstimated": null, "fiscalDateEnding": "2018-03-30", "updatedFromDate": "2023-09-29"}, {"date": "2018-05-03", "symbol": "SCHO.CO", "eps": 4.91, "epsEstimated": 7.51, "time": "bmo", "revenue": 3850700000, "revenueEstimated": null, "fiscalDateEnding": "2018-03-30", "updatedFromDate": "2023-07-24"}, {"date": "2018-05-03", "symbol": "LREN3.SA", "eps": 0.14, "epsEstimated": 0.12, "time": "bmo", "revenue": 1628285000, "revenueEstimated": null, "fiscalDateEnding": "2018-03-30", "updatedFromDate": "2023-05-17"}, {"date": "2018-05-03", "symbol": "EUZOF", "eps": null, "epsEstimated": null, "time": "bmo", "revenue": null, "revenueEstimated": null, "fiscalDateEnding": "2018-03-31", "updatedFromDate": "2023-05-17"}, {"date": "2018-05-03", "symbol": "3673.TW", "eps": 0.17, "epsEstimated": 0.43, "time": "bmo", "revenue": 20853508000, "revenueEstimated": null, "fiscalDateEnding": "2018-03-30", "updatedFromDate": "2023-05-17"}, {"date": "2018-05-03", "symbol": "FLR", "eps": 0.56, "epsEstimated": 0.77, "time": "amc", "revenue": 4823770000, "revenueEstimated": 28571738461.538464, "fiscalDateEnding": "2018-03-30", "updatedFromDate": "2023-09-29"}, {"date": "2018-05-03", "symbol": "CENX", "eps": -0.04, "epsEstimated": -0.23, "time": "amc", "revenue": 454500000, "revenueEstimated": 2045250000, "fiscalDateEnding": "2018-03-30", "updatedFromDate": "2023-09-29"}, {"date": "2018-05-03", "symbol": "GOVXW", "eps": null, "epsEstimated": null, "time": "bmo", "revenue": null, "revenueEstimated": null, "fiscalDateEnding": "2018-03-30", "updatedFromDate": "2023-05-17"}, {"date": "2018-05-03", "symbol": "TWOU", "eps": -0.12, "epsEstimated": -0.13, "time": "amc", "revenue": 92288000, "revenueEstimated": 99978666.66666669, "fiscalDateEnding": "2018-03-30", "updatedFromDate": "2023-09-29"}, {"date": "2018-05-03", "symbol": "MAL.TO", "eps": 0.3, "epsEstimated": 0.4, "time": "bmo", "revenue": 244625000, "revenueEstimated": null, "fiscalDateEnding": "2018-03-31", "updatedFromDate": "2023-10-16"}, {"date": "2018-05-03", "symbol": "CBIO", "eps": -0.56, "epsEstimated": -1.3, "time": "bmo", "revenue": 6000, "revenueEstimated": 12321.42857142857, "fiscalDateEnding": "2018-03-30", "updatedFromDate": "2023-09-29"}, {"date": "2018-05-03", "symbol": "FNMFN", "eps": 5.85, "epsEstimated": null, "time": "bmo", "revenue": 6847000000, "revenueEstimated": null, "fiscalDateEnding": "2018-03-30", "updatedFromDate": "2023-05-17"}, {"date": "2018-05-03", "symbol": "SWMAY", "eps": 4.36, "epsEstimated": 4.18, "time": "bmo", "revenue": null, "revenueEstimated": null, "fiscalDateEnding": "2018-03-31", "updatedFromDate": "2023-05-17"}, {"date": "2018-05-03", "symbol": "NTCT", "eps": 0.36, "epsEstimated": 0.37, "time": "bmo", "revenue": 235224000, "revenueEstimated": 228666666.66666666, "fiscalDateEnding": "2018-03-30", "updatedFromDate": "2023-09-29"}, {"date": "2018-05-03", "symbol": "UNIEF", "eps": 0.29, "epsEstimated": 0.31, "time": "bmo", "revenue": null, "revenueEstimated": null, "fiscalDateEnding": "2018-03-31", "updatedFromDate": "2023-08-16"}, {"date": "2018-05-03", "symbol": "BXC", "eps": 0.14, "epsEstimated": null, "time": "bmo", "revenue": 437487000, "revenueEstimated": null, "fiscalDateEnding": "2018-03-30", "updatedFromDate": "2023-09-29"}, {"date": "2018-05-03", "symbol": "CWEN-A", "eps": 0.16, "epsEstimated": 0.05, "time": "bmo", "revenue": 225000000, "revenueEstimated": 269999999, "fiscalDateEnding": "2018-03-30", "updatedFromDate": "2023-05-17"}, {"date": "2018-05-03", "symbol": "ICE", "eps": 0.9, "epsEstimated": 0.88, "time": "bmo", "revenue": 1580000000, "revenueEstimated": 1197777777.7777777, "fiscalDateEnding": "2018-03-30", "updatedFromDate": "2023-09-29"}, {"date": "2018-05-03", "symbol": "RLGY", "eps": -0.38, "epsEstimated": -0.31, "time": "bmo", "revenue": 1229000000, "revenueEstimated": 1002605263.1578947, "fiscalDateEnding": "2018-03-30", "updatedFromDate": "2023-08-16"}, {"date": "2018-05-03", "symbol": "BEP-PA", "eps": 0.03, "epsEstimated": 0.11, "time": "bmo", "revenue": null, "revenueEstimated": null, "fiscalDateEnding": "2018-03-31", "updatedFromDate": "2023-10-16"}, {"date": "2018-05-03", "symbol": "SRMGF", "eps": 2.21, "epsEstimated": 2.25, "time": "bmo", "revenue": null, "revenueEstimated": null, "fiscalDateEnding": "2018-03-31", "updatedFromDate": "2023-05-17"}, {"date": "2018-05-03", "symbol": "ARISE.ST", "eps": -0.39, "epsEstimated": -0.11, "time": "bmo", "revenue": 55000000, "revenueEstimated": null, "fiscalDateEnding": "2018-03-30", "updatedFromDate": "2023-08-16"}, {"date": "2018-05-03", "symbol": "YKBNK.IS", "eps": 0.19, "epsEstimated": 0.16, "time": "bmo", "revenue": 4025683000, "revenueEstimated": null, "fiscalDateEnding": "2018-03-31", "updatedFromDate": "2023-05-17"}, {"date": "2018-05-03", "symbol": "AYR", "eps": 0.72, "epsEstimated": 0.53, "time": "bmo", "revenue": 196900000, "revenueEstimated": 144940277.7777778, "fiscalDateEnding": "2018-03-30", "updatedFromDate": "2023-05-17"}, {"date": "2018-05-03", "symbol": "BTEGF", "eps": -0.27, "epsEstimated": -0.12, "time": "amc", "revenue": 286067000, "revenueEstimated": null, "fiscalDateEnding": "2018-03-30", "updatedFromDate": "2023-05-17"}, {"date": "2018-05-03", "symbol": "ANET", "eps": 0.42, "epsEstimated": 0.38, "time": "amc", "revenue": 472489000, "revenueEstimated": 429794210.84337354, "fiscalDateEnding": "2018-03-30", "updatedFromDate": "2023-09-29"}, {"date": "2018-05-03", "symbol": "ARES-PA", "eps": 0.27, "epsEstimated": 0.37, "time": "bmo", "revenue": null, "revenueEstimated": null, "fiscalDateEnding": "2018-03-29", "updatedFromDate": "2023-05-17"}, {"date": "2018-05-03", "symbol": "IBP", "eps": 0.45, "epsEstimated": 0.46, "time": "bmo", "revenue": 301728000, "revenueEstimated": 301700000, "fiscalDateEnding": "2018-03-30", "updatedFromDate": "2023-09-29"}, {"date": "2018-05-03", "symbol": "DS", "eps": -0.24329, "epsEstimated": null, "time": "bmo", "revenue": 66660000, "revenueEstimated": null, "fiscalDateEnding": "2018-03-30", "updatedFromDate": "2023-05-17"}, {"date": "2018-05-03", "symbol": "CASH.MC", "eps": 0.04, "epsEstimated": 0.04, "time": "bmo", "revenue": 449500000, "revenueEstimated": null, "fiscalDateEnding": "2018-03-30", "updatedFromDate": "2023-08-16"}, {"date": "2018-05-03", "symbol": "MPSYF", "eps": -0.67, "epsEstimated": -0.74, "time": "bmo", "revenue": null, "revenueEstimated": null, "fiscalDateEnding": "2018-03-31", "updatedFromDate": "2023-05-17"}, {"date": "2018-05-03", "symbol": "LAB", "eps": 0.34, "epsEstimated": 0.4, "time": "bmo", "revenue": 25248000, "revenueEstimated": null, "fiscalDateEnding": "2018-03-30", "updatedFromDate": "2023-09-29"}, {"date": "2018-05-03", "symbol": "POST", "eps": 1.06, "epsEstimated": 1.08, "time": "amc", "revenue": 1586100000, "revenueEstimated": 1616026415.0943396, "fiscalDateEnding": "2018-03-30", "updatedFromDate": "2023-09-29"}, {"date": "2018-05-03", "symbol": "IFSPF", "eps": 0.52, "epsEstimated": 0.56, "time": "bmo", "revenue": null, "revenueEstimated": null, "fiscalDateEnding": "2018-03-30", "updatedFromDate": "2023-08-16"}, {"date": "2018-05-03", "symbol": "COLFF", "eps": null, "epsEstimated": null, "time": "bmo", "revenue": null, "revenueEstimated": null, "fiscalDateEnding": "2018-03-31", "updatedFromDate": "2023-05-17"}, {"date": "2018-05-03", "symbol": "INGR", "eps": 1.94, "epsEstimated": 1.89, "time": "bmo", "revenue": 1581000000, "revenueEstimated": 1431139175.257732, "fiscalDateEnding": "2018-03-30", "updatedFromDate": "2023-09-29"}, {"date": "2018-05-03", "symbol": "AER", "eps": 1.73, "epsEstimated": 1.57, "time": "bmo", "revenue": 1219126000, "revenueEstimated": 1031270930.2325583, "fiscalDateEnding": "2018-03-31", "updatedFromDate": "2023-09-29"}, {"date": "2018-05-03", "symbol": "PRMW.TO", "eps": -0.05, "epsEstimated": -0.028, "time": "bmo", "revenue": 560800000, "revenueEstimated": null, "fiscalDateEnding": "2018-03-31", "updatedFromDate": "2023-10-16"}, {"date": "2018-05-03", "symbol": "WEX", "eps": 1.81, "epsEstimated": 1.72, "time": "bmo", "revenue": 354829000, "revenueEstimated": 339145950.2762431, "fiscalDateEnding": "2018-03-30", "updatedFromDate": "2023-09-29"}, {"date": "2018-05-03", "symbol": "EE", "eps": 0.17, "epsEstimated": 0.06, "time": "bmo", "revenue": 175713000, "revenueEstimated": null, "fiscalDateEnding": "2018-03-30", "updatedFromDate": "2023-09-29"}, {"date": "2018-05-03", "symbol": "MRLN", "eps": 0.5, "epsEstimated": 0.4, "time": "amc", "revenue": 29073000, "revenueEstimated": 23258400, "fiscalDateEnding": "2018-03-30", "updatedFromDate": "2023-05-17"}, {"date": "2018-05-03", "symbol": "GEAGF", "eps": 0.16, "epsEstimated": 0.19, "time": "bmo", "revenue": 1039363000, "revenueEstimated": null, "fiscalDateEnding": "2018-03-31", "updatedFromDate": "2023-09-29"}, {"date": "2018-05-03", "symbol": "SRPT", "eps": -0.28, "epsEstimated": -0.32, "time": "amc", "revenue": 64604000, "revenueEstimated": 44970439.5, "fiscalDateEnding": "2018-03-30", "updatedFromDate": "2023-09-29"}, {"date": "2018-05-03", "symbol": "ADEA", "eps": 0.14, "epsEstimated": 0.53, "time": "bmo", "revenue": 65532000, "revenueEstimated": null, "fiscalDateEnding": "2018-03-31", "updatedFromDate": "2023-09-29"}, {"date": "2018-05-03", "symbol": "SRHBF", "eps": 0.03, "epsEstimated": 0.03529, "time": "bmo", "revenue": null, "revenueEstimated": null, "fiscalDateEnding": "2018-03-31", "updatedFromDate": "2023-05-17"}, {"date": "2018-05-03", "symbol": "TEVJF", "eps": 1.1, "epsEstimated": null, "time": "bmo", "revenue": 5065000000, "revenueEstimated": null, "fiscalDateEnding": "2018-03-30", "updatedFromDate": "2023-08-25"}, {"date": "2018-05-03", "symbol": "TNAV", "eps": -0.58, "epsEstimated": -0.6, "time": "bmo", "revenue": 13823000, "revenueEstimated": 47979310.34482759, "fiscalDateEnding": "2018-03-30", "updatedFromDate": "2023-05-17"}, {"date": "2018-05-03", "symbol": "FLY", "eps": 0.34, "epsEstimated": 0.38, "time": "amc", "revenue": 88600000, "revenueEstimated": 99023529.41176471, "fiscalDateEnding": "2018-03-30", "updatedFromDate": "2023-05-17"}, {"date": "2018-05-03", "symbol": "BGC", "eps": 0.32, "epsEstimated": 0.3, "time": "amc", "revenue": 1020500000, "revenueEstimated": null, "fiscalDateEnding": "2018-03-31", "updatedFromDate": "2023-09-29"}, {"date": "2018-05-03", "symbol": "ARKAY", "eps": 3.16, "epsEstimated": null, "time": "bmo", "revenue": 2172000000, "revenueEstimated": null, "fiscalDateEnding": "2018-03-31", "updatedFromDate": "2023-09-29"}, {"date": "2018-05-03", "symbol": "JAX", "eps": 0.12, "epsEstimated": 0.14, "time": "amc", "revenue": 61910000, "revenueEstimated": 72228333.33333334, "fiscalDateEnding": "2018-03-31", "updatedFromDate": "2023-05-17"}, {"date": "2018-05-03", "symbol": "CTT", "eps": -0.08, "epsEstimated": -0.07, "time": "amc", "revenue": 24104000, "revenueEstimated": 21087500.000000004, "fiscalDateEnding": "2018-03-30", "updatedFromDate": "2023-05-17"}, {"date": "2018-05-03", "symbol": "BRAV.ST", "eps": 0.83, "epsEstimated": 0.79, "time": "bmo", "revenue": 4557000000, "revenueEstimated": null, "fiscalDateEnding": "2018-03-31", "updatedFromDate": "2023-05-17"}, {"date": "2018-05-03", "symbol": "CRVS", "eps": -0.63, "epsEstimated": -0.71, "time": "bmo", "revenue": null, "revenueEstimated": null, "fiscalDateEnding": "2018-03-30", "updatedFromDate": "2023-09-29"}, {"date": "2018-05-03", "symbol": "EDR.TO", "eps": 0.02, "epsEstimated": 0.02, "time": "bmo", "revenue": 40330000, "revenueEstimated": null, "fiscalDateEnding": "2018-03-31", "updatedFromDate": "2023-10-16"}, {"date": "2018-05-03", "symbol": "AIF.TO", "eps": 0.23, "epsEstimated": 0.27, "time": "bmo", "revenue": 124690000, "revenueEstimated": 157560260.86956522, "fiscalDateEnding": "2018-03-30", "updatedFromDate": "2023-05-17"}, {"date": "2018-05-03", "symbol": "AIZ", "eps": 2, "epsEstimated": 1.93, "time": "amc", "revenue": 1620100000, "revenueEstimated": 1455123500, "fiscalDateEnding": "2018-03-30", "updatedFromDate": "2023-09-29"}, {"date": "2018-05-03", "symbol": "BABWF", "eps": 0.385, "epsEstimated": 0.08, "time": "bmo", "revenue": 5022000000, "revenueEstimated": null, "fiscalDateEnding": "2018-03-31", "updatedFromDate": "2023-05-17"}, {"date": "2018-05-03", "symbol": "XPER", "eps": 0.62, "epsEstimated": 0.53, "time": "amc", "revenue": 65532000, "revenueEstimated": 54403924, "fiscalDateEnding": "2018-03-30", "updatedFromDate": "2023-09-29"}, {"date": "2018-05-03", "symbol": "CLPBY", "eps": 4.32, "epsEstimated": 4.5, "time": "bmo", "revenue": 4035000000, "revenueEstimated": null, "fiscalDateEnding": "2018-03-30", "updatedFromDate": "2023-05-17"}, {"date": "2018-05-03", "symbol": "BBTN.JK", "eps": 65, "epsEstimated": 79.03, "time": "bmo", "revenue": 2683400000000, "revenueEstimated": null, "fiscalDateEnding": "2018-03-31", "updatedFromDate": "2023-08-25"}, {"date": "2018-05-03", "symbol": "HEXAWARE.NS", "eps": 4.46, "epsEstimated": 4.36, "time": "bmo", "revenue": 10489870000, "revenueEstimated": null, "fiscalDateEnding": "2018-03-30", "updatedFromDate": "2023-05-17"}, {"date": "2018-05-03", "symbol": "BOMBF", "eps": null, "epsEstimated": null, "time": "bmo", "revenue": null, "revenueEstimated": null, "fiscalDateEnding": "2018-03-31", "updatedFromDate": "2023-05-17"}, {"date": "2018-05-03", "symbol": "SGNL.TO", "eps": 0.00133, "epsEstimated": null, "time": "bmo", "revenue": 7596600, "revenueEstimated": null, "fiscalDateEnding": "2018-03-31", "updatedFromDate": "2023-10-16"}, {"date": "2018-05-03", "symbol": "CC", "eps": 1.41, "epsEstimated": 1.22, "time": "amc", "revenue": 1730000000, "revenueEstimated": 1496879432.6241136, "fiscalDateEnding": "2018-03-30", "updatedFromDate": "2023-09-29"}, {"date": "2018-05-03", "symbol": "ERI", "eps": 0.27, "epsEstimated": 0.38, "time": "bmo", "revenue": 440192000, "revenueEstimated": 619540740.7407408, "fiscalDateEnding": "2018-03-30", "updatedFromDate": "2023-05-17"}, {"date": "2018-05-03", "symbol": "SEM", "eps": 0.29, "epsEstimated": 0.26, "time": "amc", "revenue": 1252964000, "revenueEstimated": 1123379310.3448277, "fiscalDateEnding": "2018-03-30", "updatedFromDate": "2023-09-29"}, {"date": "2018-05-03", "symbol": "DXYN", "eps": -0.18, "epsEstimated": -0.16, "time": "bmo", "revenue": 98858000, "revenueEstimated": 93082352.94117647, "fiscalDateEnding": "2018-03-30", "updatedFromDate": "2023-09-29"}, {"date": "2018-05-03", "symbol": "UNTC", "eps": 0.21, "epsEstimated": 0.21, "time": "bmo", "revenue": 205132000, "revenueEstimated": null, "fiscalDateEnding": "2018-03-30", "updatedFromDate": "2023-05-17"}, {"date": "2018-05-03", "symbol": "SPNE", "eps": -0.5, "epsEstimated": -0.53, "time": "amc", "revenue": 33175000, "revenueEstimated": 35052830, "fiscalDateEnding": "2018-03-30", "updatedFromDate": "2023-05-17"}, {"date": "2018-05-03", "symbol": "ADMS", "eps": -1.35, "epsEstimated": -1.37, "time": "amc", "revenue": 2553000, "revenueEstimated": 2590822.2222222225, "fiscalDateEnding": "2018-03-30", "updatedFromDate": "2023-05-17"}, {"date": "2018-05-03", "symbol": "6257.TW", "eps": 0.51, "epsEstimated": 0.57, "time": "bmo", "revenue": 2207992000, "revenueEstimated": null, "fiscalDateEnding": "2018-03-30", "updatedFromDate": "2023-05-17"}, {"date": "2018-05-03", "symbol": "FXFLF", "eps": 23.6, "epsEstimated": 10.26, "time": "bmo", "revenue": null, "revenueEstimated": null, "fiscalDateEnding": "2018-03-31", "updatedFromDate": "2023-05-17"}, {"date": "2018-05-03", "symbol": "PCH", "eps": 0.69, "epsEstimated": 0.61, "time": "amc", "revenue": 199897000, "revenueEstimated": 162237681.1594203, "fiscalDateEnding": "2018-03-30", "updatedFromDate": "2023-09-29"}, {"date": "2018-05-03", "symbol": "CHN.V", "eps": 0.0017, "epsEstimated": null, "time": "bmo", "revenue": 2751149, "revenueEstimated": null, "fiscalDateEnding": "2018-03-30", "updatedFromDate": "2023-05-17"}, {"date": "2018-05-03", "symbol": "ODTC", "eps": -0.69, "epsEstimated": -0.87, "time": "bmo", "revenue": null, "revenueEstimated": null, "fiscalDateEnding": "2018-03-30", "updatedFromDate": "2023-05-17"}, {"date": "2018-05-03", "symbol": "PUL.V", "eps": null, "epsEstimated": null, "time": "bmo", "revenue": null, "revenueEstimated": null, "fiscalDateEnding": "2018-03-31", "updatedFromDate": "2023-05-17"}, {"date": "2018-05-03", "symbol": "LIAB.ST", "eps": 1.03, "epsEstimated": 0.88, "time": "bmo", "revenue": 2153000000, "revenueEstimated": null, "fiscalDateEnding": "2018-03-30", "updatedFromDate": "2023-05-17"}, {"date": "2018-05-03", "symbol": "ERF", "eps": 0.09, "epsEstimated": 0.2, "time": "bmo", "revenue": 189371307.330747, "revenueEstimated": 618333333.3333335, "fiscalDateEnding": "2018-03-31", "updatedFromDate": "2023-09-29"}, {"date": "2018-05-03", "symbol": "AZK.MC", "eps": null, "epsEstimated": null, "time": "bmo", "revenue": null, "revenueEstimated": null, "fiscalDateEnding": "2018-03-31", "updatedFromDate": "2023-05-17"}, {"date": "2018-05-03", "symbol": "017670.KS", "eps": 9842, "epsEstimated": 8322.62, "time": "bmo", "revenue": 4154324000000, "revenueEstimated": null, "fiscalDateEnding": "2018-02-03", "updatedFromDate": "2023-05-17"}, {"date": "2018-05-03", "symbol": "NFG", "eps": 1.11, "epsEstimated": 1.06, "time": "amc", "revenue": 540905000, "revenueEstimated": 516539909.9099099, "fiscalDateEnding": "2018-03-30", "updatedFromDate": "2023-09-29"}, {"date": "2018-05-03", "symbol": "YELL", "eps": 0.44, "epsEstimated": 0.71, "time": "amc", "revenue": 1214500000, "revenueEstimated": null, "fiscalDateEnding": "2018-03-30", "updatedFromDate": "2023-09-29"}, {"date": "2018-05-03", "symbol": "BL", "eps": 0.01, "epsEstimated": 0.0042, "time": "amc", "revenue": 51284000, "revenueEstimated": 153852000, "fiscalDateEnding": "2018-03-30", "updatedFromDate": "2023-09-29"}, {"date": "2018-05-03", "symbol": "PARA", "eps": 1.34, "epsEstimated": 1.19, "time": "bmo", "revenue": 3761000000, "revenueEstimated": null, "fiscalDateEnding": "2018-03-30", "updatedFromDate": "2023-09-29"}, {"date": "2018-05-03", "symbol": "ED", "eps": 1.37, "epsEstimated": 1.33, "time": "amc", "revenue": 2696000000, "revenueEstimated": 3144608695.6521745, "fiscalDateEnding": "2018-02-03", "updatedFromDate": "2023-10-10"}, {"date": "2018-05-03", "symbol": "RTIX", "eps": 0.01, "epsEstimated": 0.007, "time": "bmo", "revenue": null, "revenueEstimated": null, "fiscalDateEnding": "2018-03-29", "updatedFromDate": "2023-05-17"}, {"date": "2018-05-03", "symbol": "OGE", "eps": 0.27, "epsEstimated": 0.15, "time": "bmo", "revenue": 492700000, "revenueEstimated": 365829746.625, "fiscalDateEnding": "2018-03-30", "updatedFromDate": "2023-09-29"}, {"date": "2018-05-03", "symbol": "G5EN.ST", "eps": 4.83, "epsEstimated": 3.66, "time": "bmo", "revenue": 372620000, "revenueEstimated": null, "fiscalDateEnding": "2018-03-31", "updatedFromDate": "2023-05-17"}, {"date": "2018-05-03", "symbol": "STAR-PI", "eps": 1.61, "epsEstimated": 0.39, "time": "bmo", "revenue": 364245000, "revenueEstimated": null, "fiscalDateEnding": "2018-03-30", "updatedFromDate": "2023-05-17"}, {"date": "2018-05-03", "symbol": "BAYRY", "eps": 0.69, "epsEstimated": 0.71, "time": "bmo", "revenue": 9138000000, "revenueEstimated": null, "fiscalDateEnding": "2018-03-31", "updatedFromDate": "2023-09-29"}, {"date": "2018-05-03", "symbol": "ENMPF", "eps": -0.1, "epsEstimated": -0.1, "time": "bmo", "revenue": null, "revenueEstimated": null, "fiscalDateEnding": "2018-03-31", "updatedFromDate": "2023-05-17"}, {"date": "2018-05-03", "symbol": "PPL", "eps": 0.74, "epsEstimated": 0.66, "time": "bmo", "revenue": 1939000000, "revenueEstimated": 1896162162.162162, "fiscalDateEnding": "2018-02-03", "updatedFromDate": "2023-10-10"}, {"date": "2018-05-03", "symbol": "CARG", "eps": 0.06, "epsEstimated": 0.02, "time": "amc", "revenue": 98701000, "revenueEstimated": 32900333.333333336, "fiscalDateEnding": "2018-03-30", "updatedFromDate": "2023-09-29"}, {"date": "2018-05-03", "symbol": "BNFT", "eps": -0.26, "epsEstimated": -0.39, "time": "amc", "revenue": 62363000, "revenueEstimated": 93544500, "fiscalDateEnding": "2018-03-30", "updatedFromDate": "2023-05-17"}, {"date": "2018-05-03", "symbol": "BASX", "eps": -0.87, "epsEstimated": -0.66, "time": "bmo", "revenue": 234665000, "revenueEstimated": 234413.7931034483, "fiscalDateEnding": "2018-03-30", "updatedFromDate": "2023-05-17"}, {"date": "2018-05-03", "symbol": "TPST", "eps": -46.41555, "epsEstimated": null, "time": "bmo", "revenue": 67000, "revenueEstimated": null, "fiscalDateEnding": "2018-03-30", "updatedFromDate": "2023-09-29"}, {"date": "2018-05-03", "symbol": "WIFI", "eps": -0.08, "epsEstimated": -0.17, "time": "amc", "revenue": 58159000, "revenueEstimated": 123590000, "fiscalDateEnding": "2018-03-30", "updatedFromDate": "2023-05-17"}, {"date": "2018-05-03", "symbol": "INEA.PA", "eps": 0.788, "epsEstimated": null, "time": "bmo", "revenue": 9609750, "revenueEstimated": null, "fiscalDateEnding": "2018-02-03", "updatedFromDate": "2023-05-17"}, {"date": "2018-05-03", "symbol": "1302.SR", "eps": null, "epsEstimated": null, "time": "bmo", "revenue": null, "revenueEstimated": null, "fiscalDateEnding": "2018-03-31", "updatedFromDate": "2023-05-17"}, {"date": "2018-05-03", "symbol": "PHXHF", "eps": -0.07, "epsEstimated": -0.023, "time": "bmo", "revenue": null, "revenueEstimated": null, "fiscalDateEnding": "2018-03-31", "updatedFromDate": "2023-08-16"}, {"date": "2018-05-03", "symbol": "ASPN", "eps": -0.29, "epsEstimated": -0.28, "time": "amc", "revenue": 23074000, "revenueEstimated": 22278344.82758621, "fiscalDateEnding": "2018-03-30", "updatedFromDate": "2023-09-29"}, {"date": "2018-05-03", "symbol": "CMPVF", "eps": 0.49, "epsEstimated": 0.42, "time": "bmo", "revenue": null, "revenueEstimated": null, "fiscalDateEnding": "2018-03-31", "updatedFromDate": "2023-08-16"}, {"date": "2018-05-03", "symbol": "MPW", "eps": 0.25, "epsEstimated": 0.27, "time": "bmo", "revenue": 205046000, "revenueEstimated": 221449680, "fiscalDateEnding": "2018-03-30", "updatedFromDate": "2023-09-29"}, {"date": "2018-05-03", "symbol": "UNJCF", "eps": 0.04, "epsEstimated": 0.03, "time": "bmo", "revenue": null, "revenueEstimated": null, "fiscalDateEnding": "2018-03-31", "updatedFromDate": "2023-05-17"}, {"date": "2018-05-03", "symbol": "RACE.MI", "eps": 0.78, "epsEstimated": 0.73, "time": "bmo", "revenue": 831004000, "revenueEstimated": null, "fiscalDateEnding": "2018-03-30", "updatedFromDate": "2023-05-17"}, {"date": "2018-05-03", "symbol": "TBCRF", "eps": 0.15, "epsEstimated": 0.17, "time": "bmo", "revenue": null, "revenueEstimated": null, "fiscalDateEnding": "2018-03-31", "updatedFromDate": "2023-08-16"}, {"date": "2018-05-03", "symbol": "NANX", "eps": -0.03, "epsEstimated": null, "time": "amc", "revenue": 2897765, "revenueEstimated": null, "fiscalDateEnding": "2018-03-30", "updatedFromDate": "2023-09-29"}, {"date": "2018-05-03", "symbol": "BIOPOR.CO", "eps": -0.05731, "epsEstimated": null, "time": "bmo", "revenue": 4613000, "revenueEstimated": null, "fiscalDateEnding": "2018-03-31", "updatedFromDate": "2023-08-25"}, {"date": "2018-05-03", "symbol": "DSHK", "eps": -0.24329, "epsEstimated": null, "time": "bmo", "revenue": 66660000, "revenueEstimated": null, "fiscalDateEnding": "2018-03-31", "updatedFromDate": "2023-09-29"}, {"date": "2018-05-03", "symbol": "GEOS", "eps": -0.36, "epsEstimated": null, "time": "amc", "revenue": 19247000, "revenueEstimated": null, "fiscalDateEnding": "2018-03-30", "updatedFromDate": "2023-09-29"}, {"date": "2018-05-03", "symbol": "GOVX", "eps": -200000, "epsEstimated": null, "time": "bmo", "revenue": 221299, "revenueEstimated": null, "fiscalDateEnding": "2018-03-30", "updatedFromDate": "2023-09-29"}, {"date": "2018-05-03", "symbol": "HUFV-A.ST", "eps": 0.93, "epsEstimated": 1.28, "time": "bmo", "revenue": 466600000, "revenueEstimated": null, "fiscalDateEnding": "2018-03-30", "updatedFromDate": "2023-05-17"}, {"date": "2018-05-03", "symbol": "MLCO", "eps": 0.32, "epsEstimated": 0.27, "time": "bmo", "revenue": 1313148000, "revenueEstimated": 1107928125, "fiscalDateEnding": "2018-03-31", "updatedFromDate": "2023-09-29"}, {"date": "2018-05-03", "symbol": "ODT", "eps": -0.69, "epsEstimated": -0.86, "time": "bmo", "revenue": null, "revenueEstimated": null, "fiscalDateEnding": "2018-03-30", "updatedFromDate": "2023-09-29"}, {"date": "2018-05-03", "symbol": "VMC", "eps": 0.44, "epsEstimated": 0.22, "time": "bmo", "revenue": 854474000, "revenueEstimated": 427250000, "fiscalDateEnding": "2018-03-30", "updatedFromDate": "2023-09-29"}, {"date": "2018-05-03", "symbol": "1558.TW", "eps": -0.91, "epsEstimated": 0.2, "time": "bmo", "revenue": 1048095000, "revenueEstimated": null, "fiscalDateEnding": "2018-03-30", "updatedFromDate": "2023-05-17"}, {"date": "2018-05-03", "symbol": "BNORDIK-CSE.CO", "eps": 5.47, "epsEstimated": 3.34, "time": "bmo", "revenue": 193736000, "revenueEstimated": null, "fiscalDateEnding": "2018-03-31", "updatedFromDate": "2023-08-16"}, {"date": "2018-05-03", "symbol": "WING", "eps": 0.25, "epsEstimated": 0.2, "time": "amc", "revenue": 37389000, "revenueEstimated": 29912000, "fiscalDateEnding": "2018-03-30", "updatedFromDate": "2023-09-29"}, {"date": "2018-05-03", "symbol": "SCCC.BK", "eps": 2.8, "epsEstimated": 2.75, "time": "bmo", "revenue": 10903637000, "revenueEstimated": null, "fiscalDateEnding": "2018-03-31", "updatedFromDate": "2023-08-16"}, {"date": "2018-05-03", "symbol": "ECR.MC", "eps": 0.1792, "epsEstimated": null, "time": "bmo", "revenue": 177214000, "revenueEstimated": null, "fiscalDateEnding": "2018-02-03", "updatedFromDate": "2023-05-17"}, {"date": "2018-05-03", "symbol": "3714.TW", "eps": 0.37, "epsEstimated": 0.22, "time": "bmo", "revenue": null, "revenueEstimated": null, "fiscalDateEnding": "2018-03-31", "updatedFromDate": "2023-05-17"}, {"date": "2018-05-03", "symbol": "SRP.PA", "eps": -0.02135, "epsEstimated": null, "time": "bmo", "revenue": 672234000, "revenueEstimated": null, "fiscalDateEnding": "2018-03-31", "updatedFromDate": "2023-05-17"}, {"date": "2018-05-03", "symbol": "DDM.ST", "eps": 0.07352, "epsEstimated": null, "time": "bmo", "revenue": 10912000, "revenueEstimated": null, "fiscalDateEnding": "2018-03-31", "updatedFromDate": "2023-05-17"}, {"date": "2018-05-03", "symbol": "RFP.TO", "eps": 0.18, "epsEstimated": 0.3, "time": "bmo", "revenue": 874000000, "revenueEstimated": null, "fiscalDateEnding": "2018-03-30", "updatedFromDate": "2023-05-17"}, {"date": "2018-05-03", "symbol": "MTOR", "eps": 0.75, "epsEstimated": 0.65, "time": "bmo", "revenue": 1066000000, "revenueEstimated": 1706466666.6666667, "fiscalDateEnding": "2018-03-30", "updatedFromDate": "2023-05-17"}, {"date": "2018-05-03", "symbol": "CTIC", "eps": -0.05, "epsEstimated": -0.07, "time": "amc", "revenue": 10477000, "revenueEstimated": 12206250, "fiscalDateEnding": "2018-03-30", "updatedFromDate": "2023-09-29"}, {"date": "2018-05-03", "symbol": "MSCI", "eps": 1.31, "epsEstimated": 1.26, "time": "bmo", "revenue": 351316000, "revenueEstimated": 337906992.36641216, "fiscalDateEnding": "2018-03-30", "updatedFromDate": "2023-09-29"}, {"date": "2018-05-03", "symbol": "WTE.TO", "eps": 0.33, "epsEstimated": 0.33, "time": "bmo", "revenue": 83919000, "revenueEstimated": null, "fiscalDateEnding": "2018-03-30", "updatedFromDate": "2023-05-17"}, {"date": "2018-05-03", "symbol": "ORN", "eps": -0.01, "epsEstimated": -0.09, "time": "bmo", "revenue": 136843000, "revenueEstimated": 87970499.99999999, "fiscalDateEnding": "2018-03-30", "updatedFromDate": "2023-09-29"}, {"date": "2018-05-03", "symbol": "WLK", "eps": 2.2, "epsEstimated": 2.48, "time": "bmo", "revenue": 2150000000, "revenueEstimated": 2073214285.7142859, "fiscalDateEnding": "2018-03-30", "updatedFromDate": "2023-09-29"}, {"date": "2018-05-03", "symbol": "RUBI", "eps": -0.44, "epsEstimated": -0.42, "time": "bmo", "revenue": 24876000, "revenueEstimated": 23745272.727272727, "fiscalDateEnding": "2018-03-30", "updatedFromDate": "2023-05-17"}, {"date": "2018-05-03", "symbol": "ESI", "eps": 0.21, "epsEstimated": 0.2, "time": "bmo", "revenue": 964100000, "revenueEstimated": 469047619.0476191, "fiscalDateEnding": "2018-03-30", "updatedFromDate": "2023-09-29"}, {"date": "2018-05-03", "symbol": "G", "eps": 0.39, "epsEstimated": 0.37, "time": "amc", "revenue": 688912000, "revenueEstimated": 653571794.8717948, "fiscalDateEnding": "2018-03-30", "updatedFromDate": "2023-09-29"}, {"date": "2018-05-03", "symbol": "AAWW", "eps": 0.86, "epsEstimated": 0.53, "time": "bmo", "revenue": 590014000, "revenueEstimated": 363613279.0697674, "fiscalDateEnding": "2018-03-30", "updatedFromDate": "2023-05-17"}, {"date": "2018-05-03", "symbol": "HII", "eps": 3.48, "epsEstimated": 4.07, "time": "bmo", "revenue": 1874000000, "revenueEstimated": 2191718390.8045983, "fiscalDateEnding": "2018-03-30", "updatedFromDate": "2023-09-29"}, {"date": "2018-05-03", "symbol": "EFR.TO", "eps": -0.13, "epsEstimated": -0.11, "time": "bmo", "revenue": 1254000, "revenueEstimated": null, "fiscalDateEnding": "2018-03-31", "updatedFromDate": "2023-10-16"}, {"date": "2018-05-03", "symbol": "PRMW", "eps": -0.02, "epsEstimated": -0.00701, "time": "amc", "revenue": 560800000, "revenueEstimated": 92073750, "fiscalDateEnding": "2018-03-30", "updatedFromDate": "2023-09-29"}, {"date": "2018-05-03", "symbol": "CHD", "eps": 0.63, "epsEstimated": 0.61, "time": "bmo", "revenue": 1006000000, "revenueEstimated": 974063492.0634921, "fiscalDateEnding": "2018-03-30", "updatedFromDate": "2023-09-29"}, {"date": "2018-05-03", "symbol": "TSLX", "eps": 0.51, "epsEstimated": 0.46, "time": "amc", "revenue": 38079000, "revenueEstimated": 52106274.50980392, "fiscalDateEnding": "2018-03-30", "updatedFromDate": "2023-09-29"}, {"date": "2018-05-03", "symbol": "267250.KS", "eps": 12715, "epsEstimated": 15802, "time": "bmo", "revenue": 6274933656000, "revenueEstimated": null, "fiscalDateEnding": "2018-03-30", "updatedFromDate": "2023-08-16"}, {"date": "2018-05-03", "symbol": "MTSAF", "eps": 0.15, "epsEstimated": 0.14, "time": "bmo", "revenue": null, "revenueEstimated": 37333333.333333336, "fiscalDateEnding": "2018-03-31", "updatedFromDate": "2023-05-17"}, {"date": "2018-05-03", "symbol": "INTT", "eps": 0.22, "epsEstimated": 0.18, "time": "amc", "revenue": 18871000, "revenueEstimated": 14581363.636363639, "fiscalDateEnding": "2018-03-30", "updatedFromDate": "2023-09-29"}, {"date": "2018-05-03", "symbol": "VSTM", "eps": -4.92, "epsEstimated": -4.92, "time": "bmo", "revenue": null, "revenueEstimated": null, "fiscalDateEnding": "2018-03-30", "updatedFromDate": "2023-09-29"}, {"date": "2018-05-03", "symbol": "LNXSF", "eps": 1.33, "epsEstimated": 1.12, "time": "bmo", "revenue": null, "revenueEstimated": null, "fiscalDateEnding": "2018-03-31", "updatedFromDate": "2023-05-17"}, {"date": "2018-05-03", "symbol": "STOR", "eps": 0.26, "epsEstimated": 0.22, "time": "bmo", "revenue": 125842000, "revenueEstimated": 106446153.84615384, "fiscalDateEnding": "2018-03-30", "updatedFromDate": "2023-05-17"}, {"date": "2018-05-03", "symbol": "6173.TWO", "eps": 0.87, "epsEstimated": 0.53, "time": "bmo", "revenue": 946460000, "revenueEstimated": null, "fiscalDateEnding": "2018-03-30", "updatedFromDate": "2023-05-17"}, {"date": "2018-05-03", "symbol": "CRC", "eps": 0.18, "epsEstimated": 0.77, "time": "bmo", "revenue": 647000000, "revenueEstimated": 2605166666.6666665, "fiscalDateEnding": "2018-03-30", "updatedFromDate": "2023-09-29"}, {"date": "2018-05-03", "symbol": "COIC.ST", "eps": 2.25, "epsEstimated": 2.08, "time": "bmo", "revenue": 603000000, "revenueEstimated": null, "fiscalDateEnding": "2018-03-30", "updatedFromDate": "2023-05-17"}, {"date": "2018-05-03", "symbol": "RHKJF", "eps": null, "epsEstimated": null, "time": "bmo", "revenue": null, "revenueEstimated": null, "fiscalDateEnding": "2018-03-31", "updatedFromDate": "2023-05-17"}, {"date": "2018-05-03", "symbol": "IVR", "eps": 3.87, "epsEstimated": 3.86, "time": "amc", "revenue": 64356000, "revenueEstimated": 153200000, "fiscalDateEnding": "2018-03-30", "updatedFromDate": "2023-09-29"}, {"date": "2018-05-03", "symbol": "MRETF", "eps": 0.65, "epsEstimated": 0.6, "time": "bmo", "revenue": null, "revenueEstimated": null, "fiscalDateEnding": "2018-03-30", "updatedFromDate": "2023-08-16"}, {"date": "2018-05-03", "symbol": "200780.KQ", "eps": null, "epsEstimated": null, "time": "bmo", "revenue": null, "revenueEstimated": null, "fiscalDateEnding": "2018-03-31", "updatedFromDate": "2023-05-17"}, {"date": "2018-05-03", "symbol": "LXRX", "eps": -0.4, "epsEstimated": -0.42, "time": "bmo", "revenue": 25207000, "revenueEstimated": 28575000, "fiscalDateEnding": "2018-03-30", "updatedFromDate": "2023-09-29"}, {"date": "2018-05-03", "symbol": "WLDN", "eps": 0.37, "epsEstimated": 0.27, "time": "amc", "revenue": 54595000, "revenueEstimated": 56869791.66666667, "fiscalDateEnding": "2018-03-29", "updatedFromDate": "2023-09-29"}, {"date": "2018-05-03", "symbol": "UNI.MC", "eps": 0.04, "epsEstimated": 0.03, "time": "bmo", "revenue": 265200000, "revenueEstimated": null, "fiscalDateEnding": "2018-03-30", "updatedFromDate": "2023-08-16"}, {"date": "2018-05-03", "symbol": "SFM", "eps": 0.5, "epsEstimated": 0.49, "time": "bmo", "revenue": 1287196000, "revenueEstimated": 1261456000, "fiscalDateEnding": "2018-03-31", "updatedFromDate": "2023-09-29"}, {"date": "2018-05-03", "symbol": "CCOI", "eps": 0.15, "epsEstimated": 0.15, "time": "bmo", "revenue": 128706000, "revenueEstimated": 128700000, "fiscalDateEnding": "2018-03-30", "updatedFromDate": "2023-09-29"}, {"date": "2018-05-03", "symbol": "BCE", "eps": 0.8, "epsEstimated": 0.82, "time": "bmo", "revenue": 5590000000, "revenueEstimated": 5729749999.999999, "fiscalDateEnding": "2018-03-31", "updatedFromDate": "2023-09-29"}, {"date": "2018-05-03", "symbol": "GSIT", "eps": 0.01, "epsEstimated": 0.00444, "time": "amc", "revenue": 11191000, "revenueEstimated": 44760000, "fiscalDateEnding": "2018-03-30", "updatedFromDate": "2023-09-29"}, {"date": "2018-05-03", "symbol": "WTS", "eps": 0.82, "epsEstimated": 0.79, "time": "amc", "revenue": 378500000, "revenueEstimated": 364652439.0243903, "fiscalDateEnding": "2018-03-31", "updatedFromDate": "2023-09-29"}, {"date": "2018-05-03", "symbol": "SNCAF", "eps": 0.51, "epsEstimated": 0.55, "time": "bmo", "revenue": null, "revenueEstimated": null, "fiscalDateEnding": "2018-03-31", "updatedFromDate": "2023-05-17"}, {"date": "2018-05-03", "symbol": "EPC", "eps": 1.31, "epsEstimated": 1.18, "time": "bmo", "revenue": 608100000, "revenueEstimated": 547754198.4732825, "fiscalDateEnding": "2018-03-30", "updatedFromDate": "2023-09-29"}, {"date": "2018-05-03", "symbol": "INTEQ", "eps": -0.52, "epsEstimated": -0.29, "time": "bmo", "revenue": 543782000, "revenueEstimated": 417680826.75, "fiscalDateEnding": "2018-03-30", "updatedFromDate": "2023-09-29"}, {"date": "2018-05-03", "symbol": "XINXF", "eps": 1.09, "epsEstimated": 1.17, "time": "bmo", "revenue": null, "revenueEstimated": null, "fiscalDateEnding": "2018-03-31", "updatedFromDate": "2023-08-16"}, {"date": "2018-05-03", "symbol": "NRG", "eps": 0.87, "epsEstimated": 0.14, "time": "bmo", "revenue": 2421000000, "revenueEstimated": 332298850.5747127, "fiscalDateEnding": "2018-03-30", "updatedFromDate": "2023-09-29"}, {"date": "2018-05-03", "symbol": "GCI", "eps": -0.07, "epsEstimated": -0.01346, "time": "bmo", "revenue": 340765000, "revenueEstimated": 78646153.84615383, "fiscalDateEnding": "2018-03-31", "updatedFromDate": "2023-09-29"}, {"date": "2018-05-03", "symbol": "HZN", "eps": -0.32, "epsEstimated": -0.15, "time": "bmo", "revenue": 216810000, "revenueEstimated": 160981425, "fiscalDateEnding": "2018-03-30", "updatedFromDate": "2023-05-17"}, {"date": "2018-05-03", "symbol": "GPRO", "eps": -0.34, "epsEstimated": -0.4, "time": "amc", "revenue": 202346000, "revenueEstimated": 226100000, "fiscalDateEnding": "2018-03-30", "updatedFromDate": "2023-09-29"}, {"date": "2018-05-03", "symbol": "LOIMF", "eps": 0.52, "epsEstimated": null, "time": "bmo", "revenue": null, "revenueEstimated": null, "fiscalDateEnding": "2018-03-31", "updatedFromDate": "2023-09-29"}, {"date": "2018-05-03", "symbol": "MGNI", "eps": 0.44, "epsEstimated": 0.42, "time": "bmo", "revenue": 24876000, "revenueEstimated": 23691428, "fiscalDateEnding": "2018-03-30", "updatedFromDate": "2023-09-29"}, {"date": "2018-05-03", "symbol": "AHT", "eps": -39, "epsEstimated": 28, "time": "amc", "revenue": 342207000, "revenueEstimated": 342200000, "fiscalDateEnding": "2018-03-30", "updatedFromDate": "2023-09-29"}, {"date": "2018-05-03", "symbol": "LIND", "eps": 0.24, "epsEstimated": 0.04425, "time": "bmo", "revenue": 82410000, "revenueEstimated": 13733333.33333334, "fiscalDateEnding": "2018-03-30", "updatedFromDate": "2023-09-29"}, {"date": "2018-05-03", "symbol": "NGVC", "eps": 0.15, "epsEstimated": 0.12, "time": "amc", "revenue": 215911000, "revenueEstimated": 172728800, "fiscalDateEnding": "2018-03-30", "updatedFromDate": "2023-09-29"}, {"date": "2018-05-03", "symbol": "SWIR", "eps": 0.09, "epsEstimated": 0.07, "time": "amc", "revenue": 186878000, "revenueEstimated": 145366666.6666667, "fiscalDateEnding": "2018-03-30", "updatedFromDate": "2023-05-17"}, {"date": "2018-05-03", "symbol": "CI", "eps": 4.11, "epsEstimated": 3.44, "time": "bmo", "revenue": 11380000000, "revenueEstimated": 8963008849, "fiscalDateEnding": "2018-03-31", "updatedFromDate": "2023-09-29"}, {"date": "2018-05-03", "symbol": "GENC", "eps": 0.26, "epsEstimated": null, "time": "bmo", "revenue": 30829000, "revenueEstimated": null, "fiscalDateEnding": "2018-03-30", "updatedFromDate": "2023-09-29"}, {"date": "2018-05-03", "symbol": "PMT-PB", "eps": 0.35, "epsEstimated": 0.3, "time": "bmo", "revenue": null, "revenueEstimated": null, "fiscalDateEnding": "2018-03-30", "updatedFromDate": "2023-05-17"}, {"date": "2018-05-03", "symbol": "1211.SR", "eps": 0.54, "epsEstimated": 0.35, "time": "bmo", "revenue": 3563627102, "revenueEstimated": null, "fiscalDateEnding": "2018-03-30", "updatedFromDate": "2023-05-17"}, {"date": "2018-05-03", "symbol": "BDXA", "eps": 2.65, "epsEstimated": 2.63, "time": "bmo", "revenue": 4222000000, "revenueEstimated": null, "fiscalDateEnding": "2018-03-31", "updatedFromDate": "2023-10-09"}, {"date": "2018-05-03", "symbol": "CATM", "eps": 0.46, "epsEstimated": 0.27, "time": "amc", "revenue": 336184000, "revenueEstimated": 246534932.25, "fiscalDateEnding": "2018-03-30", "updatedFromDate": "2023-05-17"}, {"date": "2018-05-03", "symbol": "CNX", "eps": 0.19, "epsEstimated": 0.12, "time": "bmo", "revenue": 460642000, "revenueEstimated": 331505263.1578948, "fiscalDateEnding": "2018-03-30", "updatedFromDate": "2023-09-29"}, {"date": "2018-05-03", "symbol": "CACC", "eps": 6.17, "epsEstimated": 6.19, "time": "amc", "revenue": 294900000, "revenueEstimated": 296558184.7649919, "fiscalDateEnding": "2018-03-30", "updatedFromDate": "2023-09-29"}, {"date": "2018-05-03", "symbol": "SEE", "eps": 0.51, "epsEstimated": 0.5, "time": "bmo", "revenue": 1131000000, "revenueEstimated": 1131000000, "fiscalDateEnding": "2018-03-30", "updatedFromDate": "2023-09-29"}, {"date": "2018-05-03", "symbol": "BTE", "eps": -0.21, "epsEstimated": -0.13, "time": "amc", "revenue": 286067000, "revenueEstimated": 265505934.375, "fiscalDateEnding": "2018-03-31", "updatedFromDate": "2023-09-29"}, {"date": "2018-05-03", "symbol": "CNQ", "eps": 0.56, "epsEstimated": 0.57, "time": "bmo", "revenue": 5735000000, "revenueEstimated": 5242704225.352114, "fiscalDateEnding": "2018-03-31", "updatedFromDate": "2023-09-29"}, {"date": "2018-05-03", "symbol": "BOEUF", "eps": null, "epsEstimated": null, "time": "bmo", "revenue": null, "revenueEstimated": null, "fiscalDateEnding": "2018-03-31", "updatedFromDate": "2023-05-17"}, {"date": "2018-05-03", "symbol": "REGN", "eps": 4.67, "epsEstimated": 4.35, "time": "bmo", "revenue": 1511485000, "revenueEstimated": 1407928265.524625, "fiscalDateEnding": "2018-03-30", "updatedFromDate": "2023-09-29"}, {"date": "2018-05-03", "symbol": "FFG", "eps": 1.1, "epsEstimated": 1.22, "time": "amc", "revenue": null, "revenueEstimated": 202048636.36363634, "fiscalDateEnding": "2018-03-30", "updatedFromDate": "2023-05-17"}, {"date": "2018-05-03", "symbol": "AFRAF", "eps": -0.54, "epsEstimated": -0.37, "time": "bmo", "revenue": null, "revenueEstimated": null, "fiscalDateEnding": "2018-03-31", "updatedFromDate": "2023-05-17"}, {"date": "2018-05-03", "symbol": "AGO", "eps": 1.33, "epsEstimated": 0.75, "time": "amc", "revenue": 293000000, "revenueEstimated": 137164498.875, "fiscalDateEnding": "2018-03-30", "updatedFromDate": "2023-09-29"}, {"date": "2018-05-03", "symbol": "HPP", "eps": 0.31, "epsEstimated": 0.07, "time": "bmo", "revenue": 174118000, "revenueEstimated": 39312903.22580645, "fiscalDateEnding": "2018-03-30", "updatedFromDate": "2023-09-29"}, {"date": "2018-05-03", "symbol": "AMH-PH", "eps": 0.02, "epsEstimated": 0.033, "time": "bmo", "revenue": null, "revenueEstimated": null, "fiscalDateEnding": "2018-03-30", "updatedFromDate": "2023-05-17"}, {"date": "2018-05-03", "symbol": "BRKR", "eps": 0.24, "epsEstimated": 0.22, "time": "amc", "revenue": 431700000, "revenueEstimated": 395725000.00000006, "fiscalDateEnding": "2018-03-30", "updatedFromDate": "2023-09-29"}, {"date": "2018-05-03", "symbol": "RP", "eps": 0.37, "epsEstimated": 0.34, "time": "amc", "revenue": 201301000, "revenueEstimated": 184978378.3783784, "fiscalDateEnding": "2018-03-30", "updatedFromDate": "2023-05-17"}, {"date": "2018-05-03", "symbol": "APO", "eps": -0.3, "epsEstimated": -0.14621, "time": "bmo", "revenue": 166903000, "revenueEstimated": 83451500, "fiscalDateEnding": "2018-03-31", "updatedFromDate": "2023-09-29"}, {"date": "2018-05-03", "symbol": "ASPO.HE", "eps": 0.05, "epsEstimated": 0.14, "time": "bmo", "revenue": 115300000, "revenueEstimated": null, "fiscalDateEnding": "2018-03-30", "updatedFromDate": "2023-05-17"}]}