{"result": [{"date": "2018-11-27", "symbol": "LMGDF", "eps": null, "epsEstimated": null, "time": "bmo", "revenue": null, "revenueEstimated": null, "fiscalDateEnding": "2018-09-30", "updatedFromDate": "2023-05-17"}, {"date": "2018-11-27", "symbol": "SBOEF", "eps": null, "epsEstimated": null, "time": "bmo", "revenue": null, "revenueEstimated": null, "fiscalDateEnding": "2018-09-30", "updatedFromDate": "2023-08-16"}, {"date": "2018-11-27", "symbol": "AQUA", "eps": 0.12, "epsEstimated": 0.17, "time": "bmo", "revenue": 366326000, "revenueEstimated": 366326000, "fiscalDateEnding": "2018-09-29", "updatedFromDate": "2023-09-29"}, {"date": "2018-11-27", "symbol": "DSY.V", "eps": null, "epsEstimated": null, "time": "bmo", "revenue": null, "revenueEstimated": null, "fiscalDateEnding": "2018-12-31", "updatedFromDate": "2023-05-17"}, {"date": "2018-11-27", "symbol": "KSI.TO", "eps": -0.04, "epsEstimated": -0.03, "time": "bmo", "revenue": 248666, "revenueEstimated": null, "fiscalDateEnding": "2018-09-30", "updatedFromDate": "2023-08-17"}, {"date": "2018-11-27", "symbol": "KNKZF", "eps": -1.17, "epsEstimated": -1.98, "time": "bmo", "revenue": null, "revenueEstimated": 558461.5384615385, "fiscalDateEnding": "2018-12-31", "updatedFromDate": "2023-05-17"}, {"date": "2018-11-27", "symbol": "ANLBF", "eps": null, "epsEstimated": null, "time": "bmo", "revenue": null, "revenueEstimated": null, "fiscalDateEnding": "2018-09-30", "updatedFromDate": "2023-05-17"}, {"date": "2018-11-27", "symbol": "CJA.F", "eps": 0.42, "epsEstimated": 0.41, "time": "bmo", "revenue": null, "revenueEstimated": null, "fiscalDateEnding": "2019-03-31", "updatedFromDate": "2023-05-17"}, {"date": "2018-11-27", "symbol": "EV", "eps": 0.85, "epsEstimated": 0.84, "time": "bmo", "revenue": 435974000, "revenueEstimated": 425726823.5294118, "fiscalDateEnding": "2018-10-30", "updatedFromDate": "2023-05-17"}, {"date": "2018-11-27", "symbol": "TIO", "eps": -0.28216, "epsEstimated": null, "time": "bmo", "revenue": 2216000, "revenueEstimated": null, "fiscalDateEnding": "2018-09-30", "updatedFromDate": "2023-09-29"}, {"date": "2018-11-27", "symbol": "CHYMF", "eps": null, "epsEstimated": null, "time": "bmo", "revenue": null, "revenueEstimated": null, "fiscalDateEnding": "2018-09-30", "updatedFromDate": "2023-05-17"}, {"date": "2018-11-27", "symbol": "KSIOF", "eps": -0.04, "epsEstimated": -0.03, "time": "amc", "revenue": null, "revenueEstimated": null, "fiscalDateEnding": "2018-09-30", "updatedFromDate": "2023-08-16"}, {"date": "2018-11-27", "symbol": "QUINENCO.SN", "eps": 93.41, "epsEstimated": null, "time": "bmo", "revenue": 1431215824000, "revenueEstimated": null, "fiscalDateEnding": "2018-08-27", "updatedFromDate": "2023-05-17"}, {"date": "2018-11-27", "symbol": "ITHUF", "eps": -0.14786, "epsEstimated": null, "time": "bmo", "revenue": 939098, "revenueEstimated": null, "fiscalDateEnding": "2018-09-29", "updatedFromDate": "2023-05-17"}, {"date": "2018-11-27", "symbol": "SMRT", "eps": null, "epsEstimated": null, "time": "bmo", "revenue": null, "revenueEstimated": null, "fiscalDateEnding": "2018-09-29", "updatedFromDate": "2023-09-29"}, {"date": "2018-11-27", "symbol": "PETS.L", "eps": null, "epsEstimated": null, "time": "bmo", "revenue": null, "revenueEstimated": null, "fiscalDateEnding": "2018-08-27", "updatedFromDate": "2023-10-17"}, {"date": "2018-11-27", "symbol": "AANNF", "eps": 0.06, "epsEstimated": 0.09, "time": "bmo", "revenue": null, "revenueEstimated": null, "fiscalDateEnding": "2018-09-30", "updatedFromDate": "2023-05-17"}, {"date": "2018-11-27", "symbol": "QUIS.V", "eps": -0.01, "epsEstimated": null, "time": "bmo", "revenue": 3234208, "revenueEstimated": null, "fiscalDateEnding": "2018-09-30", "updatedFromDate": "2023-10-16"}, {"date": "2018-11-27", "symbol": "PINK.V", "eps": null, "epsEstimated": null, "time": "bmo", "revenue": null, "revenueEstimated": null, "fiscalDateEnding": "2018-09-30", "updatedFromDate": "2023-08-25"}, {"date": "2018-11-27", "symbol": "OOMA", "eps": -0.03, "epsEstimated": -0.06, "time": "amc", "revenue": 32608000, "revenueEstimated": 65216000, "fiscalDateEnding": "2018-10-30", "updatedFromDate": "2023-09-29"}, {"date": "2018-11-27", "symbol": "OOBHF", "eps": null, "epsEstimated": null, "time": "bmo", "revenue": null, "revenueEstimated": null, "fiscalDateEnding": "2018-12-31", "updatedFromDate": "2023-05-17"}, {"date": "2018-11-27", "symbol": "FLNG.OL", "eps": 0.03194, "epsEstimated": null, "time": "bmo", "revenue": 19008000, "revenueEstimated": null, "fiscalDateEnding": "2018-09-29", "updatedFromDate": "2023-05-17"}, {"date": "2018-11-27", "symbol": "PYNKF", "eps": null, "epsEstimated": null, "time": "bmo", "revenue": null, "revenueEstimated": null, "fiscalDateEnding": "2018-09-30", "updatedFromDate": "2023-08-25"}, {"date": "2018-11-27", "symbol": "GG.V", "eps": null, "epsEstimated": null, "time": "bmo", "revenue": null, "revenueEstimated": null, "fiscalDateEnding": "2018-09-30", "updatedFromDate": "2023-05-17"}, {"date": "2018-11-27", "symbol": "MCPNF", "eps": null, "epsEstimated": null, "time": "bmo", "revenue": null, "revenueEstimated": null, "fiscalDateEnding": "2018-09-30", "updatedFromDate": "2023-05-17"}, {"date": "2018-11-27", "symbol": "RTEXF", "eps": null, "epsEstimated": null, "time": "bmo", "revenue": null, "revenueEstimated": null, "fiscalDateEnding": "2018-09-30", "updatedFromDate": "2023-05-17"}, {"date": "2018-11-27", "symbol": "DSNY", "eps": 0.01561, "epsEstimated": null, "time": "amc", "revenue": 896013, "revenueEstimated": null, "fiscalDateEnding": "2018-08-30", "updatedFromDate": "2023-09-29"}, {"date": "2018-11-27", "symbol": "GXH.NZ", "eps": null, "epsEstimated": null, "time": "bmo", "revenue": null, "revenueEstimated": null, "fiscalDateEnding": "2018-09-30", "updatedFromDate": "2023-05-31"}, {"date": "2018-11-27", "symbol": "PTEEF", "eps": 0.06, "epsEstimated": null, "time": "bmo", "revenue": null, "revenueEstimated": null, "fiscalDateEnding": "2019-03-31", "updatedFromDate": "2023-09-29"}, {"date": "2018-11-27", "symbol": "IFX.V", "eps": 0.01, "epsEstimated": 0.00667, "time": "bmo", "revenue": 21316000, "revenueEstimated": null, "fiscalDateEnding": "2018-09-30", "updatedFromDate": "2023-08-25"}, {"date": "2018-11-27", "symbol": "BNS.TO", "eps": 1.77, "epsEstimated": 1.79, "time": "bmo", "revenue": 7279000000, "revenueEstimated": 7361248587.570622, "fiscalDateEnding": "2018-10-31", "updatedFromDate": "2023-05-17"}, {"date": "2018-11-27", "symbol": "NIOCF", "eps": null, "epsEstimated": null, "time": "bmo", "revenue": null, "revenueEstimated": null, "fiscalDateEnding": "2018-09-30", "updatedFromDate": "2023-05-17"}, {"date": "2018-11-27", "symbol": "THA.JO", "eps": 0.09, "epsEstimated": 0.11, "time": "bmo", "revenue": null, "revenueEstimated": null, "fiscalDateEnding": "2018-12-31", "updatedFromDate": "2023-08-17"}, {"date": "2018-11-27", "symbol": "ILHMF", "eps": null, "epsEstimated": null, "time": "bmo", "revenue": null, "revenueEstimated": null, "fiscalDateEnding": "2018-09-30", "updatedFromDate": "2023-05-17"}, {"date": "2018-11-27", "symbol": "ARCE", "eps": 0.04, "epsEstimated": 0.01015, "time": "amc", "revenue": 64902000, "revenueEstimated": 16225500, "fiscalDateEnding": "2018-09-30", "updatedFromDate": "2023-09-29"}, {"date": "2018-11-27", "symbol": "BRPHF", "eps": null, "epsEstimated": null, "time": "bmo", "revenue": null, "revenueEstimated": null, "fiscalDateEnding": "2018-09-30", "updatedFromDate": "2023-05-17"}, {"date": "2018-11-27", "symbol": "IAN.CN", "eps": -0.1, "epsEstimated": -0.06, "time": "bmo", "revenue": 1985505, "revenueEstimated": null, "fiscalDateEnding": "2018-08-27", "updatedFromDate": "2023-05-17"}, {"date": "2018-11-27", "symbol": "CPD.WA", "eps": -0.62021, "epsEstimated": null, "time": "bmo", "revenue": 4509000, "revenueEstimated": null, "fiscalDateEnding": "2018-12-30", "updatedFromDate": "2023-05-17"}, {"date": "2018-11-27", "symbol": "CO", "eps": 0.08, "epsEstimated": null, "time": "amc", "revenue": 247104000, "revenueEstimated": null, "fiscalDateEnding": "2018-09-29", "updatedFromDate": "2023-09-29"}, {"date": "2018-11-27", "symbol": "RIOFF", "eps": null, "epsEstimated": null, "time": "bmo", "revenue": null, "revenueEstimated": null, "fiscalDateEnding": "2018-09-30", "updatedFromDate": "2023-08-16"}, {"date": "2018-11-27", "symbol": "CWEB.TO", "eps": 0.03, "epsEstimated": 0.05, "time": "bmo", "revenue": 17736000, "revenueEstimated": null, "fiscalDateEnding": "2018-09-30", "updatedFromDate": "2023-08-25"}, {"date": "2018-11-27", "symbol": "ILC.V", "eps": null, "epsEstimated": null, "time": "bmo", "revenue": null, "revenueEstimated": null, "fiscalDateEnding": "2018-09-30", "updatedFromDate": "2023-05-17"}, {"date": "2018-11-27", "symbol": "IFLXF", "eps": 0.01, "epsEstimated": 0.02, "time": "bmo", "revenue": null, "revenueEstimated": null, "fiscalDateEnding": "2018-09-30", "updatedFromDate": "2023-08-17"}, {"date": "2018-11-27", "symbol": "VJET", "eps": -1.2, "epsEstimated": -0.65, "time": "amc", "revenue": 7121000, "revenueEstimated": null, "fiscalDateEnding": "2018-09-30", "updatedFromDate": "2023-09-29"}, {"date": "2018-11-27", "symbol": "SNA.CN", "eps": -0.00242, "epsEstimated": null, "time": "bmo", "revenue": 140414, "revenueEstimated": null, "fiscalDateEnding": "2019-06-30", "updatedFromDate": "2023-10-16"}, {"date": "2018-11-27", "symbol": "GTII.CN", "eps": -0.01, "epsEstimated": -0.00911, "time": "bmo", "revenue": 17171710, "revenueEstimated": null, "fiscalDateEnding": "2018-09-30", "updatedFromDate": "2023-10-16"}, {"date": "2018-11-27", "symbol": "ACUR", "eps": -0.05, "epsEstimated": null, "time": "amc", "revenue": 63000, "revenueEstimated": null, "fiscalDateEnding": "2018-08-27", "updatedFromDate": "2023-09-29"}, {"date": "2018-11-27", "symbol": "NPK.JO", "eps": null, "epsEstimated": null, "time": "bmo", "revenue": null, "revenueEstimated": null, "fiscalDateEnding": "2018-12-31", "updatedFromDate": "2023-05-17"}, {"date": "2018-11-27", "symbol": "PNADF", "eps": null, "epsEstimated": null, "time": "bmo", "revenue": null, "revenueEstimated": null, "fiscalDateEnding": "2018-09-30", "updatedFromDate": "2023-05-17"}, {"date": "2018-11-27", "symbol": "LVC.WA", "eps": 0.571, "epsEstimated": null, "time": "bmo", "revenue": 30177385, "revenueEstimated": null, "fiscalDateEnding": "2018-08-27", "updatedFromDate": "2023-10-17"}, {"date": "2018-11-27", "symbol": "TALK.ST", "eps": -0.08314, "epsEstimated": null, "time": "bmo", "revenue": 5829506, "revenueEstimated": null, "fiscalDateEnding": "2018-09-29", "updatedFromDate": "2023-05-17"}, {"date": "2018-11-27", "symbol": "AKO.A", "eps": 0.1, "epsEstimated": null, "time": "amc", "revenue": null, "revenueEstimated": null, "fiscalDateEnding": "2018-09-30", "updatedFromDate": "2023-09-29"}, {"date": "2018-11-27", "symbol": "LAIXY", "eps": -6.2, "epsEstimated": -2, "time": "amc", "revenue": null, "revenueEstimated": null, "fiscalDateEnding": "2018-09-30", "updatedFromDate": "2023-08-25"}, {"date": "2018-11-27", "symbol": "1317.HK", "eps": null, "epsEstimated": null, "time": "bmo", "revenue": null, "revenueEstimated": null, "fiscalDateEnding": "2018-08-27", "updatedFromDate": "2023-05-17"}, {"date": "2018-11-27", "symbol": "FBAYF", "eps": -0.04, "epsEstimated": -0.03, "time": "amc", "revenue": null, "revenueEstimated": null, "fiscalDateEnding": "2018-09-30", "updatedFromDate": "2023-08-16"}, {"date": "2018-11-27", "symbol": "8068.T", "eps": 9.83, "epsEstimated": null, "time": "bmo", "revenue": 26654000000, "revenueEstimated": null, "fiscalDateEnding": "2018-08-27", "updatedFromDate": "2023-10-17"}, {"date": "2018-11-27", "symbol": "CENT", "eps": 0.1, "epsEstimated": 0.09, "time": "amc", "revenue": 502314000, "revenueEstimated": 452069999.99999994, "fiscalDateEnding": "2018-09-28", "updatedFromDate": "2023-09-29"}, {"date": "2018-11-27", "symbol": "GGGOF", "eps": null, "epsEstimated": null, "time": "bmo", "revenue": null, "revenueEstimated": null, "fiscalDateEnding": "2018-09-30", "updatedFromDate": "2023-05-17"}, {"date": "2018-11-27", "symbol": "ATD.TO", "eps": 0.42, "epsEstimated": 0.41, "time": "bmo", "revenue": 14163000000, "revenueEstimated": null, "fiscalDateEnding": "2018-08-27", "updatedFromDate": "2023-10-17"}, {"date": "2018-11-27", "symbol": "NWFFF", "eps": null, "epsEstimated": null, "time": "bmo", "revenue": null, "revenueEstimated": null, "fiscalDateEnding": "2018-09-30", "updatedFromDate": "2023-05-17"}, {"date": "2018-11-27", "symbol": "ANCTF", "eps": 0.42, "epsEstimated": 0.41, "time": "bmo", "revenue": 14702800000, "revenueEstimated": null, "fiscalDateEnding": "2018-10-31", "updatedFromDate": "2023-11-28"}, {"date": "2018-11-27", "symbol": "CRM", "eps": 0.61, "epsEstimated": 0.5, "time": "amc", "revenue": 3392000000, "revenueEstimated": 2780327868.852459, "fiscalDateEnding": "2018-10-30", "updatedFromDate": "2023-09-29"}, {"date": "2018-11-27", "symbol": "FRIIF", "eps": null, "epsEstimated": null, "time": "bmo", "revenue": null, "revenueEstimated": null, "fiscalDateEnding": "2018-09-30", "updatedFromDate": "2023-05-17"}, {"date": "2018-11-27", "symbol": "MEDXF", "eps": -0.61, "epsEstimated": -0.15, "time": "bmo", "revenue": 2669641.101849, "revenueEstimated": null, "fiscalDateEnding": "2018-09-30", "updatedFromDate": "2023-11-28"}, {"date": "2018-11-27", "symbol": "NXE.TO", "eps": -0.06, "epsEstimated": -0.01667, "time": "bmo", "revenue": null, "revenueEstimated": null, "fiscalDateEnding": "2018-09-30", "updatedFromDate": "2023-08-16"}, {"date": "2018-11-27", "symbol": "BV", "eps": 0.35, "epsEstimated": 0.28, "time": "amc", "revenue": 581800000, "revenueEstimated": 465442400.0000001, "fiscalDateEnding": "2018-09-29", "updatedFromDate": "2023-09-29"}, {"date": "2018-11-27", "symbol": "QUIZ.L", "eps": null, "epsEstimated": null, "time": "bmo", "revenue": null, "revenueEstimated": null, "fiscalDateEnding": "2019-03-31", "updatedFromDate": "2023-10-17"}, {"date": "2018-11-27", "symbol": "EDDRF", "eps": null, "epsEstimated": null, "time": "bmo", "revenue": null, "revenueEstimated": null, "fiscalDateEnding": "2019-03-31", "updatedFromDate": "2023-08-16"}, {"date": "2018-11-27", "symbol": "AKO.B", "eps": 0.1, "epsEstimated": null, "time": "amc", "revenue": null, "revenueEstimated": null, "fiscalDateEnding": "2018-09-30", "updatedFromDate": "2023-09-29"}, {"date": "2018-11-27", "symbol": "TSGZF", "eps": null, "epsEstimated": null, "time": "bmo", "revenue": null, "revenueEstimated": null, "fiscalDateEnding": "2018-09-30", "updatedFromDate": "2023-05-17"}, {"date": "2018-11-27", "symbol": "2892.TW", "eps": 0.37, "epsEstimated": 0.4, "time": "bmo", "revenue": 13714398000, "revenueEstimated": null, "fiscalDateEnding": "2018-08-27", "updatedFromDate": "2023-05-17"}, {"date": "2018-11-27", "symbol": "AEGN.AT", "eps": null, "epsEstimated": null, "time": "bmo", "revenue": null, "revenueEstimated": null, "fiscalDateEnding": "2018-09-30", "updatedFromDate": "2023-05-17"}, {"date": "2018-11-27", "symbol": "BNS", "eps": 1.35, "epsEstimated": 1.35, "time": "bmo", "revenue": 7279000000, "revenueEstimated": 7319893258, "fiscalDateEnding": "2018-10-30", "updatedFromDate": "2023-09-29"}, {"date": "2018-11-27", "symbol": "MICT", "eps": -0.28216, "epsEstimated": null, "time": "bmo", "revenue": 2216000, "revenueEstimated": null, "fiscalDateEnding": "2018-09-29", "updatedFromDate": "2023-08-16"}, {"date": "2018-11-27", "symbol": "CENTA", "eps": 0.1, "epsEstimated": 0.08, "time": "amc", "revenue": 502314000, "revenueEstimated": 466210178.71875, "fiscalDateEnding": "2018-09-28", "updatedFromDate": "2023-10-10"}, {"date": "2018-11-27", "symbol": "SMRTQ", "eps": null, "epsEstimated": null, "time": "bmo", "revenue": null, "revenueEstimated": null, "fiscalDateEnding": "2018-09-30", "updatedFromDate": "2023-05-17"}, {"date": "2018-11-27", "symbol": "ESI.PA", "eps": null, "epsEstimated": null, "time": "bmo", "revenue": null, "revenueEstimated": null, "fiscalDateEnding": "2018-09-30", "updatedFromDate": "2023-05-17"}, {"date": "2018-11-27", "symbol": "GENO.ST", "eps": 0.00607, "epsEstimated": null, "time": "bmo", "revenue": 9206000, "revenueEstimated": null, "fiscalDateEnding": "2018-09-29", "updatedFromDate": "2023-08-16"}, {"date": "2018-11-27", "symbol": "7061.T", "eps": null, "epsEstimated": null, "time": "bmo", "revenue": null, "revenueEstimated": null, "fiscalDateEnding": "2018-09-30", "updatedFromDate": "2023-05-17"}, {"date": "2018-11-27", "symbol": "BMA", "eps": 1.41, "epsEstimated": 1.4, "time": "bmo", "revenue": 13635080000, "revenueEstimated": 16411952050, "fiscalDateEnding": "2018-09-30", "updatedFromDate": "2023-09-29"}, {"date": "2018-11-27", "symbol": "CBRL", "eps": 1.96, "epsEstimated": 1.91, "time": "bmo", "revenue": 733543000, "revenueEstimated": 714830168.367347, "fiscalDateEnding": "2018-11-01", "updatedFromDate": "2023-09-29"}, {"date": "2018-11-27", "symbol": "ANCUF", "eps": 0.42, "epsEstimated": 0.41, "time": "bmo", "revenue": null, "revenueEstimated": null, "fiscalDateEnding": "2018-09-30", "updatedFromDate": "2023-05-17"}, {"date": "2018-11-27", "symbol": "600556.SS", "eps": -0.0087, "epsEstimated": null, "time": "bmo", "revenue": 13039193.59, "revenueEstimated": null, "fiscalDateEnding": "2018-09-29", "updatedFromDate": "2023-05-17"}, {"date": "2018-11-27", "symbol": "GGGOD", "eps": null, "epsEstimated": null, "time": "bmo", "revenue": null, "revenueEstimated": null, "fiscalDateEnding": "2018-09-30", "updatedFromDate": "2023-05-17"}, {"date": "2018-11-27", "symbol": "GLXY.TO", "eps": -0.68304, "epsEstimated": null, "time": "bmo", "revenue": null, "revenueEstimated": null, "fiscalDateEnding": "2018-09-30", "updatedFromDate": "2023-08-16"}, {"date": "2018-11-27", "symbol": "SNAVF", "eps": -0.00159, "epsEstimated": null, "time": "bmo", "revenue": 462512, "revenueEstimated": null, "fiscalDateEnding": "2019-06-30", "updatedFromDate": "2023-10-16"}, {"date": "2018-11-27", "symbol": "GMELF", "eps": null, "epsEstimated": null, "time": "bmo", "revenue": null, "revenueEstimated": null, "fiscalDateEnding": "2018-09-30", "updatedFromDate": "2023-05-17"}, {"date": "2018-11-27", "symbol": "ECH.WA", "eps": 0.3577, "epsEstimated": null, "time": "bmo", "revenue": 273604000, "revenueEstimated": null, "fiscalDateEnding": "2018-08-27", "updatedFromDate": "2023-05-17"}, {"date": "2018-11-27", "symbol": "MDP.TO", "eps": -0.11132, "epsEstimated": -0.15, "time": "bmo", "revenue": 12284618.372943, "revenueEstimated": null, "fiscalDateEnding": "2018-08-27", "updatedFromDate": "2023-10-16"}, {"date": "2018-11-27", "symbol": "HIBB", "eps": 0.14, "epsEstimated": 0.19, "time": "bmo", "revenue": 216888000, "revenueEstimated": 247872000, "fiscalDateEnding": "2018-11-02", "updatedFromDate": "2023-09-29"}, {"date": "2018-11-27", "symbol": "6068.HK", "eps": null, "epsEstimated": null, "time": "bmo", "revenue": null, "revenueEstimated": null, "fiscalDateEnding": "2018-08-27", "updatedFromDate": "2023-05-17"}, {"date": "2018-11-27", "symbol": "GRKZF", "eps": 0.12, "epsEstimated": 0.13, "time": "bmo", "revenue": null, "revenueEstimated": null, "fiscalDateEnding": "2018-09-30", "updatedFromDate": "2023-05-17"}, {"date": "2018-11-27", "symbol": "SDRLF", "eps": -2.4, "epsEstimated": -1.46, "time": "bmo", "revenue": 292000000, "revenueEstimated": null, "fiscalDateEnding": "2018-08-27", "updatedFromDate": "2023-05-17"}, {"date": "2018-11-27", "symbol": "UNHLF", "eps": null, "epsEstimated": null, "time": "bmo", "revenue": null, "revenueEstimated": null, "fiscalDateEnding": "2019-03-31", "updatedFromDate": "2023-05-17"}, {"date": "2018-11-27", "symbol": "CWBHF", "eps": 0.02, "epsEstimated": 0.05, "time": "bmo", "revenue": 17736000, "revenueEstimated": 25539840, "fiscalDateEnding": "2018-09-30", "updatedFromDate": "2023-05-17"}, {"date": "2018-11-27", "symbol": "OGUN-B.ST", "eps": 0.4773, "epsEstimated": null, "time": "bmo", "revenue": 98461000, "revenueEstimated": null, "fiscalDateEnding": "2018-08-27", "updatedFromDate": "2023-05-17"}, {"date": "2018-11-27", "symbol": "NTNX", "eps": -0.13, "epsEstimated": -0.27, "time": "amc", "revenue": 335360000, "revenueEstimated": 650664692.3076924, "fiscalDateEnding": "2018-08-27", "updatedFromDate": "2023-09-29"}, {"date": "2018-11-27", "symbol": "AGZNF", "eps": null, "epsEstimated": null, "time": "bmo", "revenue": null, "revenueEstimated": null, "fiscalDateEnding": "2018-09-30", "updatedFromDate": "2023-05-17"}, {"date": "2018-11-27", "symbol": "AJB.L", "eps": 0.01867, "epsEstimated": null, "time": "bmo", "revenue": 26225500, "revenueEstimated": null, "fiscalDateEnding": "2018-08-27", "updatedFromDate": "2023-08-16"}, {"date": "2018-11-27", "symbol": "ORUP.ME", "eps": null, "epsEstimated": null, "time": "bmo", "revenue": null, "revenueEstimated": null, "fiscalDateEnding": "2018-08-27", "updatedFromDate": "2023-05-17"}, {"date": "2018-11-27", "symbol": "TIHRF", "eps": 0.09, "epsEstimated": 0.11, "time": "bmo", "revenue": null, "revenueEstimated": null, "fiscalDateEnding": "2018-12-31", "updatedFromDate": "2023-05-17"}, {"date": "2018-11-27", "symbol": "OPAP.AT", "eps": 0.12, "epsEstimated": 0.13, "time": "bmo", "revenue": null, "revenueEstimated": null, "fiscalDateEnding": "2018-09-30", "updatedFromDate": "2023-05-17"}, {"date": "2018-11-27", "symbol": "NTTHF", "eps": -0.02, "epsEstimated": -0.01769, "time": "bmo", "revenue": null, "revenueEstimated": null, "fiscalDateEnding": "2018-09-29", "updatedFromDate": "2023-05-17"}, {"date": "2018-11-27", "symbol": "VNRGF", "eps": 0.53, "epsEstimated": 0.52, "time": "bmo", "revenue": null, "revenueEstimated": null, "fiscalDateEnding": "2018-09-30", "updatedFromDate": "2023-05-17"}, {"date": "2018-11-27", "symbol": "HIPEF", "eps": null, "epsEstimated": null, "time": "bmo", "revenue": null, "revenueEstimated": null, "fiscalDateEnding": "2018-09-30", "updatedFromDate": "2023-05-17"}, {"date": "2018-11-27", "symbol": "RTX.CO", "eps": 2.79, "epsEstimated": null, "time": "bmo", "revenue": 153498000, "revenueEstimated": null, "fiscalDateEnding": "2018-09-30", "updatedFromDate": "2023-08-16"}, {"date": "2018-11-27", "symbol": "NABXF", "eps": null, "epsEstimated": null, "time": "bmo", "revenue": null, "revenueEstimated": null, "fiscalDateEnding": "2018-09-30", "updatedFromDate": "2023-05-17"}, {"date": "2018-11-27", "symbol": "AKO-B", "eps": 0.11, "epsEstimated": 0.19, "time": "bmo", "revenue": 345081649000, "revenueEstimated": 441341266878, "fiscalDateEnding": "2018-09-29", "updatedFromDate": "2023-05-17"}, {"date": "2018-11-27", "symbol": "GTBIF", "eps": 0.01, "epsEstimated": 0.01, "time": "bmo", "revenue": 17171710, "revenueEstimated": 17171710, "fiscalDateEnding": "2018-09-30", "updatedFromDate": "2023-09-29"}, {"date": "2018-11-27", "symbol": "LUKOY", "eps": 3.9, "epsEstimated": null, "time": "bmo", "revenue": null, "revenueEstimated": null, "fiscalDateEnding": "2018-09-30", "updatedFromDate": "2023-09-29"}, {"date": "2018-11-27", "symbol": "ZUE.WA", "eps": 0.02909, "epsEstimated": null, "time": "bmo", "revenue": 236743000, "revenueEstimated": null, "fiscalDateEnding": "2018-09-29", "updatedFromDate": "2023-05-17"}, {"date": "2018-11-27", "symbol": "NCNA", "eps": 8, "epsEstimated": 21.52, "time": "bmo", "revenue": null, "revenueEstimated": null, "fiscalDateEnding": "2018-09-30", "updatedFromDate": "2023-09-29"}, {"date": "2018-11-27", "symbol": "AMGO.L", "eps": 5.5, "epsEstimated": 5.1, "time": "bmo", "revenue": 71500000, "revenueEstimated": null, "fiscalDateEnding": "2018-08-27", "updatedFromDate": "2023-10-17"}, {"date": "2018-11-27", "symbol": "LCHTF", "eps": 0.571, "epsEstimated": null, "time": "bmo", "revenue": 30177385, "revenueEstimated": null, "fiscalDateEnding": "2018-08-27", "updatedFromDate": "2023-10-17"}, {"date": "2018-11-27", "symbol": "EFECTE.HE", "eps": null, "epsEstimated": -0.06, "time": "bmo", "revenue": null, "revenueEstimated": null, "fiscalDateEnding": "2018-08-27", "updatedFromDate": "2023-08-16"}, {"date": "2018-11-27", "symbol": "GVREIT.BK", "eps": 0.986, "epsEstimated": null, "time": "bmo", "revenue": 291006764, "revenueEstimated": null, "fiscalDateEnding": "2018-09-30", "updatedFromDate": "2023-08-16"}, {"date": "2018-11-27", "symbol": "LAIX", "eps": -13.73, "epsEstimated": -2, "time": "bmo", "revenue": 224461000, "revenueEstimated": 58210967.74193547, "fiscalDateEnding": "2018-08-27", "updatedFromDate": "2023-09-29"}, {"date": "2018-11-27", "symbol": "ESIGF", "eps": null, "epsEstimated": null, "time": "bmo", "revenue": null, "revenueEstimated": null, "fiscalDateEnding": "2018-09-30", "updatedFromDate": "2023-05-17"}, {"date": "2018-11-27", "symbol": "ALMDG.PA", "eps": 0.584, "epsEstimated": null, "time": "bmo", "revenue": 17042500, "revenueEstimated": null, "fiscalDateEnding": "2018-08-27", "updatedFromDate": "2023-05-17"}, {"date": "2018-11-27", "symbol": "NPKAF", "eps": null, "epsEstimated": null, "time": "bmo", "revenue": null, "revenueEstimated": null, "fiscalDateEnding": "2018-09-30", "updatedFromDate": "2023-05-17"}, {"date": "2018-11-27", "symbol": "RFK.WA", "eps": 0.09349, "epsEstimated": null, "time": "bmo", "revenue": 385448000, "revenueEstimated": null, "fiscalDateEnding": "2018-12-30", "updatedFromDate": "2023-05-17"}, {"date": "2018-11-27", "symbol": "RATI.TA", "eps": null, "epsEstimated": null, "time": "bmo", "revenue": null, "revenueEstimated": null, "fiscalDateEnding": "2018-09-30", "updatedFromDate": "2023-08-02"}, {"date": "2018-11-27", "symbol": "SPI.VI", "eps": null, "epsEstimated": null, "time": "bmo", "revenue": null, "revenueEstimated": null, "fiscalDateEnding": "2018-09-30", "updatedFromDate": "2023-08-02"}, {"date": "2018-11-27", "symbol": "RIO.V", "eps": null, "epsEstimated": null, "time": "bmo", "revenue": null, "revenueEstimated": null, "fiscalDateEnding": "2018-09-30", "updatedFromDate": "2023-08-16"}, {"date": "2018-11-27", "symbol": "AFKS.ME", "eps": -1.6, "epsEstimated": null, "time": "bmo", "revenue": 219768000000, "revenueEstimated": null, "fiscalDateEnding": "2018-08-27", "updatedFromDate": "2023-05-17"}, {"date": "2018-11-27", "symbol": "TOUR", "eps": 0.1, "epsEstimated": 1, "time": "bmo", "revenue": 763131000, "revenueEstimated": 1105986956.5217392, "fiscalDateEnding": "2018-09-30", "updatedFromDate": "2023-09-29"}, {"date": "2018-11-27", "symbol": "GEOVF", "eps": null, "epsEstimated": null, "time": "bmo", "revenue": null, "revenueEstimated": null, "fiscalDateEnding": "2018-09-30", "updatedFromDate": "2023-08-16"}, {"date": "2018-11-27", "symbol": "ORSUF", "eps": null, "epsEstimated": null, "time": "amc", "revenue": null, "revenueEstimated": null, "fiscalDateEnding": "2018-09-30", "updatedFromDate": "2023-05-17"}, {"date": "2018-11-27", "symbol": "BSPB.ME", "eps": 4.18, "epsEstimated": null, "time": "bmo", "revenue": 8218578000, "revenueEstimated": null, "fiscalDateEnding": "2018-09-30", "updatedFromDate": "2023-10-16"}, {"date": "2018-11-27", "symbol": "QUISF", "eps": -0.01, "epsEstimated": null, "time": "amc", "revenue": null, "revenueEstimated": null, "fiscalDateEnding": "2018-09-30", "updatedFromDate": "2023-08-16"}, {"date": "2018-11-27", "symbol": "2590.T", "eps": 96.11, "epsEstimated": null, "time": "bmo", "revenue": 45805000000, "revenueEstimated": null, "fiscalDateEnding": "2018-08-27", "updatedFromDate": "2023-10-17"}, {"date": "2018-11-27", "symbol": "KNBHF", "eps": 1.13, "epsEstimated": null, "time": "bmo", "revenue": null, "revenueEstimated": null, "fiscalDateEnding": "2018-09-30", "updatedFromDate": "2023-05-17"}, {"date": "2018-11-27", "symbol": "HLFBF", "eps": null, "epsEstimated": null, "time": "bmo", "revenue": null, "revenueEstimated": null, "fiscalDateEnding": "2018-09-30", "updatedFromDate": "2023-05-17"}, {"date": "2018-11-27", "symbol": "RSDEF", "eps": null, "epsEstimated": null, "time": "bmo", "revenue": null, "revenueEstimated": null, "fiscalDateEnding": "2018-12-31", "updatedFromDate": "2023-05-17"}, {"date": "2018-11-27", "symbol": "GWPH", "eps": -2.76, "epsEstimated": -2.51, "time": "amc", "revenue": -1304418.261688, "revenueEstimated": -1174496, "fiscalDateEnding": "2018-09-29", "updatedFromDate": "2023-05-17"}, {"date": "2018-11-27", "symbol": "TSG.V", "eps": null, "epsEstimated": null, "time": "bmo", "revenue": null, "revenueEstimated": null, "fiscalDateEnding": "2018-09-30", "updatedFromDate": "2023-05-17"}, {"date": "2018-11-27", "symbol": "JNSTF", "eps": null, "epsEstimated": null, "time": "bmo", "revenue": null, "revenueEstimated": null, "fiscalDateEnding": "2018-09-30", "updatedFromDate": "2023-05-17"}, {"date": "2018-11-27", "symbol": "YIN", "eps": -0.50195, "epsEstimated": null, "time": "bmo", "revenue": 267781000, "revenueEstimated": null, "fiscalDateEnding": "2018-09-29", "updatedFromDate": "2023-05-17"}, {"date": "2018-11-27", "symbol": "LUM.V", "eps": -0.01253, "epsEstimated": null, "time": "bmo", "revenue": null, "revenueEstimated": null, "fiscalDateEnding": "2018-08-27", "updatedFromDate": "2023-05-17"}, {"date": "2018-11-28", "symbol": "SNN.CN", "eps": -0.21163, "epsEstimated": null, "time": "bmo", "revenue": 3739000, "revenueEstimated": null, "fiscalDateEnding": "2018-09-30", "updatedFromDate": "2023-05-17"}, {"date": "2018-11-28", "symbol": "GIP.V", "eps": null, "epsEstimated": null, "time": "bmo", "revenue": null, "revenueEstimated": null, "fiscalDateEnding": "2018-09-30", "updatedFromDate": "2023-08-17"}, {"date": "2018-11-28", "symbol": "TINS.JK", "eps": 11.47, "epsEstimated": null, "time": "bmo", "revenue": 2424727000000, "revenueEstimated": null, "fiscalDateEnding": "2018-09-29", "updatedFromDate": "2023-05-17"}, {"date": "2018-11-28", "symbol": "ECAOF", "eps": null, "epsEstimated": null, "time": "bmo", "revenue": null, "revenueEstimated": null, "fiscalDateEnding": "2019-03-31", "updatedFromDate": "2023-05-17"}, {"date": "2018-11-28", "symbol": "MAHA-A.ST", "eps": 0.0306, "epsEstimated": null, "time": "bmo", "revenue": 9049000, "revenueEstimated": null, "fiscalDateEnding": "2018-09-30", "updatedFromDate": "2023-08-17"}, {"date": "2018-11-28", "symbol": "IVFZF", "eps": null, "epsEstimated": null, "time": "bmo", "revenue": null, "revenueEstimated": null, "fiscalDateEnding": "2018-09-30", "updatedFromDate": "2023-09-29"}, {"date": "2018-11-28", "symbol": "GIPIF", "eps": null, "epsEstimated": null, "time": "bmo", "revenue": null, "revenueEstimated": null, "fiscalDateEnding": "2018-09-30", "updatedFromDate": "2023-08-17"}, {"date": "2018-11-28", "symbol": "ASND", "eps": -0.94, "epsEstimated": -1.23, "time": "amc", "revenue": 20000, "revenueEstimated": 26419.753086419754, "fiscalDateEnding": "2018-09-30", "updatedFromDate": "2023-09-29"}, {"date": "2018-11-28", "symbol": "1314.HK", "eps": null, "epsEstimated": null, "time": "bmo", "revenue": null, "revenueEstimated": null, "fiscalDateEnding": "2018-08-28", "updatedFromDate": "2023-10-17"}, {"date": "2018-11-28", "symbol": "JILL", "eps": 0.75, "epsEstimated": 0.45, "time": "bmo", "revenue": 180744000, "revenueEstimated": 106785013.33333333, "fiscalDateEnding": "2018-08-28", "updatedFromDate": "2023-10-10"}, {"date": "2018-11-28", "symbol": "MRRCF", "eps": null, "epsEstimated": null, "time": "bmo", "revenue": null, "revenueEstimated": null, "fiscalDateEnding": "2018-09-30", "updatedFromDate": "2023-05-17"}, {"date": "2018-11-28", "symbol": "IIA.VI", "eps": 0.41, "epsEstimated": null, "time": "bmo", "revenue": 81105000, "revenueEstimated": null, "fiscalDateEnding": "2018-09-30", "updatedFromDate": "2023-10-16"}, {"date": "2018-11-28", "symbol": "VRRKF", "eps": 0.21, "epsEstimated": 0.18, "time": "bmo", "revenue": null, "revenueEstimated": null, "fiscalDateEnding": "2018-09-30", "updatedFromDate": "2023-05-17"}, {"date": "2018-11-28", "symbol": "WOWMF", "eps": -0.11, "epsEstimated": -0.02, "time": "amc", "revenue": null, "revenueEstimated": null, "fiscalDateEnding": "2018-09-30", "updatedFromDate": "2023-05-17"}, {"date": "2018-11-28", "symbol": "MTPTF", "eps": null, "epsEstimated": null, "time": "bmo", "revenue": null, "revenueEstimated": null, "fiscalDateEnding": "2019-03-31", "updatedFromDate": "2023-05-17"}, {"date": "2018-11-28", "symbol": "VIG.VI", "eps": 0.53, "epsEstimated": 0.52, "time": "bmo", "revenue": null, "revenueEstimated": null, "fiscalDateEnding": "2018-09-30", "updatedFromDate": "2023-05-17"}, {"date": "2018-11-28", "symbol": "CIMDF", "eps": 0.13, "epsEstimated": 0.28, "time": "bmo", "revenue": null, "revenueEstimated": null, "fiscalDateEnding": "2018-09-30", "updatedFromDate": "2023-05-17"}, {"date": "2018-11-28", "symbol": "LKOH.ME", "eps": 3.9, "epsEstimated": null, "time": "bmo", "revenue": 1896748000000, "revenueEstimated": null, "fiscalDateEnding": "2018-08-28", "updatedFromDate": "2023-05-17"}, {"date": "2018-11-28", "symbol": "JRJC", "eps": -2.6, "epsEstimated": null, "time": "amc", "revenue": 10657930, "revenueEstimated": null, "fiscalDateEnding": "2018-08-28", "updatedFromDate": "2023-09-29"}, {"date": "2018-11-28", "symbol": "PLAN", "eps": -0.18, "epsEstimated": -0.19, "time": "bmo", "revenue": 62014000, "revenueEstimated": 65277894, "fiscalDateEnding": "2018-10-30", "updatedFromDate": "2023-05-17"}, {"date": "2018-11-28", "symbol": "GLATF", "eps": null, "epsEstimated": null, "time": "amc", "revenue": null, "revenueEstimated": null, "fiscalDateEnding": "2018-09-30", "updatedFromDate": "2023-05-17"}, {"date": "2018-11-28", "symbol": "COGDF", "eps": null, "epsEstimated": null, "time": "bmo", "revenue": null, "revenueEstimated": null, "fiscalDateEnding": "2018-09-30", "updatedFromDate": "2023-05-17"}, {"date": "2018-11-28", "symbol": "SFTR.ST", "eps": -0.13791, "epsEstimated": null, "time": "bmo", "revenue": 5502000, "revenueEstimated": null, "fiscalDateEnding": "2018-08-28", "updatedFromDate": "2023-05-17"}, {"date": "2018-11-28", "symbol": "POET", "eps": 0.02, "epsEstimated": 0.01, "time": "bmo", "revenue": 907044, "revenueEstimated": null, "fiscalDateEnding": "2018-09-30", "updatedFromDate": "2023-09-29"}, {"date": "2018-11-28", "symbol": "C.V", "eps": null, "epsEstimated": null, "time": "bmo", "revenue": null, "revenueEstimated": null, "fiscalDateEnding": "2018-09-30", "updatedFromDate": "2023-05-17"}, {"date": "2018-11-28", "symbol": "ORMP.TA", "eps": -0.18, "epsEstimated": -0.29, "time": "bmo", "revenue": null, "revenueEstimated": null, "fiscalDateEnding": "2018-09-30", "updatedFromDate": "2023-08-02"}, {"date": "2018-11-28", "symbol": "TLYS", "eps": 0.24, "epsEstimated": 0.23, "time": "amc", "revenue": 161738000, "revenueEstimated": 168849900, "fiscalDateEnding": "2018-08-28", "updatedFromDate": "2023-10-10"}, {"date": "2018-11-28", "symbol": "PT", "eps": -1.4, "epsEstimated": null, "time": "bmo", "revenue": 226015000, "revenueEstimated": null, "fiscalDateEnding": "2018-08-28", "updatedFromDate": "2023-09-29"}, {"date": "2018-11-28", "symbol": "DANR.MI", "eps": null, "epsEstimated": null, "time": "bmo", "revenue": null, "revenueEstimated": null, "fiscalDateEnding": "2018-12-31", "updatedFromDate": "2023-05-17"}, {"date": "2018-11-28", "symbol": "REX", "eps": 0.62, "epsEstimated": 0.1667, "time": "bmo", "revenue": 105868000, "revenueEstimated": 99798387.09677419, "fiscalDateEnding": "2018-08-28", "updatedFromDate": "2023-10-10"}, {"date": "2018-11-28", "symbol": "BOX", "eps": -0.06, "epsEstimated": -0.07, "time": "amc", "revenue": 155944000, "revenueEstimated": 181934666.6666667, "fiscalDateEnding": "2018-10-30", "updatedFromDate": "2023-09-29"}, {"date": "2018-11-28", "symbol": "SPWH", "eps": 0.26, "epsEstimated": 0.26, "time": "bmo", "revenue": 211766000, "revenueEstimated": 223099000, "fiscalDateEnding": "2018-08-28", "updatedFromDate": "2023-10-10"}, {"date": "2018-11-28", "symbol": "BURL", "eps": 1.21, "epsEstimated": 1.06, "time": "bmo", "revenue": 1662022000, "revenueEstimated": 1437533454.5454547, "fiscalDateEnding": "2018-08-28", "updatedFromDate": "2023-10-10"}, {"date": "2018-11-28", "symbol": "MLYNF", "eps": 0.18, "epsEstimated": 0.17, "time": "bmo", "revenue": null, "revenueEstimated": null, "fiscalDateEnding": "2018-09-30", "updatedFromDate": "2023-05-17"}, {"date": "2018-11-28", "symbol": "HREEF", "eps": -0.01, "epsEstimated": null, "time": "amc", "revenue": null, "revenueEstimated": null, "fiscalDateEnding": "2018-09-30", "updatedFromDate": "2023-09-29"}, {"date": "2018-11-28", "symbol": "RFX.L", "eps": null, "epsEstimated": null, "time": "bmo", "revenue": null, "revenueEstimated": null, "fiscalDateEnding": "2018-08-28", "updatedFromDate": "2023-10-16"}, {"date": "2018-11-28", "symbol": "AUNFF", "eps": null, "epsEstimated": null, "time": "bmo", "revenue": null, "revenueEstimated": null, "fiscalDateEnding": "2018-09-30", "updatedFromDate": "2023-09-29"}, {"date": "2018-11-28", "symbol": "SGMLF", "eps": null, "epsEstimated": null, "time": "amc", "revenue": null, "revenueEstimated": null, "fiscalDateEnding": "2018-09-30", "updatedFromDate": "2023-05-17"}, {"date": "2018-11-28", "symbol": "LZB", "eps": 0.42, "epsEstimated": 0.43, "time": "amc", "revenue": 439333000, "revenueEstimated": 393569145.8333334, "fiscalDateEnding": "2018-10-26", "updatedFromDate": "2023-09-29"}, {"date": "2018-11-28", "symbol": "ARLUF", "eps": null, "epsEstimated": null, "time": "bmo", "revenue": null, "revenueEstimated": null, "fiscalDateEnding": "2018-12-31", "updatedFromDate": "2023-05-17"}, {"date": "2018-11-28", "symbol": "AVLNF", "eps": -0.00324, "epsEstimated": null, "time": "bmo", "revenue": 14340, "revenueEstimated": null, "fiscalDateEnding": "2018-08-31", "updatedFromDate": "2023-09-29"}, {"date": "2018-11-28", "symbol": "VOT.WA", "eps": 0.2963, "epsEstimated": null, "time": "bmo", "revenue": 29128000, "revenueEstimated": null, "fiscalDateEnding": "2018-08-28", "updatedFromDate": "2023-05-17"}, {"date": "2018-11-28", "symbol": "STBBF", "eps": 1.74, "epsEstimated": 1.8, "time": "bmo", "revenue": null, "revenueEstimated": null, "fiscalDateEnding": "2018-09-30", "updatedFromDate": "2023-05-17"}, {"date": "2018-11-28", "symbol": "KPJHF", "eps": 0.01, "epsEstimated": 0.0125, "time": "bmo", "revenue": null, "revenueEstimated": null, "fiscalDateEnding": "2018-09-30", "updatedFromDate": "2023-05-17"}, {"date": "2018-11-28", "symbol": "TRE.V", "eps": null, "epsEstimated": null, "time": "bmo", "revenue": null, "revenueEstimated": null, "fiscalDateEnding": "2018-09-30", "updatedFromDate": "2023-05-17"}, {"date": "2018-11-28", "symbol": "MMSDF", "eps": null, "epsEstimated": null, "time": "bmo", "revenue": null, "revenueEstimated": null, "fiscalDateEnding": "2019-03-31", "updatedFromDate": "2023-05-17"}, {"date": "2018-11-28", "symbol": "GIII.V", "eps": 0.03, "epsEstimated": 0.03, "time": "bmo", "revenue": null, "revenueEstimated": null, "fiscalDateEnding": "2018-09-30", "updatedFromDate": "2023-08-25"}, {"date": "2018-11-28", "symbol": "SGML.V", "eps": -0.04602, "epsEstimated": null, "time": "bmo", "revenue": null, "revenueEstimated": null, "fiscalDateEnding": "2018-09-30", "updatedFromDate": "2023-10-16"}, {"date": "2018-11-28", "symbol": "HNNA", "eps": 0.46, "epsEstimated": 0.49, "time": "bmo", "revenue": 13204000, "revenueEstimated": 14060869.565217389, "fiscalDateEnding": "2018-09-29", "updatedFromDate": "2023-09-29"}, {"date": "2018-11-28", "symbol": "JIN.OL", "eps": -0.02815, "epsEstimated": null, "time": "bmo", "revenue": 17716000, "revenueEstimated": null, "fiscalDateEnding": "2018-08-28", "updatedFromDate": "2023-05-17"}, {"date": "2018-11-28", "symbol": "EKTAF", "eps": 0.75, "epsEstimated": 0.96, "time": "bmo", "revenue": 3228000000, "revenueEstimated": null, "fiscalDateEnding": "2018-08-28", "updatedFromDate": "2023-10-17"}, {"date": "2018-11-28", "symbol": "SLVTF", "eps": null, "epsEstimated": null, "time": "bmo", "revenue": null, "revenueEstimated": null, "fiscalDateEnding": "2019-03-31", "updatedFromDate": "2023-05-17"}, {"date": "2018-11-28", "symbol": "SJM", "eps": 2.17, "epsEstimated": 2.33, "time": "bmo", "revenue": 2021500000, "revenueEstimated": 2179866359.447005, "fiscalDateEnding": "2018-10-30", "updatedFromDate": "2023-09-29"}, {"date": "2018-11-28", "symbol": "IMMZF", "eps": null, "epsEstimated": null, "time": "bmo", "revenue": null, "revenueEstimated": null, "fiscalDateEnding": "2018-09-30", "updatedFromDate": "2023-05-17"}, {"date": "2018-11-28", "symbol": "SNNVF", "eps": null, "epsEstimated": null, "time": "bmo", "revenue": null, "revenueEstimated": null, "fiscalDateEnding": "2018-09-30", "updatedFromDate": "2023-05-17"}, {"date": "2018-11-28", "symbol": "EOG.V", "eps": -0.03748, "epsEstimated": null, "time": "bmo", "revenue": 129338.056063, "revenueEstimated": null, "fiscalDateEnding": "2018-08-28", "updatedFromDate": "2023-10-16"}, {"date": "2018-11-28", "symbol": "IIIV", "eps": 0.19, "epsEstimated": 0.18, "time": "amc", "revenue": 84053000, "revenueEstimated": 79629157.89473684, "fiscalDateEnding": "2018-09-29", "updatedFromDate": "2023-09-29"}, {"date": "2018-11-28", "symbol": "PLAT.AT", "eps": 0.07582, "epsEstimated": null, "time": "bmo", "revenue": 84345000, "revenueEstimated": null, "fiscalDateEnding": "2018-09-29", "updatedFromDate": "2023-05-17"}, {"date": "2018-11-28", "symbol": "SGML", "eps": -0.04602, "epsEstimated": null, "time": "bmo", "revenue": null, "revenueEstimated": null, "fiscalDateEnding": "2018-09-30", "updatedFromDate": "2023-09-29"}, {"date": "2018-11-28", "symbol": "SYTA", "eps": -2.9, "epsEstimated": -0.72, "time": "bmo", "revenue": 2439003.568084, "revenueEstimated": null, "fiscalDateEnding": "2018-09-30", "updatedFromDate": "2023-09-29"}, {"date": "2018-11-28", "symbol": "ERE-UN.TO", "eps": 0.1634, "epsEstimated": null, "time": "bmo", "revenue": 2120344.130401, "revenueEstimated": null, "fiscalDateEnding": "2018-09-29", "updatedFromDate": "2023-05-17"}, {"date": "2018-11-28", "symbol": "TATT", "eps": -0.05, "epsEstimated": null, "time": "bmo", "revenue": 23185000, "revenueEstimated": null, "fiscalDateEnding": "2018-09-30", "updatedFromDate": "2023-09-29"}, {"date": "2018-11-28", "symbol": "GQC.V", "eps": null, "epsEstimated": null, "time": "bmo", "revenue": null, "revenueEstimated": null, "fiscalDateEnding": "2018-09-30", "updatedFromDate": "2023-05-17"}, {"date": "2018-11-28", "symbol": "FXMBF", "eps": null, "epsEstimated": null, "time": "bmo", "revenue": null, "revenueEstimated": null, "fiscalDateEnding": "2018-09-30", "updatedFromDate": "2023-05-17"}, {"date": "2018-11-28", "symbol": "CGOLF", "eps": null, "epsEstimated": null, "time": "bmo", "revenue": null, "revenueEstimated": null, "fiscalDateEnding": "2018-09-30", "updatedFromDate": "2023-05-17"}, {"date": "2018-11-28", "symbol": "BIMB.KL", "eps": null, "epsEstimated": null, "time": "bmo", "revenue": null, "revenueEstimated": null, "fiscalDateEnding": "2018-09-30", "updatedFromDate": "2023-05-17"}, {"date": "2018-11-28", "symbol": "DSGX", "eps": 0.1, "epsEstimated": 0.12, "time": "amc", "revenue": 80540000, "revenueEstimated": 84009600, "fiscalDateEnding": "2018-08-28", "updatedFromDate": "2023-10-17"}, {"date": "2018-11-28", "symbol": "PTTMF", "eps": null, "epsEstimated": null, "time": "bmo", "revenue": null, "revenueEstimated": null, "fiscalDateEnding": "2018-09-30", "updatedFromDate": "2023-05-17"}, {"date": "2018-11-28", "symbol": "WEII.V", "eps": 0.2034, "epsEstimated": null, "time": "bmo", "revenue": 19691121, "revenueEstimated": null, "fiscalDateEnding": "2018-08-28", "updatedFromDate": "2023-10-17"}, {"date": "2018-11-28", "symbol": "JSE.L", "eps": -0.01426, "epsEstimated": null, "time": "bmo", "revenue": 41422000, "revenueEstimated": null, "fiscalDateEnding": "2018-08-28", "updatedFromDate": "2023-10-16"}, {"date": "2018-11-28", "symbol": "VIDEOIND.NS", "eps": -55.86413, "epsEstimated": null, "time": "bmo", "revenue": 2277565000, "revenueEstimated": null, "fiscalDateEnding": "2018-08-28", "updatedFromDate": "2023-10-16"}, {"date": "2018-11-28", "symbol": "ORMP", "eps": -0.18, "epsEstimated": -0.29, "time": "bmo", "revenue": 617000, "revenueEstimated": 998888.8888888889, "fiscalDateEnding": "2018-08-30", "updatedFromDate": "2023-09-29"}, {"date": "2018-11-28", "symbol": "NIND.KW", "eps": null, "epsEstimated": null, "time": "bmo", "revenue": null, "revenueEstimated": null, "fiscalDateEnding": "2018-09-30", "updatedFromDate": "2023-05-17"}, {"date": "2018-11-28", "symbol": "AUSA.CN", "eps": -0.00164, "epsEstimated": null, "time": "bmo", "revenue": 67642, "revenueEstimated": null, "fiscalDateEnding": "2018-08-28", "updatedFromDate": "2023-10-16"}, {"date": "2018-11-28", "symbol": "RY-PZ.TO", "eps": 2.24, "epsEstimated": 2.12, "time": "bmo", "revenue": 10167000000, "revenueEstimated": null, "fiscalDateEnding": "2018-10-31", "updatedFromDate": "2023-05-17"}, {"date": "2018-11-28", "symbol": "MMS.V", "eps": null, "epsEstimated": null, "time": "bmo", "revenue": null, "revenueEstimated": null, "fiscalDateEnding": "2019-03-31", "updatedFromDate": "2023-05-17"}, {"date": "2018-11-28", "symbol": "MAAL", "eps": 0.03, "epsEstimated": null, "time": "bmo", "revenue": null, "revenueEstimated": null, "fiscalDateEnding": "2019-03-31", "updatedFromDate": "2023-09-29"}, {"date": "2018-11-28", "symbol": "ISRJF", "eps": -0.03, "epsEstimated": -0.03, "time": "bmo", "revenue": null, "revenueEstimated": null, "fiscalDateEnding": "2018-09-30", "updatedFromDate": "2023-05-17"}, {"date": "2018-11-28", "symbol": "ERTH.CN", "eps": -0.01485, "epsEstimated": null, "time": "bmo", "revenue": null, "revenueEstimated": null, "fiscalDateEnding": "2018-09-29", "updatedFromDate": "2023-05-17"}, {"date": "2018-11-28", "symbol": "ATGN", "eps": 0.02, "epsEstimated": null, "time": "amc", "revenue": 2675000, "revenueEstimated": null, "fiscalDateEnding": "2018-09-30", "updatedFromDate": "2023-09-29"}, {"date": "2018-11-28", "symbol": "PIXY", "eps": -1200, "epsEstimated": null, "time": "amc", "revenue": 11184877, "revenueEstimated": null, "fiscalDateEnding": "2018-08-30", "updatedFromDate": "2023-09-29"}, {"date": "2018-11-28", "symbol": "GBDC", "eps": 0.32, "epsEstimated": 0.32, "time": "amc", "revenue": 17182000, "revenueEstimated": 39204848.484848484, "fiscalDateEnding": "2018-09-29", "updatedFromDate": "2023-09-29"}, {"date": "2018-11-28", "symbol": "ICLK", "eps": -0.2, "epsEstimated": -0.3, "time": "bmo", "revenue": 42587000, "revenueEstimated": 63880500, "fiscalDateEnding": "2018-09-30", "updatedFromDate": "2023-09-29"}, {"date": "2018-11-28", "symbol": "GES", "eps": 0.13, "epsEstimated": 0.16, "time": "amc", "revenue": 605407000, "revenueEstimated": 745116307.6923077, "fiscalDateEnding": "2018-11-02", "updatedFromDate": "2023-09-29"}, {"date": "2018-11-28", "symbol": "MJARF", "eps": null, "epsEstimated": null, "time": "bmo", "revenue": null, "revenueEstimated": null, "fiscalDateEnding": "2018-09-30", "updatedFromDate": "2023-05-17"}, {"date": "2018-11-28", "symbol": "IDKFF", "eps": null, "epsEstimated": null, "time": "amc", "revenue": null, "revenueEstimated": null, "fiscalDateEnding": "2018-12-31", "updatedFromDate": "2023-05-17"}, {"date": "2018-11-28", "symbol": "ENEDO.HE", "eps": -0.18624, "epsEstimated": null, "time": "bmo", "revenue": 52401000, "revenueEstimated": null, "fiscalDateEnding": "2018-08-28", "updatedFromDate": "2023-10-16"}, {"date": "2018-11-28", "symbol": "JGLDF", "eps": -0.01, "epsEstimated": -0.01, "time": "bmo", "revenue": null, "revenueEstimated": null, "fiscalDateEnding": "2018-09-30", "updatedFromDate": "2023-05-17"}, {"date": "2018-11-28", "symbol": "DNIEF", "eps": null, "epsEstimated": null, "time": "bmo", "revenue": null, "revenueEstimated": null, "fiscalDateEnding": "2018-09-30", "updatedFromDate": "2023-05-17"}, {"date": "2018-11-28", "symbol": "DKS", "eps": 0.39, "epsEstimated": 0.27, "time": "bmo", "revenue": 2259212000, "revenueEstimated": 1238182000.0000002, "fiscalDateEnding": "2018-08-28", "updatedFromDate": "2023-10-10"}, {"date": "2018-11-28", "symbol": "GDQMF", "eps": null, "epsEstimated": null, "time": "bmo", "revenue": null, "revenueEstimated": null, "fiscalDateEnding": "2018-09-30", "updatedFromDate": "2023-05-17"}, {"date": "2018-11-28", "symbol": "KEN", "eps": -0.31, "epsEstimated": null, "time": "bmo", "revenue": 94000000, "revenueEstimated": null, "fiscalDateEnding": "2018-09-30", "updatedFromDate": "2023-09-29"}, {"date": "2018-11-28", "symbol": "OTB.L", "eps": 0.02987, "epsEstimated": null, "time": "bmo", "revenue": 35100000, "revenueEstimated": null, "fiscalDateEnding": "2018-08-28", "updatedFromDate": "2023-05-17"}, {"date": "2018-11-28", "symbol": "SLVR.V", "eps": -0.00038, "epsEstimated": null, "time": "bmo", "revenue": null, "revenueEstimated": null, "fiscalDateEnding": "2018-08-28", "updatedFromDate": "2023-10-17"}, {"date": "2018-11-28", "symbol": "DSG.TO", "eps": 0.1, "epsEstimated": 0.12, "time": "bmo", "revenue": 80540000, "revenueEstimated": null, "fiscalDateEnding": "2018-08-28", "updatedFromDate": "2023-10-17"}, {"date": "2018-11-28", "symbol": "HRS.WA", "eps": 0.00241, "epsEstimated": null, "time": "bmo", "revenue": 42212000, "revenueEstimated": null, "fiscalDateEnding": "2018-12-30", "updatedFromDate": "2023-05-17"}, {"date": "2018-11-28", "symbol": "BTVCF", "eps": null, "epsEstimated": null, "time": "bmo", "revenue": null, "revenueEstimated": null, "fiscalDateEnding": "2018-12-31", "updatedFromDate": "2023-05-17"}, {"date": "2018-11-28", "symbol": "GGAL", "eps": 0.95, "epsEstimated": 0.59, "time": "bmo", "revenue": 22459000000, "revenueEstimated": 13724750249, "fiscalDateEnding": "2018-08-28", "updatedFromDate": "2023-09-29"}, {"date": "2018-11-28", "symbol": "BOPFF", "eps": null, "epsEstimated": null, "time": "bmo", "revenue": null, "revenueEstimated": null, "fiscalDateEnding": "2019-03-31", "updatedFromDate": "2023-05-17"}, {"date": "2018-11-28", "symbol": "TENG.L", "eps": null, "epsEstimated": null, "time": "bmo", "revenue": null, "revenueEstimated": null, "fiscalDateEnding": "2018-08-28", "updatedFromDate": "2023-05-17"}, {"date": "2018-11-28", "symbol": "JADSF", "eps": null, "epsEstimated": null, "time": "bmo", "revenue": null, "revenueEstimated": null, "fiscalDateEnding": "2018-09-30", "updatedFromDate": "2023-05-17"}, {"date": "2018-11-28", "symbol": "PGXPF", "eps": -0.00806, "epsEstimated": null, "time": "bmo", "revenue": null, "revenueEstimated": null, "fiscalDateEnding": "2018-09-30", "updatedFromDate": "2023-09-29"}, {"date": "2018-11-28", "symbol": "JG.V", "eps": -0.01, "epsEstimated": -0.01, "time": "bmo", "revenue": null, "revenueEstimated": null, "fiscalDateEnding": "2018-09-30", "updatedFromDate": "2023-05-17"}, {"date": "2018-11-28", "symbol": "MCLD", "eps": 0.4, "epsEstimated": null, "time": "bmo", "revenue": 706588, "revenueEstimated": null, "fiscalDateEnding": "2018-09-30", "updatedFromDate": "2023-09-29"}, {"date": "2018-11-28", "symbol": "ZEN.V", "eps": -0.0051, "epsEstimated": null, "time": "bmo", "revenue": null, "revenueEstimated": null, "fiscalDateEnding": "2018-08-28", "updatedFromDate": "2023-10-17"}, {"date": "2018-11-28", "symbol": "AUSAF", "eps": -0.00164, "epsEstimated": null, "time": "amc", "revenue": 67642, "revenueEstimated": null, "fiscalDateEnding": "2018-08-28", "updatedFromDate": "2023-10-16"}, {"date": "2018-11-28", "symbol": "SMTC", "eps": 0.63, "epsEstimated": 0.61, "time": "amc", "revenue": 173550000, "revenueEstimated": 168040476.19047618, "fiscalDateEnding": "2018-10-27", "updatedFromDate": "2023-09-29"}, {"date": "2018-11-28", "symbol": "AT1.F", "eps": 0.06, "epsEstimated": 0.09, "time": "bmo", "revenue": 207300000, "revenueEstimated": null, "fiscalDateEnding": "2018-08-28", "updatedFromDate": "2023-05-17"}, {"date": "2018-11-28", "symbol": "MCLD.V", "eps": 1.2, "epsEstimated": null, "time": "bmo", "revenue": null, "revenueEstimated": null, "fiscalDateEnding": "2018-09-30", "updatedFromDate": "2023-08-25"}, {"date": "2018-11-28", "symbol": "0493.HK", "eps": -0.03699, "epsEstimated": null, "time": "bmo", "revenue": 14870706750, "revenueEstimated": null, "fiscalDateEnding": "2018-08-28", "updatedFromDate": "2023-10-16"}, {"date": "2018-11-28", "symbol": "AGGFF", "eps": null, "epsEstimated": null, "time": "amc", "revenue": null, "revenueEstimated": null, "fiscalDateEnding": "2018-09-30", "updatedFromDate": "2023-05-17"}, {"date": "2018-11-28", "symbol": "POETD", "eps": -0.02, "epsEstimated": -0.01, "time": "bmo", "revenue": null, "revenueEstimated": null, "fiscalDateEnding": "2018-09-30", "updatedFromDate": "2023-05-17"}, {"date": "2018-11-28", "symbol": "VVIVF", "eps": null, "epsEstimated": null, "time": "bmo", "revenue": null, "revenueEstimated": null, "fiscalDateEnding": "2018-09-30", "updatedFromDate": "2023-05-17"}, {"date": "2018-11-28", "symbol": "BBKCF", "eps": -0.0195, "epsEstimated": null, "time": "bmo", "revenue": 3746, "revenueEstimated": null, "fiscalDateEnding": "2018-09-30", "updatedFromDate": "2023-08-16"}, {"date": "2018-11-28", "symbol": "B2H.OL", "eps": 0.38, "epsEstimated": 0.47, "time": "bmo", "revenue": 468098000, "revenueEstimated": null, "fiscalDateEnding": "2018-09-29", "updatedFromDate": "2023-05-17"}, {"date": "2018-11-28", "symbol": "FORUS.SN", "eps": null, "epsEstimated": null, "time": "bmo", "revenue": null, "revenueEstimated": null, "fiscalDateEnding": "2018-09-30", "updatedFromDate": "2023-05-17"}, {"date": "2018-11-28", "symbol": "MNR", "eps": 0.1, "epsEstimated": 0.11, "time": "amc", "revenue": 36600694, "revenueEstimated": 40259999.99999999, "fiscalDateEnding": "2018-09-29", "updatedFromDate": "2023-05-17"}, {"date": "2018-11-28", "symbol": "VBNK", "eps": 0.21, "epsEstimated": 0.18, "time": "bmo", "revenue": 13827000, "revenueEstimated": null, "fiscalDateEnding": "2018-10-31", "updatedFromDate": "2023-09-29"}, {"date": "2018-11-28", "symbol": "GLO.TO", "eps": 0.03163, "epsEstimated": null, "time": "bmo", "revenue": 225418, "revenueEstimated": null, "fiscalDateEnding": "2018-08-28", "updatedFromDate": "2023-05-17"}, {"date": "2018-11-28", "symbol": "UMSBF", "eps": null, "epsEstimated": null, "time": "bmo", "revenue": null, "revenueEstimated": null, "fiscalDateEnding": "2018-09-30", "updatedFromDate": "2023-05-17"}, {"date": "2018-11-28", "symbol": "RVVTF", "eps": -0.00525, "epsEstimated": null, "time": "amc", "revenue": null, "revenueEstimated": null, "fiscalDateEnding": "2018-08-28", "updatedFromDate": "2023-10-16"}, {"date": "2018-11-28", "symbol": "RY-PT", "eps": 2.24, "epsEstimated": 2.12, "time": "bmo", "revenue": 10167000000, "revenueEstimated": null, "fiscalDateEnding": "2018-10-31", "updatedFromDate": "2023-05-17"}, {"date": "2018-11-28", "symbol": "IEC", "eps": 0.13, "epsEstimated": 0.14, "time": "bmo", "revenue": 34216000, "revenueEstimated": 36852307.692307696, "fiscalDateEnding": "2018-09-29", "updatedFromDate": "2023-05-17"}, {"date": "2018-11-28", "symbol": "TIF", "eps": 0.77, "epsEstimated": 0.77, "time": "bmo", "revenue": 1012400000, "revenueEstimated": 1012400000, "fiscalDateEnding": "2018-10-30", "updatedFromDate": "2023-05-17"}, {"date": "2018-11-28", "symbol": "XSPRAY.ST", "eps": -0.3, "epsEstimated": null, "time": "bmo", "revenue": 71000, "revenueEstimated": null, "fiscalDateEnding": "2018-09-29", "updatedFromDate": "2023-08-16"}, {"date": "2018-11-28", "symbol": "BITA", "eps": 3.36, "epsEstimated": 3.19, "time": "bmo", "revenue": 2724593000, "revenueEstimated": 2586741568.452381, "fiscalDateEnding": "2018-09-29", "updatedFromDate": "2023-05-17"}, {"date": "2018-11-28", "symbol": "MUNMF", "eps": null, "epsEstimated": null, "time": "bmo", "revenue": null, "revenueEstimated": null, "fiscalDateEnding": "2018-09-30", "updatedFromDate": "2023-05-17"}, {"date": "2018-11-28", "symbol": "RSASF", "eps": -0.02133, "epsEstimated": null, "time": "bmo", "revenue": 134638, "revenueEstimated": null, "fiscalDateEnding": "2018-09-30", "updatedFromDate": "2023-09-29"}, {"date": "2018-11-28", "symbol": "RSS.V", "eps": null, "epsEstimated": null, "time": "bmo", "revenue": null, "revenueEstimated": null, "fiscalDateEnding": "2018-09-30", "updatedFromDate": "2023-05-17"}, {"date": "2018-11-28", "symbol": "REAL.TO", "eps": 0.02, "epsEstimated": 0.00363, "time": "bmo", "revenue": 67989000, "revenueEstimated": null, "fiscalDateEnding": "2018-09-29", "updatedFromDate": "2023-05-17"}, {"date": "2018-11-28", "symbol": "OPS.TO", "eps": -0.02, "epsEstimated": -0.015, "time": "bmo", "revenue": 5866396, "revenueEstimated": null, "fiscalDateEnding": "2018-08-30", "updatedFromDate": "2023-08-16"}, {"date": "2018-11-28", "symbol": "WB", "eps": 0.75, "epsEstimated": 0.7, "time": "bmo", "revenue": 460171000, "revenueEstimated": 429492933.3333333, "fiscalDateEnding": "2018-09-30", "updatedFromDate": "2023-09-29"}, {"date": "2018-11-28", "symbol": "IDK.CN", "eps": -0.01669, "epsEstimated": null, "time": "bmo", "revenue": 806986, "revenueEstimated": null, "fiscalDateEnding": "2018-08-28", "updatedFromDate": "2023-10-16"}, {"date": "2018-11-28", "symbol": "OPSSF", "eps": 0.02, "epsEstimated": 0.015, "time": "bmo", "revenue": 24069731, "revenueEstimated": null, "fiscalDateEnding": "2018-08-31", "updatedFromDate": "2023-08-25"}, {"date": "2018-11-28", "symbol": "RY", "eps": 1.71, "epsEstimated": 1.61, "time": "bmo", "revenue": 10661000000, "revenueEstimated": 10057547169, "fiscalDateEnding": "2018-10-31", "updatedFromDate": "2023-09-29"}, {"date": "2018-11-28", "symbol": "ZTEK", "eps": -0.0051, "epsEstimated": null, "time": "bmo", "revenue": null, "revenueEstimated": null, "fiscalDateEnding": "2018-08-28", "updatedFromDate": "2023-10-17"}, {"date": "2018-11-28", "symbol": "MEAB-B.ST", "eps": 1.01, "epsEstimated": null, "time": "bmo", "revenue": 143473000, "revenueEstimated": null, "fiscalDateEnding": "2018-09-29", "updatedFromDate": "2023-05-17"}, {"date": "2018-11-28", "symbol": "RY.TO", "eps": 2.24, "epsEstimated": 2.12, "time": "bmo", "revenue": 10167000000, "revenueEstimated": null, "fiscalDateEnding": "2018-10-31", "updatedFromDate": "2023-05-17"}, {"date": "2018-11-28", "symbol": "IMBI", "eps": -1.3, "epsEstimated": -0.05, "time": "bmo", "revenue": 115159000, "revenueEstimated": 4704071.428571426, "fiscalDateEnding": "2018-08-28", "updatedFromDate": "2023-10-10"}, {"date": "2018-11-28", "symbol": "RVV.CN", "eps": -0.00641, "epsEstimated": null, "time": "bmo", "revenue": null, "revenueEstimated": null, "fiscalDateEnding": "2018-08-28", "updatedFromDate": "2023-10-16"}, {"date": "2018-11-28", "symbol": "CRRVF", "eps": -0.02, "epsEstimated": null, "time": "bmo", "revenue": null, "revenueEstimated": null, "fiscalDateEnding": "2018-09-30", "updatedFromDate": "2023-09-29"}, {"date": "2018-11-28", "symbol": "VEEV", "eps": 0.45, "epsEstimated": 0.38, "time": "amc", "revenue": 224731000, "revenueEstimated": 189772844.44444445, "fiscalDateEnding": "2018-10-30", "updatedFromDate": "2023-09-29"}, {"date": "2018-11-28", "symbol": "2138.HK", "eps": null, "epsEstimated": null, "time": "bmo", "revenue": null, "revenueEstimated": null, "fiscalDateEnding": "2018-08-28", "updatedFromDate": "2023-10-17"}, {"date": "2018-11-28", "symbol": "TRN.WA", "eps": 0.19, "epsEstimated": null, "time": "bmo", "revenue": 61304000, "revenueEstimated": null, "fiscalDateEnding": "2018-12-31", "updatedFromDate": "2023-05-17"}, {"date": "2018-11-28", "symbol": "PRB.V", "eps": -0.04, "epsEstimated": -0.017, "time": "bmo", "revenue": null, "revenueEstimated": null, "fiscalDateEnding": "2018-09-29", "updatedFromDate": "2023-10-16"}, {"date": "2018-11-28", "symbol": "VBNK.TO", "eps": 0.21, "epsEstimated": 0.18, "time": "bmo", "revenue": 13827000, "revenueEstimated": null, "fiscalDateEnding": "2018-10-31", "updatedFromDate": "2023-05-17"}, {"date": "2018-11-28", "symbol": "ATKR", "eps": 0.79, "epsEstimated": 0.71, "time": "bmo", "revenue": 477567000, "revenueEstimated": 429235443.03797466, "fiscalDateEnding": "2018-09-29", "updatedFromDate": "2023-09-29"}, {"date": "2018-11-28", "symbol": "MSMGF", "eps": null, "epsEstimated": null, "time": "bmo", "revenue": null, "revenueEstimated": null, "fiscalDateEnding": "2018-09-30", "updatedFromDate": "2023-05-17"}, {"date": "2018-11-28", "symbol": "WEIIF", "eps": null, "epsEstimated": null, "time": "amc", "revenue": null, "revenueEstimated": null, "fiscalDateEnding": "2019-03-31", "updatedFromDate": "2023-05-17"}, {"date": "2018-11-28", "symbol": "PASMF", "eps": null, "epsEstimated": null, "time": "bmo", "revenue": null, "revenueEstimated": null, "fiscalDateEnding": "2018-12-31", "updatedFromDate": "2023-05-17"}, {"date": "2018-11-28", "symbol": "SINA", "eps": 0.93, "epsEstimated": 0.69, "time": "bmo", "revenue": 557201000, "revenueEstimated": 413407193.54838705, "fiscalDateEnding": "2018-09-29", "updatedFromDate": "2023-05-17"}, {"date": "2018-11-28", "symbol": "BTVCY", "eps": null, "epsEstimated": null, "time": "bmo", "revenue": null, "revenueEstimated": null, "fiscalDateEnding": "2018-12-31", "updatedFromDate": "2023-05-17"}, {"date": "2018-11-28", "symbol": "GRDM.V", "eps": null, "epsEstimated": null, "time": "bmo", "revenue": null, "revenueEstimated": null, "fiscalDateEnding": "2018-09-30", "updatedFromDate": "2023-05-17"}, {"date": "2018-11-28", "symbol": "RAVN", "eps": 0.36, "epsEstimated": 0.33, "time": "bmo", "revenue": 104833000, "revenueEstimated": 96096916.66666667, "fiscalDateEnding": "2018-10-30", "updatedFromDate": "2023-05-17"}, {"date": "2018-11-28", "symbol": "PTK.V", "eps": -0.2, "epsEstimated": -0.1, "time": "bmo", "revenue": 907044, "revenueEstimated": null, "fiscalDateEnding": "2018-09-29", "updatedFromDate": "2023-08-16"}, {"date": "2018-11-28", "symbol": "RLLMF", "eps": 0.02, "epsEstimated": 0.00375, "time": "bmo", "revenue": null, "revenueEstimated": null, "fiscalDateEnding": "2018-09-30", "updatedFromDate": "2023-08-16"}, {"date": "2018-11-28", "symbol": "NDVAF", "eps": null, "epsEstimated": null, "time": "bmo", "revenue": null, "revenueEstimated": null, "fiscalDateEnding": "2018-09-30", "updatedFromDate": "2023-08-16"}, {"date": "2018-11-28", "symbol": "SBO.VI", "eps": 1.24, "epsEstimated": null, "time": "bmo", "revenue": 110764000, "revenueEstimated": null, "fiscalDateEnding": "2018-09-29", "updatedFromDate": "2023-08-16"}, {"date": "2018-11-28", "symbol": "CHS", "eps": 0.05, "epsEstimated": 0.09, "time": "bmo", "revenue": 508356000, "revenueEstimated": 799803200, "fiscalDateEnding": "2018-08-28", "updatedFromDate": "2023-10-10"}, {"date": "2018-11-28", "symbol": "POETF", "eps": -0.02, "epsEstimated": -0.01, "time": "bmo", "revenue": 907044, "revenueEstimated": null, "fiscalDateEnding": "2018-09-29", "updatedFromDate": "2023-08-16"}, {"date": "2018-11-28", "symbol": "GEHI", "eps": -1.2, "epsEstimated": 0.2, "time": "bmo", "revenue": null, "revenueEstimated": null, "fiscalDateEnding": "2018-09-30", "updatedFromDate": "2023-08-16"}, {"date": "2018-11-28", "symbol": "RYB", "eps": -0.06, "epsEstimated": -0.0075, "time": "bmo", "revenue": 45004000, "revenueEstimated": 5876166.666666661, "fiscalDateEnding": "2018-08-28", "updatedFromDate": "2023-08-16"}, {"date": "2018-11-28", "symbol": "PROBF", "eps": -0.04, "epsEstimated": -0.017, "time": "bmo", "revenue": null, "revenueEstimated": null, "fiscalDateEnding": "2018-09-30", "updatedFromDate": "2023-08-16"}, {"date": "2018-11-28", "symbol": "BIGG.CN", "eps": -0.02006, "epsEstimated": null, "time": "bmo", "revenue": 3746, "revenueEstimated": null, "fiscalDateEnding": "2018-09-30", "updatedFromDate": "2023-10-16"}, {"date": "2018-11-28", "symbol": "EDR.MC", "eps": 0.01388, "epsEstimated": null, "time": "bmo", "revenue": 148017000, "revenueEstimated": null, "fiscalDateEnding": "2018-08-28", "updatedFromDate": "2023-10-17"}, {"date": "2018-11-28", "symbol": "LCRTF", "eps": null, "epsEstimated": null, "time": "bmo", "revenue": null, "revenueEstimated": null, "fiscalDateEnding": "2018-09-30", "updatedFromDate": "2023-08-16"}, {"date": "2018-11-28", "symbol": "FLEXM.ST", "eps": -0.00833, "epsEstimated": null, "time": "bmo", "revenue": 1151360, "revenueEstimated": null, "fiscalDateEnding": "2018-09-30", "updatedFromDate": "2023-10-16"}, {"date": "2018-11-29", "symbol": "ZTR", "eps": 0.1109, "epsEstimated": null, "time": "bmo", "revenue": 7302000, "revenueEstimated": null, "fiscalDateEnding": "2018-11-29", "updatedFromDate": "2023-11-28"}, {"date": "2018-11-29", "symbol": "HMSB.DE", "eps": 2.14, "epsEstimated": null, "time": "bmo", "revenue": 56414000000, "revenueEstimated": null, "fiscalDateEnding": "2018-11-29", "updatedFromDate": "2023-08-16"}, {"date": "2018-11-29", "symbol": "4397.T", "eps": 0.26, "epsEstimated": null, "time": "bmo", "revenue": 394000000, "revenueEstimated": null, "fiscalDateEnding": "2018-11-29", "updatedFromDate": "2023-08-16"}, {"date": "2018-11-29", "symbol": "ORCL.SW", "eps": 0.611, "epsEstimated": null, "time": "bmo", "revenue": 9562000000, "revenueEstimated": null, "fiscalDateEnding": "2018-11-29", "updatedFromDate": "2023-10-17"}, {"date": "2018-11-29", "symbol": "WINR", "eps": -9.68844, "epsEstimated": null, "time": "bmo", "revenue": null, "revenueEstimated": null, "fiscalDateEnding": "2018-11-29", "updatedFromDate": "2023-09-29"}, {"date": "2018-11-29", "symbol": "AVNT.TO", "eps": -0.03886, "epsEstimated": null, "time": "bmo", "revenue": 57756, "revenueEstimated": null, "fiscalDateEnding": "2018-11-29", "updatedFromDate": "2023-05-17"}, {"date": "2018-11-29", "symbol": "MMNFF", "eps": -1.41638, "epsEstimated": null, "time": "amc", "revenue": 21460195, "revenueEstimated": null, "fiscalDateEnding": "2018-09-30", "updatedFromDate": "2023-08-16"}, {"date": "2018-11-29", "symbol": "BTTR", "eps": 0.658, "epsEstimated": null, "time": "bmo", "revenue": null, "revenueEstimated": null, "fiscalDateEnding": "2018-11-29", "updatedFromDate": "2023-09-29"}, {"date": "2018-11-29", "symbol": "BCDMF", "eps": -0.04, "epsEstimated": -0.01, "time": "bmo", "revenue": null, "revenueEstimated": null, "fiscalDateEnding": "2018-12-31", "updatedFromDate": "2023-05-17"}, {"date": "2018-11-29", "symbol": "WLFFF", "eps": -0.01, "epsEstimated": -0.01, "time": "amc", "revenue": null, "revenueEstimated": null, "fiscalDateEnding": "2018-09-30", "updatedFromDate": "2023-05-17"}, {"date": "2018-11-29", "symbol": "TAL.V", "eps": -0.00406, "epsEstimated": null, "time": "bmo", "revenue": 5850000, "revenueEstimated": null, "fiscalDateEnding": "2018-08-29", "updatedFromDate": "2023-05-17"}, {"date": "2018-11-29", "symbol": "CTNXF", "eps": null, "epsEstimated": null, "time": "bmo", "revenue": null, "revenueEstimated": null, "fiscalDateEnding": "2018-09-30", "updatedFromDate": "2023-05-17"}, {"date": "2018-11-29", "symbol": "RLEVF", "eps": null, "epsEstimated": null, "time": "bmo", "revenue": null, "revenueEstimated": null, "fiscalDateEnding": "2018-09-30", "updatedFromDate": "2023-05-17"}, {"date": "2018-11-29", "symbol": "NVOS", "eps": -0.01209, "epsEstimated": null, "time": "bmo", "revenue": 2311622, "revenueEstimated": null, "fiscalDateEnding": "2018-11-29", "updatedFromDate": "2023-09-29"}, {"date": "2018-11-29", "symbol": "IVACC.ST", "eps": null, "epsEstimated": null, "time": "bmo", "revenue": null, "revenueEstimated": null, "fiscalDateEnding": "2018-09-30", "updatedFromDate": "2023-05-17"}, {"date": "2018-11-29", "symbol": "BRAG.TO", "eps": -2.5924, "epsEstimated": null, "time": "bmo", "revenue": 1406378.75977, "revenueEstimated": null, "fiscalDateEnding": "2018-09-30", "updatedFromDate": "2023-10-16"}, {"date": "2018-11-29", "symbol": "PEMIF", "eps": -0.02184, "epsEstimated": null, "time": "bmo", "revenue": null, "revenueEstimated": null, "fiscalDateEnding": "2018-09-30", "updatedFromDate": "2023-09-29"}, {"date": "2018-11-29", "symbol": "8383.HK", "eps": 0.0013, "epsEstimated": null, "time": "bmo", "revenue": 49396000, "revenueEstimated": null, "fiscalDateEnding": "2018-11-29", "updatedFromDate": "2023-05-17"}, {"date": "2018-11-29", "symbol": "ATLYF", "eps": null, "epsEstimated": null, "time": "bmo", "revenue": null, "revenueEstimated": null, "fiscalDateEnding": "2018-09-30", "updatedFromDate": "2023-05-17"}, {"date": "2018-11-29", "symbol": "ENE.WA", "eps": 0.12, "epsEstimated": null, "time": "bmo", "revenue": 91420000, "revenueEstimated": null, "fiscalDateEnding": "2018-09-29", "updatedFromDate": "2023-05-17"}, {"date": "2018-11-29", "symbol": "PANW", "eps": 0.39, "epsEstimated": 0.35, "time": "amc", "revenue": 656000000, "revenueEstimated": 588717948.7179488, "fiscalDateEnding": "2018-10-30", "updatedFromDate": "2023-09-29"}, {"date": "2018-11-29", "symbol": "YETI", "eps": 0.24, "epsEstimated": 0.22, "time": "bmo", "revenue": 196109000, "revenueEstimated": 178280909, "fiscalDateEnding": "2018-09-28", "updatedFromDate": "2023-09-29"}, {"date": "2018-11-29", "symbol": "DLTR", "eps": 1.18, "epsEstimated": 1.15, "time": "bmo", "revenue": 5740600000, "revenueEstimated": 5351044067.79661, "fiscalDateEnding": "2018-08-29", "updatedFromDate": "2023-10-10"}, {"date": "2018-11-29", "symbol": "CIT.DE", "eps": 2.21, "epsEstimated": null, "time": "bmo", "revenue": 1718268000, "revenueEstimated": null, "fiscalDateEnding": "2018-11-29", "updatedFromDate": "2023-10-16"}, {"date": "2018-11-29", "symbol": "LEXXW", "eps": -0.0092, "epsEstimated": null, "time": "bmo", "revenue": 22209, "revenueEstimated": null, "fiscalDateEnding": "2018-11-29", "updatedFromDate": "2023-10-17"}, {"date": "2018-11-29", "symbol": "TITN", "eps": 0.49, "epsEstimated": 0.36, "time": "bmo", "revenue": 363649000, "revenueEstimated": 265160571.4285714, "fiscalDateEnding": "2018-10-30", "updatedFromDate": "2023-09-29"}, {"date": "2018-11-29", "symbol": "EXPR", "eps": 2.2, "epsEstimated": 2.2, "time": "bmo", "revenue": 472715000, "revenueEstimated": 468146363.6363637, "fiscalDateEnding": "2018-08-29", "updatedFromDate": "2023-10-10"}, {"date": "2018-11-29", "symbol": "GWM.V", "eps": null, "epsEstimated": null, "time": "bmo", "revenue": null, "revenueEstimated": null, "fiscalDateEnding": "2018-09-30", "updatedFromDate": "2023-05-17"}, {"date": "2018-11-29", "symbol": "TSKFF", "eps": null, "epsEstimated": null, "time": "bmo", "revenue": null, "revenueEstimated": null, "fiscalDateEnding": "2018-09-30", "updatedFromDate": "2023-05-17"}, {"date": "2018-11-29", "symbol": "JAKS.KL", "eps": null, "epsEstimated": null, "time": "bmo", "revenue": null, "revenueEstimated": null, "fiscalDateEnding": "2018-09-30", "updatedFromDate": "2023-05-17"}, {"date": "2018-11-29", "symbol": "CKG.V", "eps": -0.01575, "epsEstimated": null, "time": "bmo", "revenue": null, "revenueEstimated": null, "fiscalDateEnding": "2018-09-29", "updatedFromDate": "2023-05-17"}, {"date": "2018-11-29", "symbol": "4433.T", "eps": 25.21, "epsEstimated": null, "time": "bmo", "revenue": 16242513000, "revenueEstimated": null, "fiscalDateEnding": "2018-11-29", "updatedFromDate": "2023-05-17"}, {"date": "2018-11-29", "symbol": "OMI.TO", "eps": -0.0128, "epsEstimated": null, "time": "bmo", "revenue": null, "revenueEstimated": null, "fiscalDateEnding": "2018-11-29", "updatedFromDate": "2023-10-16"}, {"date": "2018-11-29", "symbol": "GXI.DE", "eps": 1.37, "epsEstimated": null, "time": "bmo", "revenue": 391116000, "revenueEstimated": null, "fiscalDateEnding": "2018-11-29", "updatedFromDate": "2023-05-17"}, {"date": "2018-11-29", "symbol": "KGL.WA", "eps": 0.263, "epsEstimated": null, "time": "bmo", "revenue": 89663000, "revenueEstimated": null, "fiscalDateEnding": "2018-08-29", "updatedFromDate": "2023-05-17"}, {"date": "2018-11-29", "symbol": "DIG.WA", "eps": 0.556, "epsEstimated": null, "time": "bmo", "revenue": 21634750.15, "revenueEstimated": null, "fiscalDateEnding": "2018-12-30", "updatedFromDate": "2023-05-17"}, {"date": "2018-11-29", "symbol": "MPZZF", "eps": 0.01, "epsEstimated": 0.05, "time": "bmo", "revenue": null, "revenueEstimated": null, "fiscalDateEnding": "2018-09-30", "updatedFromDate": "2023-05-17"}, {"date": "2018-11-29", "symbol": "SPRS", "eps": 0.2699, "epsEstimated": null, "time": "bmo", "revenue": 8845895, "revenueEstimated": null, "fiscalDateEnding": "2018-11-29", "updatedFromDate": "2023-05-17"}, {"date": "2018-11-29", "symbol": "UBS.VI", "eps": 1.13, "epsEstimated": null, "time": "bmo", "revenue": 79026000, "revenueEstimated": null, "fiscalDateEnding": "2018-09-30", "updatedFromDate": "2023-08-16"}, {"date": "2018-11-29", "symbol": "CHYHY", "eps": 0.0975, "epsEstimated": null, "time": "bmo", "revenue": 269400000, "revenueEstimated": null, "fiscalDateEnding": "2018-11-29", "updatedFromDate": "2023-05-17"}, {"date": "2018-11-29", "symbol": "ENT.WA", "eps": -0.70385, "epsEstimated": null, "time": "bmo", "revenue": 232984000, "revenueEstimated": null, "fiscalDateEnding": "2018-08-29", "updatedFromDate": "2023-05-17"}, {"date": "2018-11-29", "symbol": "PSHIF", "eps": null, "epsEstimated": null, "time": "bmo", "revenue": null, "revenueEstimated": null, "fiscalDateEnding": "2018-09-30", "updatedFromDate": "2023-08-16"}, {"date": "2018-11-29", "symbol": "0685.HK", "eps": 0.00134, "epsEstimated": null, "time": "bmo", "revenue": 71632000, "revenueEstimated": null, "fiscalDateEnding": "2018-08-29", "updatedFromDate": "2023-10-17"}, {"date": "2018-11-29", "symbol": "000723.SZ", "eps": 0.138, "epsEstimated": null, "time": "bmo", "revenue": 3819428496.96, "revenueEstimated": null, "fiscalDateEnding": "2018-09-29", "updatedFromDate": "2023-05-17"}, {"date": "2018-11-29", "symbol": "AIABF", "eps": 0.2, "epsEstimated": 0.1, "time": "bmo", "revenue": null, "revenueEstimated": null, "fiscalDateEnding": "2018-09-30", "updatedFromDate": "2023-08-16"}, {"date": "2018-11-29", "symbol": "EWG.CN", "eps": 0.00534, "epsEstimated": null, "time": "bmo", "revenue": null, "revenueEstimated": null, "fiscalDateEnding": "2018-11-29", "updatedFromDate": "2023-05-17"}, {"date": "2018-11-29", "symbol": "TRX", "eps": -0.02, "epsEstimated": null, "time": "bmo", "revenue": null, "revenueEstimated": null, "fiscalDateEnding": "2018-08-31", "updatedFromDate": "2023-09-29"}, {"date": "2018-11-29", "symbol": "DQ7A.IR", "eps": null, "epsEstimated": null, "time": "bmo", "revenue": null, "revenueEstimated": null, "fiscalDateEnding": "2018-08-29", "updatedFromDate": "2023-10-16"}, {"date": "2018-11-29", "symbol": "DYA.TO", "eps": -0.00855, "epsEstimated": null, "time": "bmo", "revenue": 57921, "revenueEstimated": null, "fiscalDateEnding": "2018-09-30", "updatedFromDate": "2023-10-16"}, {"date": "2018-11-29", "symbol": "AFLT.ME", "eps": -12.46752, "epsEstimated": null, "time": "bmo", "revenue": 145225000000, "revenueEstimated": null, "fiscalDateEnding": "2018-08-29", "updatedFromDate": "2023-05-17"}, {"date": "2018-11-29", "symbol": "TDNT", "eps": -0.09814, "epsEstimated": null, "time": "bmo", "revenue": 519996, "revenueEstimated": null, "fiscalDateEnding": "2018-11-29", "updatedFromDate": "2023-09-29"}, {"date": "2018-11-29", "symbol": "CEM", "eps": -4.45369, "epsEstimated": null, "time": "bmo", "revenue": 4647130, "revenueEstimated": null, "fiscalDateEnding": "2018-11-29", "updatedFromDate": "2023-05-17"}, {"date": "2018-11-29", "symbol": "TN.CN", "eps": -0.00119, "epsEstimated": null, "time": "bmo", "revenue": null, "revenueEstimated": null, "fiscalDateEnding": "2018-08-29", "updatedFromDate": "2023-10-17"}, {"date": "2018-11-29", "symbol": "MDXHF", "eps": null, "epsEstimated": null, "time": "bmo", "revenue": null, "revenueEstimated": null, "fiscalDateEnding": "2018-09-30", "updatedFromDate": "2023-05-17"}, {"date": "2018-11-29", "symbol": "ELVT.V", "eps": -0.03764, "epsEstimated": null, "time": "bmo", "revenue": 1194287.19592, "revenueEstimated": null, "fiscalDateEnding": "2018-09-30", "updatedFromDate": "2023-10-16"}, {"date": "2018-11-29", "symbol": "OCSI", "eps": 0.19, "epsEstimated": 0.17, "time": "bmo", "revenue": 9419895, "revenueEstimated": 13170526.315789474, "fiscalDateEnding": "2018-09-29", "updatedFromDate": "2023-05-17"}, {"date": "2018-11-29", "symbol": "AFI.CN", "eps": -0.01437, "epsEstimated": null, "time": "bmo", "revenue": null, "revenueEstimated": null, "fiscalDateEnding": "2018-11-29", "updatedFromDate": "2023-10-09"}, {"date": "2018-11-29", "symbol": "QBIO", "eps": -0.14567, "epsEstimated": null, "time": "bmo", "revenue": null, "revenueEstimated": null, "fiscalDateEnding": "2018-11-29", "updatedFromDate": "2023-09-29"}, {"date": "2018-11-29", "symbol": "034590.KS", "eps": 1946.39, "epsEstimated": null, "time": "bmo", "revenue": 187538056320, "revenueEstimated": null, "fiscalDateEnding": "2018-12-30", "updatedFromDate": "2023-05-17"}, {"date": "2018-11-29", "symbol": "MSCLF", "eps": null, "epsEstimated": null, "time": "bmo", "revenue": null, "revenueEstimated": null, "fiscalDateEnding": "2018-09-30", "updatedFromDate": "2023-09-29"}, {"date": "2018-11-29", "symbol": "PHASQ", "eps": -6.93, "epsEstimated": -0.48, "time": "bmo", "revenue": null, "revenueEstimated": null, "fiscalDateEnding": "2018-09-30", "updatedFromDate": "2023-05-17"}, {"date": "2018-11-29", "symbol": "EXF.TO", "eps": -0.13531, "epsEstimated": null, "time": "bmo", "revenue": 69180000, "revenueEstimated": null, "fiscalDateEnding": "2018-11-29", "updatedFromDate": "2023-10-16"}, {"date": "2018-11-29", "symbol": "ABI.V", "eps": null, "epsEstimated": null, "time": "bmo", "revenue": null, "revenueEstimated": null, "fiscalDateEnding": "2018-12-31", "updatedFromDate": "2023-05-17"}, {"date": "2018-11-29", "symbol": "EMHTF", "eps": -0.0466, "epsEstimated": null, "time": "bmo", "revenue": 321070, "revenueEstimated": null, "fiscalDateEnding": "2018-09-29", "updatedFromDate": "2023-05-17"}, {"date": "2018-11-29", "symbol": "LMDCF", "eps": -0.00441, "epsEstimated": null, "time": "bmo", "revenue": 186518, "revenueEstimated": null, "fiscalDateEnding": "2018-09-30", "updatedFromDate": "2023-09-29"}, {"date": "2018-11-29", "symbol": "AMSWA", "eps": 0.07, "epsEstimated": 0.06, "time": "amc", "revenue": 28033000, "revenueEstimated": 21024750, "fiscalDateEnding": "2018-10-30", "updatedFromDate": "2023-09-29"}, {"date": "2018-11-29", "symbol": "ZUO", "eps": -0.1, "epsEstimated": -0.13, "time": "amc", "revenue": 61637000, "revenueEstimated": 80128100, "fiscalDateEnding": "2018-10-30", "updatedFromDate": "2023-09-29"}, {"date": "2018-11-29", "symbol": "GEMC.V", "eps": null, "epsEstimated": null, "time": "bmo", "revenue": null, "revenueEstimated": null, "fiscalDateEnding": "2018-12-31", "updatedFromDate": "2023-05-17"}, {"date": "2018-11-29", "symbol": "ASA", "eps": -2.00092, "epsEstimated": null, "time": "bmo", "revenue": 610020, "revenueEstimated": null, "fiscalDateEnding": "2018-11-29", "updatedFromDate": "2023-05-17"}, {"date": "2018-11-29", "symbol": "7035.T", "eps": 2.56, "epsEstimated": null, "time": "bmo", "revenue": 469522000, "revenueEstimated": null, "fiscalDateEnding": "2018-11-29", "updatedFromDate": "2023-05-17"}, {"date": "2018-11-29", "symbol": "VQS", "eps": -1.70685, "epsEstimated": null, "time": "bmo", "revenue": 3055320, "revenueEstimated": null, "fiscalDateEnding": "2018-09-30", "updatedFromDate": "2023-09-29"}, {"date": "2018-11-29", "symbol": "OLA.TO", "eps": -0.01, "epsEstimated": -0.00667, "time": "bmo", "revenue": null, "revenueEstimated": null, "fiscalDateEnding": "2018-08-29", "updatedFromDate": "2023-05-17"}, {"date": "2018-11-29", "symbol": "HIVE", "eps": -0.04, "epsEstimated": -0.01, "time": "bmo", "revenue": 7421228, "revenueEstimated": null, "fiscalDateEnding": "2018-08-29", "updatedFromDate": "2023-10-10"}, {"date": "2018-11-29", "symbol": "OLNCF", "eps": -0.06, "epsEstimated": null, "time": "bmo", "revenue": 1965233, "revenueEstimated": null, "fiscalDateEnding": "2018-09-30", "updatedFromDate": "2023-09-29"}, {"date": "2018-11-29", "symbol": "BAH.WA", "eps": -0.07172, "epsEstimated": null, "time": "bmo", "revenue": 236242000, "revenueEstimated": null, "fiscalDateEnding": "2018-12-30", "updatedFromDate": "2023-05-17"}, {"date": "2018-11-29", "symbol": "BRIM.IC", "eps": 0.01158, "epsEstimated": null, "time": "bmo", "revenue": 72879000, "revenueEstimated": null, "fiscalDateEnding": "2018-12-30", "updatedFromDate": "2023-05-17"}, {"date": "2018-11-29", "symbol": "ENTG.V", "eps": null, "epsEstimated": null, "time": "bmo", "revenue": null, "revenueEstimated": null, "fiscalDateEnding": "2018-09-30", "updatedFromDate": "2023-05-17"}, {"date": "2018-11-29", "symbol": "BYRN", "eps": -0.12662, "epsEstimated": null, "time": "bmo", "revenue": 30112, "revenueEstimated": null, "fiscalDateEnding": "2018-11-29", "updatedFromDate": "2023-09-29"}, {"date": "2018-11-29", "symbol": "ASYS", "eps": -0.23, "epsEstimated": -0.23, "time": "amc", "revenue": 28832000, "revenueEstimated": 56051428.571428575, "fiscalDateEnding": "2018-09-29", "updatedFromDate": "2023-09-29"}, {"date": "2018-11-29", "symbol": "FDX.SW", "eps": 3.51, "epsEstimated": null, "time": "bmo", "revenue": 17824000000, "revenueEstimated": null, "fiscalDateEnding": "2018-11-29", "updatedFromDate": "2023-10-17"}, {"date": "2018-11-29", "symbol": "AAU.V", "eps": null, "epsEstimated": null, "time": "bmo", "revenue": null, "revenueEstimated": null, "fiscalDateEnding": "2019-03-31", "updatedFromDate": "2023-05-17"}, {"date": "2018-11-29", "symbol": "ENRT", "eps": -0.00079, "epsEstimated": null, "time": "bmo", "revenue": null, "revenueEstimated": null, "fiscalDateEnding": "2018-11-29", "updatedFromDate": "2023-05-17"}, {"date": "2018-11-29", "symbol": "FUIZF", "eps": null, "epsEstimated": null, "time": "bmo", "revenue": null, "revenueEstimated": null, "fiscalDateEnding": "2018-09-30", "updatedFromDate": "2023-05-17"}, {"date": "2018-11-29", "symbol": "DELL", "eps": 1.56, "epsEstimated": null, "time": "bmo", "revenue": 22482000000, "revenueEstimated": null, "fiscalDateEnding": "2018-11-01", "updatedFromDate": "2023-11-29"}, {"date": "2018-11-29", "symbol": "TAKOF", "eps": -0.02, "epsEstimated": -0.008, "time": "bmo", "revenue": null, "revenueEstimated": null, "fiscalDateEnding": "2018-09-30", "updatedFromDate": "2023-08-16"}, {"date": "2018-11-29", "symbol": "PLG", "eps": -0.1, "epsEstimated": -0.05747, "time": "bmo", "revenue": null, "revenueEstimated": null, "fiscalDateEnding": "2018-08-31", "updatedFromDate": "2023-09-29"}, {"date": "2018-11-29", "symbol": "RMK.WA", "eps": 0.52, "epsEstimated": null, "time": "bmo", "revenue": 57594000, "revenueEstimated": null, "fiscalDateEnding": "2018-09-29", "updatedFromDate": "2023-05-17"}, {"date": "2018-11-29", "symbol": "ORLA", "eps": 0.01, "epsEstimated": 0.007, "time": "bmo", "revenue": null, "revenueEstimated": null, "fiscalDateEnding": "2018-09-30", "updatedFromDate": "2023-09-29"}, {"date": "2018-11-29", "symbol": "AVTBF", "eps": -0.03643, "epsEstimated": null, "time": "amc", "revenue": 57756, "revenueEstimated": null, "fiscalDateEnding": "2018-11-29", "updatedFromDate": "2023-05-17"}, {"date": "2018-11-29", "symbol": "EKTA-B.ST", "eps": 0.75, "epsEstimated": 0.91, "time": "bmo", "revenue": 3228000000, "revenueEstimated": null, "fiscalDateEnding": "2018-08-29", "updatedFromDate": "2023-10-17"}, {"date": "2018-11-29", "symbol": "PAGS", "eps": 0.24, "epsEstimated": 0.2, "time": "amc", "revenue": 693573000, "revenueEstimated": 1028446648.9361702, "fiscalDateEnding": "2018-09-30", "updatedFromDate": "2023-09-29"}, {"date": "2018-11-29", "symbol": "GTN.WA", "eps": -4.21981, "epsEstimated": null, "time": "bmo", "revenue": 139419000, "revenueEstimated": null, "fiscalDateEnding": "2018-12-30", "updatedFromDate": "2023-05-17"}, {"date": "2018-11-29", "symbol": "LIDDS.ST", "eps": -0.21169, "epsEstimated": null, "time": "bmo", "revenue": -30292, "revenueEstimated": null, "fiscalDateEnding": "2018-08-29", "updatedFromDate": "2023-05-17"}, {"date": "2018-11-29", "symbol": "TLX.WA", "eps": 1.54, "epsEstimated": null, "time": "bmo", "revenue": 26873000, "revenueEstimated": null, "fiscalDateEnding": "2018-08-29", "updatedFromDate": "2023-05-17"}, {"date": "2018-11-29", "symbol": "LOOP", "eps": -0.08619, "epsEstimated": null, "time": "bmo", "revenue": null, "revenueEstimated": null, "fiscalDateEnding": "2018-11-29", "updatedFromDate": "2023-10-10"}, {"date": "2018-11-29", "symbol": "3031.T", "eps": 5.15, "epsEstimated": null, "time": "bmo", "revenue": 818113000, "revenueEstimated": null, "fiscalDateEnding": "2018-08-29", "updatedFromDate": "2023-10-17"}, {"date": "2018-11-29", "symbol": "EMGC", "eps": -1.08991, "epsEstimated": null, "time": "bmo", "revenue": -45528000, "revenueEstimated": null, "fiscalDateEnding": "2018-11-29", "updatedFromDate": "2023-05-17"}, {"date": "2018-11-29", "symbol": "SIBN", "eps": -0.3, "epsEstimated": -0.27, "time": "amc", "revenue": 13381000, "revenueEstimated": 12425214, "fiscalDateEnding": "2018-09-29", "updatedFromDate": "2023-09-29"}, {"date": "2018-11-29", "symbol": "MBAIF", "eps": 0.08, "epsEstimated": null, "time": "amc", "revenue": null, "revenueEstimated": null, "fiscalDateEnding": "2018-12-31", "updatedFromDate": "2023-09-29"}, {"date": "2018-11-29", "symbol": "WINRW", "eps": -1.21106, "epsEstimated": null, "time": "bmo", "revenue": null, "revenueEstimated": null, "fiscalDateEnding": "2018-11-29", "updatedFromDate": "2023-10-10"}, {"date": "2018-11-29", "symbol": "CLGN", "eps": -0.29013, "epsEstimated": null, "time": "bmo", "revenue": 225046.296424, "revenueEstimated": null, "fiscalDateEnding": "2018-09-30", "updatedFromDate": "2023-09-29"}, {"date": "2018-11-29", "symbol": "GME", "eps": 0.17, "epsEstimated": 0.14, "time": "amc", "revenue": 1285700000, "revenueEstimated": 1646534328.3582087, "fiscalDateEnding": "2018-08-29", "updatedFromDate": "2023-10-09"}, {"date": "2018-11-29", "symbol": "MRZLF", "eps": null, "epsEstimated": null, "time": "bmo", "revenue": null, "revenueEstimated": null, "fiscalDateEnding": "2018-12-31", "updatedFromDate": "2023-05-17"}, {"date": "2018-11-29", "symbol": "CURLF", "eps": 0.02, "epsEstimated": 0.02, "time": "bmo", "revenue": 21370000, "revenueEstimated": 21370000, "fiscalDateEnding": "2018-09-30", "updatedFromDate": "2023-09-29"}, {"date": "2018-11-29", "symbol": "2880.TW", "eps": 0.34, "epsEstimated": 0.31, "time": "bmo", "revenue": 12274311000, "revenueEstimated": null, "fiscalDateEnding": "2018-09-30", "updatedFromDate": "2023-08-25"}, {"date": "2018-11-29", "symbol": "8057.T", "eps": 1.02, "epsEstimated": null, "time": "bmo", "revenue": 38502000000, "revenueEstimated": null, "fiscalDateEnding": "2018-10-31", "updatedFromDate": "2023-05-17"}, {"date": "2018-11-29", "symbol": "HVBTF", "eps": -0.04, "epsEstimated": -0.01, "time": "bmo", "revenue": null, "revenueEstimated": null, "fiscalDateEnding": "2018-09-30", "updatedFromDate": "2023-05-17"}, {"date": "2018-11-29", "symbol": "DCAC", "eps": -0.04568, "epsEstimated": null, "time": "bmo", "revenue": 1070334, "revenueEstimated": null, "fiscalDateEnding": "2018-11-29", "updatedFromDate": "2023-05-17"}, {"date": "2018-11-29", "symbol": "UPYY", "eps": -0.00016, "epsEstimated": null, "time": "bmo", "revenue": 281458, "revenueEstimated": null, "fiscalDateEnding": "2018-11-29", "updatedFromDate": "2023-10-10"}, {"date": "2018-11-29", "symbol": "PNAGF", "eps": null, "epsEstimated": null, "time": "bmo", "revenue": null, "revenueEstimated": null, "fiscalDateEnding": "2018-09-30", "updatedFromDate": "2023-05-17"}, {"date": "2018-11-29", "symbol": "CLASF", "eps": null, "epsEstimated": null, "time": "bmo", "revenue": null, "revenueEstimated": null, "fiscalDateEnding": "2018-09-30", "updatedFromDate": "2023-05-17"}, {"date": "2018-11-29", "symbol": "IAM.SN", "eps": 9.9, "epsEstimated": 13.62, "time": "bmo", "revenue": null, "revenueEstimated": null, "fiscalDateEnding": "2018-09-30", "updatedFromDate": "2023-05-17"}, {"date": "2018-11-29", "symbol": "RMIAF", "eps": null, "epsEstimated": null, "time": "bmo", "revenue": null, "revenueEstimated": null, "fiscalDateEnding": "2018-09-30", "updatedFromDate": "2023-05-17"}, {"date": "2018-11-29", "symbol": "BBY.DE", "eps": 0.1817, "epsEstimated": null, "time": "bmo", "revenue": 3032231000, "revenueEstimated": null, "fiscalDateEnding": "2018-11-29", "updatedFromDate": "2023-10-16"}, {"date": "2018-11-29", "symbol": "ARM.CN", "eps": -0.00409, "epsEstimated": null, "time": "bmo", "revenue": 50149, "revenueEstimated": null, "fiscalDateEnding": "2018-11-29", "updatedFromDate": "2023-10-17"}, {"date": "2018-11-29", "symbol": "MRZ.V", "eps": -0.03654, "epsEstimated": null, "time": "bmo", "revenue": null, "revenueEstimated": null, "fiscalDateEnding": "2018-08-29", "updatedFromDate": "2023-10-17"}, {"date": "2018-11-29", "symbol": "AITX", "eps": 141.56, "epsEstimated": null, "time": "bmo", "revenue": 38864, "revenueEstimated": null, "fiscalDateEnding": "2018-11-29", "updatedFromDate": "2023-05-17"}, {"date": "2018-11-29", "symbol": "NTCXF", "eps": null, "epsEstimated": null, "time": "bmo", "revenue": null, "revenueEstimated": null, "fiscalDateEnding": "2018-09-30", "updatedFromDate": "2023-09-29"}, {"date": "2018-11-29", "symbol": "RCLF.CN", "eps": -0.04708, "epsEstimated": null, "time": "bmo", "revenue": null, "revenueEstimated": null, "fiscalDateEnding": "2018-08-29", "updatedFromDate": "2023-10-17"}, {"date": "2018-11-29", "symbol": "AOT.BK", "eps": 0.37, "epsEstimated": 0.36, "time": "bmo", "revenue": 14747253720, "revenueEstimated": null, "fiscalDateEnding": "2018-09-30", "updatedFromDate": "2023-05-17"}, {"date": "2018-11-29", "symbol": "AXIS.TO", "eps": null, "epsEstimated": null, "time": "bmo", "revenue": 31922374, "revenueEstimated": null, "fiscalDateEnding": "2018-08-29", "updatedFromDate": "2023-10-16"}, {"date": "2018-11-29", "symbol": "BEW.V", "eps": null, "epsEstimated": null, "time": "bmo", "revenue": null, "revenueEstimated": null, "fiscalDateEnding": "2018-09-30", "updatedFromDate": "2023-05-17"}, {"date": "2018-11-29", "symbol": "ARH.WA", "eps": 1.56, "epsEstimated": null, "time": "bmo", "revenue": 264873000, "revenueEstimated": null, "fiscalDateEnding": "2018-08-29", "updatedFromDate": "2023-05-17"}, {"date": "2018-11-29", "symbol": "RCK.V", "eps": -0.04886, "epsEstimated": null, "time": "bmo", "revenue": null, "revenueEstimated": null, "fiscalDateEnding": "2018-09-29", "updatedFromDate": "2023-05-17"}, {"date": "2018-11-29", "symbol": "900140.KS", "eps": -3661.92865, "epsEstimated": null, "time": "bmo", "revenue": 89648717000, "revenueEstimated": null, "fiscalDateEnding": "2018-12-30", "updatedFromDate": "2023-05-17"}, {"date": "2018-11-29", "symbol": "CM", "eps": 1.15, "epsEstimated": 1.14, "time": "bmo", "revenue": 4425000000, "revenueEstimated": 4496079207, "fiscalDateEnding": "2018-10-31", "updatedFromDate": "2023-09-29"}, {"date": "2018-11-29", "symbol": "GIG.WA", "eps": 0.616, "epsEstimated": null, "time": "bmo", "revenue": 1086984481.75, "revenueEstimated": null, "fiscalDateEnding": "2018-08-29", "updatedFromDate": "2023-05-17"}, {"date": "2018-11-29", "symbol": "LOAC", "eps": -11.18079, "epsEstimated": null, "time": "amc", "revenue": null, "revenueEstimated": null, "fiscalDateEnding": "2018-11-29", "updatedFromDate": "2023-05-17"}, {"date": "2018-11-29", "symbol": "LZGI", "eps": -0.02956, "epsEstimated": null, "time": "bmo", "revenue": null, "revenueEstimated": null, "fiscalDateEnding": "2018-11-29", "updatedFromDate": "2023-10-10"}, {"date": "2018-11-29", "symbol": "KRI.AT", "eps": -0.01375, "epsEstimated": null, "time": "bmo", "revenue": 16154005, "revenueEstimated": null, "fiscalDateEnding": "2018-08-29", "updatedFromDate": "2023-05-17"}, {"date": "2018-11-29", "symbol": "ALPHA.AT", "eps": 0.03, "epsEstimated": 0.02, "time": "bmo", "revenue": null, "revenueEstimated": null, "fiscalDateEnding": "2018-09-30", "updatedFromDate": "2023-05-17"}, {"date": "2018-11-29", "symbol": "DBRM", "eps": -0.01277, "epsEstimated": null, "time": "bmo", "revenue": 192436, "revenueEstimated": null, "fiscalDateEnding": "2018-11-29", "updatedFromDate": "2023-05-17"}, {"date": "2018-11-29", "symbol": "MCLDF", "eps": -0.4, "epsEstimated": null, "time": "bmo", "revenue": null, "revenueEstimated": null, "fiscalDateEnding": "2018-09-30", "updatedFromDate": "2023-05-17"}, {"date": "2018-11-29", "symbol": "GTBAF", "eps": null, "epsEstimated": null, "time": "bmo", "revenue": null, "revenueEstimated": null, "fiscalDateEnding": "2018-09-30", "updatedFromDate": "2023-05-17"}, {"date": "2018-11-29", "symbol": "JNEXF", "eps": null, "epsEstimated": null, "time": "bmo", "revenue": null, "revenueEstimated": null, "fiscalDateEnding": "2018-09-30", "updatedFromDate": "2023-05-17"}, {"date": "2018-11-29", "symbol": "NXTCL.ST", "eps": -0.42519, "epsEstimated": null, "time": "bmo", "revenue": 73745, "revenueEstimated": null, "fiscalDateEnding": "2018-11-29", "updatedFromDate": "2023-05-17"}, {"date": "2018-11-29", "symbol": "EZRG", "eps": -0.0008, "epsEstimated": null, "time": "bmo", "revenue": null, "revenueEstimated": null, "fiscalDateEnding": "2018-11-29", "updatedFromDate": "2023-10-10"}, {"date": "2018-11-29", "symbol": "2886.TW", "eps": 0.55, "epsEstimated": 0.56, "time": "bmo", "revenue": 16634465000, "revenueEstimated": null, "fiscalDateEnding": "2018-09-29", "updatedFromDate": "2023-05-17"}, {"date": "2018-11-29", "symbol": "PNC-B.TO", "eps": -0.01514, "epsEstimated": null, "time": "bmo", "revenue": 171273000, "revenueEstimated": null, "fiscalDateEnding": "2018-11-29", "updatedFromDate": "2023-05-17"}, {"date": "2018-11-29", "symbol": "AMWD", "eps": 1.6, "epsEstimated": 1.89, "time": "bmo", "revenue": 424878000, "revenueEstimated": 496576162.5, "fiscalDateEnding": "2018-10-30", "updatedFromDate": "2023-09-29"}, {"date": "2018-11-29", "symbol": "PTAL.L", "eps": 0.00094, "epsEstimated": null, "time": "bmo", "revenue": 4144000, "revenueEstimated": null, "fiscalDateEnding": "2018-09-29", "updatedFromDate": "2023-08-16"}, {"date": "2018-11-29", "symbol": "QEXGF", "eps": null, "epsEstimated": null, "time": "bmo", "revenue": null, "revenueEstimated": null, "fiscalDateEnding": "2018-09-30", "updatedFromDate": "2023-05-17"}, {"date": "2018-11-29", "symbol": "CURA.CN", "eps": 0.03, "epsEstimated": 0.02939, "time": "bmo", "revenue": 21370000, "revenueEstimated": null, "fiscalDateEnding": "2018-09-30", "updatedFromDate": "2023-08-25"}, {"date": "2018-11-29", "symbol": "KARNF", "eps": 0.91, "epsEstimated": null, "time": "bmo", "revenue": null, "revenueEstimated": null, "fiscalDateEnding": "2018-12-31", "updatedFromDate": "2023-05-17"}, {"date": "2018-11-29", "symbol": "QMXGF", "eps": null, "epsEstimated": null, "time": "bmo", "revenue": null, "revenueEstimated": null, "fiscalDateEnding": "2018-09-30", "updatedFromDate": "2023-05-17"}, {"date": "2018-11-29", "symbol": "MOTR.L", "eps": null, "epsEstimated": null, "time": "bmo", "revenue": null, "revenueEstimated": null, "fiscalDateEnding": "2019-03-31", "updatedFromDate": "2023-10-16"}, {"date": "2018-11-29", "symbol": "NOU.V", "eps": -0.13017, "epsEstimated": null, "time": "bmo", "revenue": null, "revenueEstimated": null, "fiscalDateEnding": "2018-08-29", "updatedFromDate": "2023-05-17"}, {"date": "2018-11-29", "symbol": "AGCCF", "eps": null, "epsEstimated": null, "time": "bmo", "revenue": null, "revenueEstimated": null, "fiscalDateEnding": "2018-09-30", "updatedFromDate": "2023-05-17"}, {"date": "2018-11-29", "symbol": "AGTX", "eps": -4.10506, "epsEstimated": null, "time": "bmo", "revenue": null, "revenueEstimated": null, "fiscalDateEnding": "2018-11-29", "updatedFromDate": "2023-10-10"}, {"date": "2018-11-29", "symbol": "RIPLEY.SN", "eps": 8.99, "epsEstimated": null, "time": "bmo", "revenue": 1702063266000, "revenueEstimated": null, "fiscalDateEnding": "2018-08-29", "updatedFromDate": "2023-08-17"}, {"date": "2018-11-29", "symbol": "RMLI.TA", "eps": null, "epsEstimated": null, "time": "bmo", "revenue": null, "revenueEstimated": null, "fiscalDateEnding": "2018-09-30", "updatedFromDate": "2023-08-16"}, {"date": "2018-11-29", "symbol": "DEEP.CN", "eps": -0.00656, "epsEstimated": null, "time": "bmo", "revenue": null, "revenueEstimated": null, "fiscalDateEnding": "2018-11-29", "updatedFromDate": "2023-05-17"}, {"date": "2018-11-29", "symbol": "MMEN.CN", "eps": -0.12634, "epsEstimated": null, "time": "bmo", "revenue": 41972293, "revenueEstimated": null, "fiscalDateEnding": "2018-08-29", "updatedFromDate": "2023-10-16"}, {"date": "2018-11-29", "symbol": "LOACU", "eps": -0.00883, "epsEstimated": null, "time": "amc", "revenue": null, "revenueEstimated": null, "fiscalDateEnding": "2018-11-29", "updatedFromDate": "2023-05-17"}, {"date": "2018-11-29", "symbol": "2887.TW", "eps": 0.124, "epsEstimated": 0.29, "time": "bmo", "revenue": 8193856000, "revenueEstimated": null, "fiscalDateEnding": "2018-08-29", "updatedFromDate": "2023-05-17"}, {"date": "2018-11-29", "symbol": "VQS.TO", "eps": null, "epsEstimated": null, "time": "bmo", "revenue": null, "revenueEstimated": null, "fiscalDateEnding": "2018-09-30", "updatedFromDate": "2023-05-17"}, {"date": "2018-11-29", "symbol": "DYFSF", "eps": null, "epsEstimated": null, "time": "bmo", "revenue": null, "revenueEstimated": null, "fiscalDateEnding": "2018-09-30", "updatedFromDate": "2023-05-17"}, {"date": "2018-11-29", "symbol": "CLSH", "eps": -0.11952, "epsEstimated": null, "time": "bmo", "revenue": 1976910, "revenueEstimated": null, "fiscalDateEnding": "2018-11-29", "updatedFromDate": "2023-05-17"}, {"date": "2018-11-29", "symbol": "KHRNF", "eps": null, "epsEstimated": null, "time": "bmo", "revenue": null, "revenueEstimated": null, "fiscalDateEnding": "2018-09-30", "updatedFromDate": "2023-08-16"}, {"date": "2018-11-29", "symbol": "SBUDF", "eps": null, "epsEstimated": null, "time": "bmo", "revenue": null, "revenueEstimated": null, "fiscalDateEnding": "2018-09-30", "updatedFromDate": "2023-05-17"}, {"date": "2018-11-29", "symbol": "TCYSF", "eps": 0.05, "epsEstimated": 0.12, "time": "amc", "revenue": 24250000, "revenueEstimated": null, "fiscalDateEnding": "2018-08-29", "updatedFromDate": "2023-10-17"}, {"date": "2018-11-29", "symbol": "TD.TO", "eps": 1.63, "epsEstimated": 1.62, "time": "bmo", "revenue": 10045000000, "revenueEstimated": null, "fiscalDateEnding": "2018-10-31", "updatedFromDate": "2023-05-17"}, {"date": "2018-11-29", "symbol": "ABQQ", "eps": -0.10708, "epsEstimated": null, "time": "bmo", "revenue": 74240, "revenueEstimated": null, "fiscalDateEnding": "2018-11-29", "updatedFromDate": "2023-05-17"}, {"date": "2018-11-29", "symbol": "TD", "eps": 1.25, "epsEstimated": 1.23, "time": "bmo", "revenue": 10045000000, "revenueEstimated": 10073432098, "fiscalDateEnding": "2018-10-31", "updatedFromDate": "2023-09-29"}, {"date": "2018-11-29", "symbol": "TGRVF", "eps": 0.01, "epsEstimated": null, "time": "bmo", "revenue": null, "revenueEstimated": null, "fiscalDateEnding": "2018-09-30", "updatedFromDate": "2023-09-29"}, {"date": "2018-11-29", "symbol": "SODI", "eps": -0.1877, "epsEstimated": null, "time": "bmo", "revenue": 2255000, "revenueEstimated": null, "fiscalDateEnding": "2018-11-29", "updatedFromDate": "2023-05-17"}, {"date": "2018-11-29", "symbol": "SLI.V", "eps": -0.00612, "epsEstimated": null, "time": "bmo", "revenue": null, "revenueEstimated": null, "fiscalDateEnding": "2018-08-29", "updatedFromDate": "2023-10-16"}, {"date": "2018-11-29", "symbol": "CPMV", "eps": -0.19085, "epsEstimated": null, "time": "bmo", "revenue": null, "revenueEstimated": null, "fiscalDateEnding": "2018-11-29", "updatedFromDate": "2023-10-10"}, {"date": "2018-11-29", "symbol": "DN.TO", "eps": -0.03, "epsEstimated": null, "time": "bmo", "revenue": 1251213, "revenueEstimated": null, "fiscalDateEnding": "2018-09-30", "updatedFromDate": "2023-10-16"}, {"date": "2018-11-29", "symbol": "SPUP", "eps": -0.04119, "epsEstimated": null, "time": "bmo", "revenue": null, "revenueEstimated": null, "fiscalDateEnding": "2018-11-29", "updatedFromDate": "2023-11-28"}, {"date": "2018-11-29", "symbol": "KIRK", "eps": -0.13, "epsEstimated": -0.16, "time": "bmo", "revenue": 119885000, "revenueEstimated": 120221888.88888891, "fiscalDateEnding": "2018-08-29", "updatedFromDate": "2023-10-10"}, {"date": "2018-11-29", "symbol": "IVBT", "eps": -0.21224, "epsEstimated": null, "time": "bmo", "revenue": 1128, "revenueEstimated": null, "fiscalDateEnding": "2018-11-29", "updatedFromDate": "2023-10-17"}, {"date": "2018-11-29", "symbol": "DLTNF", "eps": null, "epsEstimated": null, "time": "bmo", "revenue": null, "revenueEstimated": null, "fiscalDateEnding": "2018-09-30", "updatedFromDate": "2023-05-17"}, {"date": "2018-11-29", "symbol": "DHBUF", "eps": -0.03873, "epsEstimated": null, "time": "amc", "revenue": 11465000, "revenueEstimated": null, "fiscalDateEnding": "2018-08-29", "updatedFromDate": "2023-10-16"}, {"date": "2018-11-29", "symbol": "MMTMF", "eps": -0.00037, "epsEstimated": null, "time": "amc", "revenue": 20993000, "revenueEstimated": null, "fiscalDateEnding": "2018-08-29", "updatedFromDate": "2023-10-16"}, {"date": "2018-11-29", "symbol": "SLI", "eps": -0.00653, "epsEstimated": null, "time": "bmo", "revenue": null, "revenueEstimated": null, "fiscalDateEnding": "2018-08-29", "updatedFromDate": "2023-10-16"}, {"date": "2018-11-29", "symbol": "POS.VI", "eps": 0.534, "epsEstimated": null, "time": "bmo", "revenue": 4959109000, "revenueEstimated": null, "fiscalDateEnding": "2018-08-29", "updatedFromDate": "2023-05-17"}, {"date": "2018-11-29", "symbol": "AUSI", "eps": -0.02685, "epsEstimated": null, "time": "bmo", "revenue": null, "revenueEstimated": null, "fiscalDateEnding": "2018-11-29", "updatedFromDate": "2023-10-10"}, {"date": "2018-11-29", "symbol": "4442.T", "eps": -0.63133, "epsEstimated": null, "time": "bmo", "revenue": 1050645000, "revenueEstimated": null, "fiscalDateEnding": "2018-08-29", "updatedFromDate": "2023-10-17"}, {"date": "2018-11-29", "symbol": "TYG", "eps": -6.58089, "epsEstimated": null, "time": "bmo", "revenue": 6418960, "revenueEstimated": null, "fiscalDateEnding": "2018-11-29", "updatedFromDate": "2023-05-17"}, {"date": "2018-11-29", "symbol": "MBA.TO", "eps": 0.1102, "epsEstimated": null, "time": "bmo", "revenue": 20204686, "revenueEstimated": null, "fiscalDateEnding": "2018-08-31", "updatedFromDate": "2023-10-16"}, {"date": "2018-11-29", "symbol": "TBRD.V", "eps": -0.0221, "epsEstimated": null, "time": "bmo", "revenue": 13663000, "revenueEstimated": null, "fiscalDateEnding": "2018-08-29", "updatedFromDate": "2023-10-16"}, {"date": "2018-11-29", "symbol": "THBRF", "eps": -0.02247, "epsEstimated": null, "time": "bmo", "revenue": 61478000, "revenueEstimated": null, "fiscalDateEnding": "2018-08-29", "updatedFromDate": "2023-10-16"}, {"date": "2018-11-29", "symbol": "NBGIF", "eps": null, "epsEstimated": null, "time": "bmo", "revenue": null, "revenueEstimated": null, "fiscalDateEnding": "2018-09-30", "updatedFromDate": "2023-05-17"}, {"date": "2018-11-29", "symbol": "FLT.V", "eps": -0.02, "epsEstimated": -0.008, "time": "bmo", "revenue": null, "revenueEstimated": null, "fiscalDateEnding": "2018-09-29", "updatedFromDate": "2023-08-16"}, {"date": "2018-11-29", "symbol": "PMI.L", "eps": 0.0261, "epsEstimated": null, "time": "bmo", "revenue": 13205250, "revenueEstimated": null, "fiscalDateEnding": "2018-08-29", "updatedFromDate": "2023-05-17"}, {"date": "2018-11-29", "symbol": "SHIP", "eps": 95.95, "epsEstimated": 24, "time": "bmo", "revenue": 26387000, "revenueEstimated": 12300000, "fiscalDateEnding": "2018-09-30", "updatedFromDate": "2023-09-29"}, {"date": "2018-11-29", "symbol": "EKTAY", "eps": 0.08, "epsEstimated": null, "time": "bmo", "revenue": 3228000000, "revenueEstimated": null, "fiscalDateEnding": "2018-08-29", "updatedFromDate": "2023-10-17"}, {"date": "2018-11-29", "symbol": "RQHTF", "eps": -0.02, "epsEstimated": null, "time": "bmo", "revenue": 181906, "revenueEstimated": null, "fiscalDateEnding": "2018-08-29", "updatedFromDate": "2023-10-16"}, {"date": "2018-11-29", "symbol": "RNSFF", "eps": null, "epsEstimated": null, "time": "bmo", "revenue": null, "revenueEstimated": null, "fiscalDateEnding": "2018-09-30", "updatedFromDate": "2023-05-17"}, {"date": "2018-11-29", "symbol": "HRVSF", "eps": null, "epsEstimated": null, "time": "bmo", "revenue": null, "revenueEstimated": null, "fiscalDateEnding": "2018-09-29", "updatedFromDate": "2023-05-17"}, {"date": "2018-11-29", "symbol": "GBLEF", "eps": null, "epsEstimated": null, "time": "bmo", "revenue": null, "revenueEstimated": null, "fiscalDateEnding": "2018-12-31", "updatedFromDate": "2023-05-17"}, {"date": "2018-11-29", "symbol": "LOU.V", "eps": 0.05163, "epsEstimated": null, "time": "bmo", "revenue": 40123000, "revenueEstimated": null, "fiscalDateEnding": "2018-09-30", "updatedFromDate": "2023-10-16"}, {"date": "2018-11-29", "symbol": "ETRGF", "eps": null, "epsEstimated": null, "time": "amc", "revenue": null, "revenueEstimated": null, "fiscalDateEnding": "2018-09-30", "updatedFromDate": "2023-05-17"}, {"date": "2018-11-29", "symbol": "ODL.OL", "eps": 0.03, "epsEstimated": 0.01, "time": "bmo", "revenue": 181189000, "revenueEstimated": null, "fiscalDateEnding": "2018-09-29", "updatedFromDate": "2023-08-16"}, {"date": "2018-11-29", "symbol": "BMC.WA", "eps": -2.1764, "epsEstimated": null, "time": "bmo", "revenue": 9170000, "revenueEstimated": null, "fiscalDateEnding": "2018-08-29", "updatedFromDate": "2023-05-17"}, {"date": "2018-11-29", "symbol": "MNIA", "eps": 0.00217, "epsEstimated": 0.00122, "time": "bmo", "revenue": null, "revenueEstimated": 5181, "fiscalDateEnding": "2018-11-29", "updatedFromDate": "2023-04-03"}, {"date": "2018-11-29", "symbol": "FL.V", "eps": -0.0021, "epsEstimated": null, "time": "bmo", "revenue": null, "revenueEstimated": null, "fiscalDateEnding": "2018-08-29", "updatedFromDate": "2023-10-17"}, {"date": "2018-11-29", "symbol": "HOLHF", "eps": 0.06, "epsEstimated": 0.07, "time": "bmo", "revenue": null, "revenueEstimated": null, "fiscalDateEnding": "2018-09-30", "updatedFromDate": "2023-05-17"}, {"date": "2018-11-29", "symbol": "RCKTF", "eps": -0.04886, "epsEstimated": null, "time": "bmo", "revenue": null, "revenueEstimated": null, "fiscalDateEnding": "2018-09-29", "updatedFromDate": "2023-05-17"}, {"date": "2018-11-29", "symbol": "NMG", "eps": -0.20747, "epsEstimated": null, "time": "bmo", "revenue": null, "revenueEstimated": null, "fiscalDateEnding": "2018-09-30", "updatedFromDate": "2023-09-29"}, {"date": "2018-11-29", "symbol": "STR.VI", "eps": 1.74, "epsEstimated": 1.8, "time": "bmo", "revenue": 15221832000, "revenueEstimated": null, "fiscalDateEnding": "2018-08-29", "updatedFromDate": "2023-05-17"}, {"date": "2018-11-29", "symbol": "LAI.CN", "eps": -0.00082, "epsEstimated": null, "time": "bmo", "revenue": null, "revenueEstimated": null, "fiscalDateEnding": "2018-11-29", "updatedFromDate": "2023-10-16"}, {"date": "2018-11-29", "symbol": "ADBE.SW", "eps": 1.37, "epsEstimated": null, "time": "bmo", "revenue": 2464625000, "revenueEstimated": null, "fiscalDateEnding": "2018-11-29", "updatedFromDate": "2023-05-17"}, {"date": "2018-11-29", "symbol": "010400.KS", "eps": 246.33, "epsEstimated": null, "time": "bmo", "revenue": 24238470820, "revenueEstimated": null, "fiscalDateEnding": "2018-12-30", "updatedFromDate": "2023-05-17"}, {"date": "2018-11-29", "symbol": "CHOO.CN", "eps": null, "epsEstimated": null, "time": "bmo", "revenue": null, "revenueEstimated": null, "fiscalDateEnding": "2018-08-29", "updatedFromDate": "2023-10-17"}, {"date": "2018-11-29", "symbol": "BRGGD", "eps": null, "epsEstimated": null, "time": "bmo", "revenue": null, "revenueEstimated": null, "fiscalDateEnding": "2018-09-30", "updatedFromDate": "2023-05-17"}, {"date": "2018-11-29", "symbol": "PHAS", "eps": -10.45, "epsEstimated": -0.48, "time": "amc", "revenue": 411000, "revenueEstimated": 7313231, "fiscalDateEnding": "2018-09-29", "updatedFromDate": "2023-08-16"}, {"date": "2018-11-29", "symbol": "AXNVF", "eps": -0.02, "epsEstimated": -0.01, "time": "bmo", "revenue": null, "revenueEstimated": null, "fiscalDateEnding": "2018-09-30", "updatedFromDate": "2023-05-17"}, {"date": "2018-11-29", "symbol": "NTG", "eps": -10.48278, "epsEstimated": null, "time": "bmo", "revenue": 4411640, "revenueEstimated": null, "fiscalDateEnding": "2018-11-29", "updatedFromDate": "2023-05-17"}, {"date": "2018-11-29", "symbol": "MTE.DE", "eps": 2.8, "epsEstimated": null, "time": "bmo", "revenue": 7913000000, "revenueEstimated": null, "fiscalDateEnding": "2018-11-29", "updatedFromDate": "2023-05-17"}, {"date": "2018-11-29", "symbol": "BRGGF", "eps": null, "epsEstimated": null, "time": "bmo", "revenue": null, "revenueEstimated": null, "fiscalDateEnding": "2018-09-30", "updatedFromDate": "2023-05-17"}, {"date": "2018-11-29", "symbol": "EQ.V", "eps": -0.01131, "epsEstimated": null, "time": "bmo", "revenue": 1398000, "revenueEstimated": null, "fiscalDateEnding": "2018-09-29", "updatedFromDate": "2023-08-16"}, {"date": "2018-11-29", "symbol": "CRS.CN", "eps": -0.00305, "epsEstimated": null, "time": "bmo", "revenue": null, "revenueEstimated": null, "fiscalDateEnding": "2018-11-29", "updatedFromDate": "2023-05-17"}, {"date": "2018-11-29", "symbol": "CHPGF", "eps": null, "epsEstimated": null, "time": "amc", "revenue": null, "revenueEstimated": null, "fiscalDateEnding": "2018-09-30", "updatedFromDate": "2023-05-17"}, {"date": "2018-11-29", "symbol": "WNDW", "eps": -0.03, "epsEstimated": null, "time": "bmo", "revenue": null, "revenueEstimated": null, "fiscalDateEnding": "2018-08-29", "updatedFromDate": "2023-09-29"}, {"date": "2018-11-29", "symbol": "HBH3.SW", "eps": 0.72, "epsEstimated": null, "time": "bmo", "revenue": 1084900000, "revenueEstimated": null, "fiscalDateEnding": "2018-11-29", "updatedFromDate": "2023-10-17"}, {"date": "2018-11-29", "symbol": "CULP", "eps": 0.2, "epsEstimated": 0.21, "time": "amc", "revenue": 74847000, "revenueEstimated": 85111894.7368421, "fiscalDateEnding": "2018-08-29", "updatedFromDate": "2023-10-10"}, {"date": "2018-11-29", "symbol": "CANWF", "eps": -0.03, "epsEstimated": -0.02, "time": "bmo", "revenue": null, "revenueEstimated": null, "fiscalDateEnding": "2018-09-30", "updatedFromDate": "2023-05-17"}, {"date": "2018-11-29", "symbol": "CM.TO", "eps": 1.5, "epsEstimated": 1.52, "time": "bmo", "revenue": 4486000000, "revenueEstimated": null, "fiscalDateEnding": "2018-10-31", "updatedFromDate": "2023-05-17"}, {"date": "2018-11-29", "symbol": "FECOF", "eps": -0.00012, "epsEstimated": null, "time": "bmo", "revenue": null, "revenueEstimated": null, "fiscalDateEnding": "2018-09-30", "updatedFromDate": "2023-09-29"}, {"date": "2018-11-29", "symbol": "QRC.TO", "eps": -0.0006, "epsEstimated": null, "time": "bmo", "revenue": null, "revenueEstimated": null, "fiscalDateEnding": "2018-11-29", "updatedFromDate": "2023-05-17"}, {"date": "2018-11-29", "symbol": "GAYMF", "eps": null, "epsEstimated": null, "time": "bmo", "revenue": null, "revenueEstimated": null, "fiscalDateEnding": "2018-09-30", "updatedFromDate": "2023-05-17"}, {"date": "2018-11-29", "symbol": "VLNS.TO", "eps": -0.3029, "epsEstimated": null, "time": "bmo", "revenue": 14210, "revenueEstimated": null, "fiscalDateEnding": "2018-11-29", "updatedFromDate": "2023-10-16"}, {"date": "2018-11-29", "symbol": "UTI", "eps": -0.49, "epsEstimated": -0.49, "time": "amc", "revenue": 80256000, "revenueEstimated": 80300000, "fiscalDateEnding": "2018-09-29", "updatedFromDate": "2023-09-29"}, {"date": "2018-11-29", "symbol": "PLPRF", "eps": null, "epsEstimated": null, "time": "bmo", "revenue": null, "revenueEstimated": null, "fiscalDateEnding": "2018-09-30", "updatedFromDate": "2023-05-17"}, {"date": "2018-11-29", "symbol": "004310.KS", "eps": -120.39032, "epsEstimated": null, "time": "bmo", "revenue": 29770309420, "revenueEstimated": null, "fiscalDateEnding": "2018-11-29", "updatedFromDate": "2023-05-17"}, {"date": "2018-11-29", "symbol": "CMD", "eps": 0.62, "epsEstimated": 0.62, "time": "bmo", "revenue": 225589000, "revenueEstimated": 225589000, "fiscalDateEnding": "2018-10-30", "updatedFromDate": "2023-05-17"}, {"date": "2018-11-29", "symbol": "PTALF", "eps": null, "epsEstimated": null, "time": "bmo", "revenue": null, "revenueEstimated": null, "fiscalDateEnding": "2018-09-30", "updatedFromDate": "2023-05-17"}, {"date": "2018-11-29", "symbol": "TNX.TO", "eps": -0.01181, "epsEstimated": null, "time": "bmo", "revenue": null, "revenueEstimated": null, "fiscalDateEnding": "2018-08-30", "updatedFromDate": "2023-08-16"}, {"date": "2018-11-29", "symbol": "GIS.SW", "eps": 0.568, "epsEstimated": null, "time": "bmo", "revenue": 4411200000, "revenueEstimated": null, "fiscalDateEnding": "2018-11-29", "updatedFromDate": "2023-10-17"}, {"date": "2018-11-29", "symbol": "WDDMF", "eps": null, "epsEstimated": null, "time": "amc", "revenue": null, "revenueEstimated": null, "fiscalDateEnding": "2018-09-30", "updatedFromDate": "2023-05-17"}, {"date": "2018-11-29", "symbol": "ARTL", "eps": -4.76124, "epsEstimated": null, "time": "bmo", "revenue": null, "revenueEstimated": null, "fiscalDateEnding": "2018-11-29", "updatedFromDate": "2023-09-29"}, {"date": "2018-11-29", "symbol": "KOR.TO", "eps": -0.025, "epsEstimated": null, "time": "bmo", "revenue": null, "revenueEstimated": null, "fiscalDateEnding": "2018-11-29", "updatedFromDate": "2023-10-16"}, {"date": "2018-11-29", "symbol": "RDCPD", "eps": 0.01, "epsEstimated": null, "time": "bmo", "revenue": null, "revenueEstimated": null, "fiscalDateEnding": "2018-09-30", "updatedFromDate": "2023-08-16"}, {"date": "2018-11-29", "symbol": "SHIPW", "eps": 4.8, "epsEstimated": 2.4, "time": "bmo", "revenue": 91520000, "revenueEstimated": null, "fiscalDateEnding": "2018-08-29", "updatedFromDate": "2023-05-17"}, {"date": "2018-11-29", "symbol": "HIVE.V", "eps": -0.2, "epsEstimated": -0.05, "time": "bmo", "revenue": 12760586, "revenueEstimated": null, "fiscalDateEnding": "2018-08-29", "updatedFromDate": "2023-10-17"}, {"date": "2018-11-29", "symbol": "6288.HK", "eps": 7.19, "epsEstimated": null, "time": "bmo", "revenue": 644466000000, "revenueEstimated": null, "fiscalDateEnding": "2018-11-29", "updatedFromDate": "2023-08-16"}, {"date": "2018-11-29", "symbol": "VCOR", "eps": -0.00176, "epsEstimated": null, "time": "bmo", "revenue": null, "revenueEstimated": null, "fiscalDateEnding": "2018-11-29", "updatedFromDate": "2023-08-16"}, {"date": "2018-11-29", "symbol": "IAALF", "eps": -0.02, "epsEstimated": null, "time": "amc", "revenue": 18668000, "revenueEstimated": null, "fiscalDateEnding": "2018-08-29", "updatedFromDate": "2023-10-09"}, {"date": "2018-11-29", "symbol": "ZBISF", "eps": null, "epsEstimated": null, "time": "amc", "revenue": null, "revenueEstimated": null, "fiscalDateEnding": "2018-09-30", "updatedFromDate": "2023-05-17"}, {"date": "2018-11-29", "symbol": "GOLD.TO", "eps": -0.01531, "epsEstimated": null, "time": "bmo", "revenue": null, "revenueEstimated": null, "fiscalDateEnding": "2018-11-29", "updatedFromDate": "2023-08-16"}, {"date": "2018-11-29", "symbol": "CLAZF", "eps": null, "epsEstimated": null, "time": "bmo", "revenue": null, "revenueEstimated": null, "fiscalDateEnding": "2018-09-30", "updatedFromDate": "2023-05-17"}, {"date": "2018-11-29", "symbol": "VVCIF", "eps": -0.04, "epsEstimated": -0.03, "time": "amc", "revenue": null, "revenueEstimated": null, "fiscalDateEnding": "2018-09-30", "updatedFromDate": "2023-05-17"}, {"date": "2018-11-29", "symbol": "KHRN.V", "eps": null, "epsEstimated": null, "time": "bmo", "revenue": null, "revenueEstimated": null, "fiscalDateEnding": "2018-09-30", "updatedFromDate": "2023-08-16"}, {"date": "2018-11-29", "symbol": "MSCL.V", "eps": null, "epsEstimated": null, "time": "bmo", "revenue": null, "revenueEstimated": null, "fiscalDateEnding": "2018-09-30", "updatedFromDate": "2023-08-25"}, {"date": "2018-11-29", "symbol": "DAVA", "eps": 0.22, "epsEstimated": 0.14, "time": "bmo", "revenue": 66414000, "revenueEstimated": 48755689.4117647, "fiscalDateEnding": "2018-09-30", "updatedFromDate": "2023-09-29"}, {"date": "2018-11-29", "symbol": "TBP.TO", "eps": -0.01608, "epsEstimated": null, "time": "bmo", "revenue": 112320, "revenueEstimated": null, "fiscalDateEnding": "2018-11-29", "updatedFromDate": "2023-05-17"}, {"date": "2018-11-29", "symbol": "TLTFF", "eps": -0.00563, "epsEstimated": null, "time": "amc", "revenue": 365940, "revenueEstimated": null, "fiscalDateEnding": "2018-09-30", "updatedFromDate": "2023-08-25"}, {"date": "2018-11-29", "symbol": "DGNOF", "eps": -0.063, "epsEstimated": null, "time": "bmo", "revenue": 47687, "revenueEstimated": null, "fiscalDateEnding": "2018-09-30", "updatedFromDate": "2023-09-29"}, {"date": "2018-11-29", "symbol": "LFER", "eps": -0.14324, "epsEstimated": null, "time": "bmo", "revenue": 1032250, "revenueEstimated": null, "fiscalDateEnding": "2018-11-29", "updatedFromDate": "2023-10-10"}, {"date": "2018-11-29", "symbol": "MMD", "eps": -0.29842, "epsEstimated": null, "time": "bmo", "revenue": 20430440, "revenueEstimated": null, "fiscalDateEnding": "2018-11-29", "updatedFromDate": "2023-10-17"}, {"date": "2018-11-29", "symbol": "RVPH", "eps": 0.1014, "epsEstimated": null, "time": "bmo", "revenue": null, "revenueEstimated": null, "fiscalDateEnding": "2018-11-29", "updatedFromDate": "2023-09-29"}, {"date": "2018-11-29", "symbol": "HMLP", "eps": 0.51, "epsEstimated": 0.44, "time": "bmo", "revenue": 37304000, "revenueEstimated": 32183843.137254905, "fiscalDateEnding": "2018-09-29", "updatedFromDate": "2023-08-25"}, {"date": "2018-11-29", "symbol": "2885.TW", "eps": 0.45, "epsEstimated": 0.46, "time": "bmo", "revenue": 27137696000, "revenueEstimated": null, "fiscalDateEnding": "2018-08-29", "updatedFromDate": "2023-05-17"}, {"date": "2018-11-29", "symbol": "4439.T", "eps": 25.72, "epsEstimated": null, "time": "bmo", "revenue": 2656610000, "revenueEstimated": null, "fiscalDateEnding": "2018-11-29", "updatedFromDate": "2023-05-17"}, {"date": "2018-11-29", "symbol": "FNGR", "eps": -0.02344, "epsEstimated": null, "time": "bmo", "revenue": 524425, "revenueEstimated": null, "fiscalDateEnding": "2018-11-29", "updatedFromDate": "2023-09-29"}, {"date": "2018-11-29", "symbol": "KUT.V", "eps": 0.03, "epsEstimated": null, "time": "bmo", "revenue": 3520097, "revenueEstimated": null, "fiscalDateEnding": "2018-09-30", "updatedFromDate": "2023-08-25"}, {"date": "2018-11-29", "symbol": "BEWFF", "eps": null, "epsEstimated": null, "time": "bmo", "revenue": null, "revenueEstimated": null, "fiscalDateEnding": "2018-09-30", "updatedFromDate": "2023-05-17"}, {"date": "2018-11-29", "symbol": "TLT.V", "eps": -0.00563, "epsEstimated": null, "time": "bmo", "revenue": 365940, "revenueEstimated": null, "fiscalDateEnding": "2018-09-30", "updatedFromDate": "2023-08-25"}, {"date": "2018-11-29", "symbol": "HLE.SW", "eps": 3.13, "epsEstimated": null, "time": "bmo", "revenue": 1763382000, "revenueEstimated": null, "fiscalDateEnding": "2018-11-29", "updatedFromDate": "2023-10-17"}, {"date": "2018-11-29", "symbol": "AAUGF", "eps": null, "epsEstimated": null, "time": "bmo", "revenue": null, "revenueEstimated": null, "fiscalDateEnding": "2019-03-31", "updatedFromDate": "2023-05-17"}, {"date": "2018-11-29", "symbol": "CGP.V", "eps": -0.08699, "epsEstimated": null, "time": "bmo", "revenue": 28750, "revenueEstimated": null, "fiscalDateEnding": "2018-09-29", "updatedFromDate": "2023-05-17"}, {"date": "2018-11-29", "symbol": "EVGDF", "eps": -0.03764, "epsEstimated": null, "time": "bmo", "revenue": 1194287.19592, "revenueEstimated": null, "fiscalDateEnding": "2018-09-30", "updatedFromDate": "2023-08-25"}, {"date": "2018-11-29", "symbol": "GPV.V", "eps": -0.08661, "epsEstimated": null, "time": "bmo", "revenue": 2449951, "revenueEstimated": null, "fiscalDateEnding": "2018-08-29", "updatedFromDate": "2023-10-17"}, {"date": "2018-11-29", "symbol": "SCR.TO", "eps": 0.00444, "epsEstimated": null, "time": "bmo", "revenue": 9475000, "revenueEstimated": null, "fiscalDateEnding": "2018-11-29", "updatedFromDate": "2023-10-16"}, {"date": "2018-11-29", "symbol": "MAVI.IS", "eps": 0.2156, "epsEstimated": null, "time": "bmo", "revenue": 715238000, "revenueEstimated": null, "fiscalDateEnding": "2018-10-31", "updatedFromDate": "2023-08-25"}, {"date": "2018-11-29", "symbol": "048530.KQ", "eps": null, "epsEstimated": null, "time": "bmo", "revenue": null, "revenueEstimated": null, "fiscalDateEnding": "2018-09-30", "updatedFromDate": "2023-08-25"}, {"date": "2018-11-29", "symbol": "ALBKF", "eps": 0.03, "epsEstimated": 0.02, "time": "bmo", "revenue": null, "revenueEstimated": null, "fiscalDateEnding": "2018-09-30", "updatedFromDate": "2023-05-17"}, {"date": "2018-11-29", "symbol": "ENP.WA", "eps": 0.04117, "epsEstimated": null, "time": "bmo", "revenue": 17088000, "revenueEstimated": null, "fiscalDateEnding": "2018-08-29", "updatedFromDate": "2023-05-17"}, {"date": "2018-11-29", "symbol": "WLF.V", "eps": -0.01, "epsEstimated": -0.01, "time": "bmo", "revenue": null, "revenueEstimated": null, "fiscalDateEnding": "2018-09-30", "updatedFromDate": "2023-05-17"}, {"date": "2018-11-29", "symbol": "DLEKG.TA", "eps": 14.1, "epsEstimated": null, "time": "bmo", "revenue": 2262000000, "revenueEstimated": null, "fiscalDateEnding": "2018-09-30", "updatedFromDate": "2023-05-17"}, {"date": "2018-11-29", "symbol": "YBGJ", "eps": null, "epsEstimated": null, "time": "bmo", "revenue": null, "revenueEstimated": null, "fiscalDateEnding": "2018-11-29", "updatedFromDate": "2023-09-29"}, {"date": "2018-11-29", "symbol": "FPRGF", "eps": -0.01, "epsEstimated": -0.01, "time": "bmo", "revenue": null, "revenueEstimated": null, "fiscalDateEnding": "2018-12-31", "updatedFromDate": "2023-05-17"}, {"date": "2018-11-29", "symbol": "RDCPF", "eps": 0.01, "epsEstimated": null, "time": "amc", "revenue": 3520097, "revenueEstimated": null, "fiscalDateEnding": "2018-09-30", "updatedFromDate": "2023-08-25"}, {"date": "2018-11-29", "symbol": "MNRB.KL", "eps": null, "epsEstimated": null, "time": "bmo", "revenue": null, "revenueEstimated": null, "fiscalDateEnding": "2018-09-30", "updatedFromDate": "2023-05-17"}, {"date": "2018-11-29", "symbol": "HPHA.DE", "eps": -0.14894, "epsEstimated": null, "time": "bmo", "revenue": 615985, "revenueEstimated": null, "fiscalDateEnding": "2018-11-29", "updatedFromDate": "2023-05-17"}, {"date": "2018-11-29", "symbol": "SGD.CN", "eps": -0.00263, "epsEstimated": null, "time": "bmo", "revenue": 7851, "revenueEstimated": null, "fiscalDateEnding": "2018-11-29", "updatedFromDate": "2023-10-16"}, {"date": "2018-11-29", "symbol": "PTM.TO", "eps": 0.03, "epsEstimated": 0.1, "time": "bmo", "revenue": null, "revenueEstimated": null, "fiscalDateEnding": "2018-08-30", "updatedFromDate": "2023-08-16"}, {"date": "2018-11-29", "symbol": "VIVO.TO", "eps": -0.04, "epsEstimated": -0.03, "time": "bmo", "revenue": 5833824, "revenueEstimated": null, "fiscalDateEnding": "2018-08-29", "updatedFromDate": "2023-05-17"}, {"date": "2018-11-29", "symbol": "GTEC", "eps": -0.02186, "epsEstimated": null, "time": "bmo", "revenue": null, "revenueEstimated": null, "fiscalDateEnding": "2018-11-29", "updatedFromDate": "2023-09-29"}, {"date": "2018-11-29", "symbol": "5LY.SI", "eps": null, "epsEstimated": null, "time": "bmo", "revenue": null, "revenueEstimated": null, "fiscalDateEnding": "2018-09-30", "updatedFromDate": "2023-05-23"}, {"date": "2018-11-29", "symbol": "FESTI.IC", "eps": 3.16, "epsEstimated": null, "time": "bmo", "revenue": 17486413000, "revenueEstimated": null, "fiscalDateEnding": "2018-09-29", "updatedFromDate": "2023-05-17"}, {"date": "2018-11-29", "symbol": "DENR", "eps": 0.02427, "epsEstimated": null, "time": "bmo", "revenue": null, "revenueEstimated": null, "fiscalDateEnding": "2018-11-29", "updatedFromDate": "2023-05-17"}, {"date": "2018-11-29", "symbol": "QYOU.V", "eps": -0.01378, "epsEstimated": null, "time": "bmo", "revenue": 1712703, "revenueEstimated": null, "fiscalDateEnding": "2018-09-30", "updatedFromDate": "2023-10-16"}, {"date": "2018-11-29", "symbol": "8463.TW", "eps": 0.17, "epsEstimated": null, "time": "bmo", "revenue": 670322000, "revenueEstimated": null, "fiscalDateEnding": "2018-09-29", "updatedFromDate": "2023-05-17"}, {"date": "2018-11-29", "symbol": "IRCC", "eps": -0.00313, "epsEstimated": null, "time": "bmo", "revenue": null, "revenueEstimated": null, "fiscalDateEnding": "2018-11-29", "updatedFromDate": "2023-10-10"}, {"date": "2018-11-29", "symbol": "GKTRF", "eps": null, "epsEstimated": null, "time": "bmo", "revenue": null, "revenueEstimated": null, "fiscalDateEnding": "2018-09-30", "updatedFromDate": "2023-05-17"}, {"date": "2018-11-29", "symbol": "TCS.TO", "eps": 0.05, "epsEstimated": 0.12, "time": "bmo", "revenue": 24250000, "revenueEstimated": null, "fiscalDateEnding": "2018-08-29", "updatedFromDate": "2023-10-17"}, {"date": "2018-11-29", "symbol": "SBUDD", "eps": null, "epsEstimated": null, "time": "bmo", "revenue": null, "revenueEstimated": null, "fiscalDateEnding": "2018-09-30", "updatedFromDate": "2023-05-17"}, {"date": "2018-11-29", "symbol": "MOJ.WA", "eps": -0.00244, "epsEstimated": null, "time": "bmo", "revenue": 11022000, "revenueEstimated": null, "fiscalDateEnding": "2018-09-29", "updatedFromDate": "2023-05-17"}, {"date": "2018-11-29", "symbol": "RKCLF", "eps": null, "epsEstimated": null, "time": "bmo", "revenue": null, "revenueEstimated": null, "fiscalDateEnding": "2019-03-31", "updatedFromDate": "2023-05-17"}, {"date": "2018-11-29", "symbol": "ANTARCHILE.SN", "eps": 0.4015, "epsEstimated": null, "time": "bmo", "revenue": 6044978000, "revenueEstimated": null, "fiscalDateEnding": "2018-09-29", "updatedFromDate": "2023-05-17"}, {"date": "2018-11-29", "symbol": "WGO.V", "eps": null, "epsEstimated": null, "time": "bmo", "revenue": null, "revenueEstimated": null, "fiscalDateEnding": "2018-09-30", "updatedFromDate": "2023-05-17"}, {"date": "2018-11-29", "symbol": "4440.T", "eps": 9.49, "epsEstimated": null, "time": "bmo", "revenue": 552786000, "revenueEstimated": null, "fiscalDateEnding": "2018-11-29", "updatedFromDate": "2023-05-17"}, {"date": "2018-11-29", "symbol": "ETE.AT", "eps": null, "epsEstimated": null, "time": "bmo", "revenue": null, "revenueEstimated": null, "fiscalDateEnding": "2018-09-30", "updatedFromDate": "2023-05-17"}, {"date": "2018-11-29", "symbol": "YEXT", "eps": -0.12, "epsEstimated": -0.12, "time": "amc", "revenue": 58742000, "revenueEstimated": 58613000, "fiscalDateEnding": "2018-10-30", "updatedFromDate": "2023-09-29"}, {"date": "2018-11-29", "symbol": "102460.KS", "eps": -236.17733, "epsEstimated": null, "time": "bmo", "revenue": 29901615380, "revenueEstimated": null, "fiscalDateEnding": "2018-12-30", "updatedFromDate": "2023-05-17"}, {"date": "2018-11-29", "symbol": "ADK.V", "eps": -0.063, "epsEstimated": null, "time": "bmo", "revenue": 47687, "revenueEstimated": null, "fiscalDateEnding": "2018-09-30", "updatedFromDate": "2023-08-25"}, {"date": "2018-11-29", "symbol": "OCSL", "eps": 0.36, "epsEstimated": 0.33, "time": "bmo", "revenue": 36377000, "revenueEstimated": 35035000, "fiscalDateEnding": "2018-09-29", "updatedFromDate": "2023-09-29"}, {"date": "2018-11-29", "symbol": "SPY.NZ", "eps": null, "epsEstimated": null, "time": "bmo", "revenue": null, "revenueEstimated": null, "fiscalDateEnding": "2019-03-31", "updatedFromDate": "2023-10-16"}, {"date": "2018-11-29", "symbol": "ANF", "eps": 0.33, "epsEstimated": 0.18, "time": "bmo", "revenue": 841078000, "revenueEstimated": 521935757.57575756, "fiscalDateEnding": "2018-08-29", "updatedFromDate": "2023-10-10"}, {"date": "2018-11-29", "symbol": "LITOF", "eps": null, "epsEstimated": null, "time": "bmo", "revenue": null, "revenueEstimated": null, "fiscalDateEnding": "2019-03-31", "updatedFromDate": "2023-08-16"}, {"date": "2018-11-29", "symbol": "STZ-B", "eps": 1.56, "epsEstimated": null, "time": "bmo", "revenue": 1972600000, "revenueEstimated": null, "fiscalDateEnding": "2018-11-29", "updatedFromDate": "2023-10-16"}, {"date": "2018-11-29", "symbol": "2890.TW", "eps": 0.28, "epsEstimated": 0.26, "time": "bmo", "revenue": 8823491000, "revenueEstimated": null, "fiscalDateEnding": "2018-09-30", "updatedFromDate": "2023-08-25"}, {"date": "2018-11-29", "symbol": "BB.SW", "eps": 0.09819, "epsEstimated": null, "time": "bmo", "revenue": 226000000, "revenueEstimated": null, "fiscalDateEnding": "2018-11-29", "updatedFromDate": "2023-10-17"}, {"date": "2018-11-29", "symbol": "RVIV", "eps": -0.00143, "epsEstimated": null, "time": "bmo", "revenue": 240159, "revenueEstimated": null, "fiscalDateEnding": "2018-11-29", "updatedFromDate": "2023-05-17"}, {"date": "2018-11-29", "symbol": "5971.T", "eps": 152.96, "epsEstimated": null, "time": "bmo", "revenue": null, "revenueEstimated": null, "fiscalDateEnding": "2018-09-30", "updatedFromDate": "2023-05-19"}, {"date": "2018-11-29", "symbol": "WHGOF", "eps": null, "epsEstimated": null, "time": "bmo", "revenue": null, "revenueEstimated": null, "fiscalDateEnding": "2018-09-30", "updatedFromDate": "2023-05-17"}, {"date": "2018-11-29", "symbol": "QYOUF", "eps": -0.01378, "epsEstimated": null, "time": "amc", "revenue": 1712703, "revenueEstimated": null, "fiscalDateEnding": "2018-09-30", "updatedFromDate": "2023-10-09"}, {"date": "2018-11-29", "symbol": "GSP.V", "eps": -0.00205, "epsEstimated": null, "time": "bmo", "revenue": null, "revenueEstimated": null, "fiscalDateEnding": "2018-09-30", "updatedFromDate": "2023-10-16"}, {"date": "2018-11-29", "symbol": "IPOT.CN", "eps": -0.08218, "epsEstimated": null, "time": "bmo", "revenue": 510949, "revenueEstimated": null, "fiscalDateEnding": "2018-11-29", "updatedFromDate": "2023-10-17"}, {"date": "2018-11-29", "symbol": "ABMBF", "eps": null, "epsEstimated": null, "time": "bmo", "revenue": null, "revenueEstimated": null, "fiscalDateEnding": "2018-12-31", "updatedFromDate": "2023-05-17"}, {"date": "2018-11-29", "symbol": "ALL.WA", "eps": -0.04217, "epsEstimated": null, "time": "bmo", "revenue": 21695000, "revenueEstimated": null, "fiscalDateEnding": "2018-09-29", "updatedFromDate": "2023-05-17"}, {"date": "2018-11-29", "symbol": "ADB.DE", "eps": 1.37, "epsEstimated": null, "time": "bmo", "revenue": 2464625000, "revenueEstimated": null, "fiscalDateEnding": "2018-11-29", "updatedFromDate": "2023-05-17"}, {"date": "2018-11-29", "symbol": "ZENYF", "eps": null, "epsEstimated": null, "time": "bmo", "revenue": null, "revenueEstimated": null, "fiscalDateEnding": "2018-09-30", "updatedFromDate": "2023-05-17"}, {"date": "2018-11-29", "symbol": "SRV", "eps": -8.6016, "epsEstimated": null, "time": "bmo", "revenue": -575080, "revenueEstimated": null, "fiscalDateEnding": "2018-11-29", "updatedFromDate": "2023-05-17"}, {"date": "2018-11-29", "symbol": "DLKGF", "eps": null, "epsEstimated": null, "time": "bmo", "revenue": null, "revenueEstimated": null, "fiscalDateEnding": "2018-09-30", "updatedFromDate": "2023-05-17"}, {"date": "2018-11-29", "symbol": "HEL.WA", "eps": -0.1328, "epsEstimated": null, "time": "bmo", "revenue": 32768000, "revenueEstimated": null, "fiscalDateEnding": "2018-08-29", "updatedFromDate": "2023-10-17"}, {"date": "2018-11-29", "symbol": "CLE.WA", "eps": null, "epsEstimated": null, "time": "bmo", "revenue": null, "revenueEstimated": null, "fiscalDateEnding": "2018-08-29", "updatedFromDate": "2023-10-17"}, {"date": "2018-11-29", "symbol": "LOVE.V", "eps": 0, "epsEstimated": null, "time": "bmo", "revenue": null, "revenueEstimated": null, "fiscalDateEnding": "2018-11-29", "updatedFromDate": "2023-05-17"}, {"date": "2018-11-29", "symbol": "BRAG", "eps": -2.5924, "epsEstimated": null, "time": "bmo", "revenue": 1406378.75977, "revenueEstimated": null, "fiscalDateEnding": "2018-09-30", "updatedFromDate": "2023-09-29"}, {"date": "2018-11-29", "symbol": "INVEST.HE", "eps": 0.02, "epsEstimated": 0.13, "time": "bmo", "revenue": 1987000, "revenueEstimated": null, "fiscalDateEnding": "2018-09-29", "updatedFromDate": "2023-05-17"}, {"date": "2018-11-29", "symbol": "AMBA", "eps": 0.21, "epsEstimated": 0.09, "time": "amc", "revenue": 57286000, "revenueEstimated": 47260948.5, "fiscalDateEnding": "2018-10-30", "updatedFromDate": "2023-09-29"}, {"date": "2018-11-29", "symbol": "CYPXF", "eps": null, "epsEstimated": null, "time": "amc", "revenue": null, "revenueEstimated": null, "fiscalDateEnding": "2018-09-30", "updatedFromDate": "2023-08-16"}, {"date": "2018-11-29", "symbol": "9945.T", "eps": -1.51483, "epsEstimated": null, "time": "bmo", "revenue": 38922000000, "revenueEstimated": null, "fiscalDateEnding": "2018-11-29", "updatedFromDate": "2023-05-17"}, {"date": "2018-11-29", "symbol": "ATLY.V", "eps": null, "epsEstimated": null, "time": "bmo", "revenue": null, "revenueEstimated": null, "fiscalDateEnding": "2018-09-30", "updatedFromDate": "2023-05-17"}, {"date": "2018-11-29", "symbol": "FLCX", "eps": -0.17209, "epsEstimated": null, "time": "bmo", "revenue": null, "revenueEstimated": null, "fiscalDateEnding": "2018-11-29", "updatedFromDate": "2023-10-10"}, {"date": "2018-11-29", "symbol": "APR.WA", "eps": 0.12, "epsEstimated": null, "time": "bmo", "revenue": 303697000, "revenueEstimated": null, "fiscalDateEnding": "2018-09-30", "updatedFromDate": "2023-05-17"}, {"date": "2018-11-29", "symbol": "SPLK", "eps": 0.38, "epsEstimated": 0.31, "time": "amc", "revenue": 480983000, "revenueEstimated": 405038315.78947365, "fiscalDateEnding": "2018-10-30", "updatedFromDate": "2023-09-29"}, {"date": "2018-11-29", "symbol": "MXC.WA", "eps": 1, "epsEstimated": null, "time": "bmo", "revenue": 31624000, "revenueEstimated": null, "fiscalDateEnding": "2018-09-29", "updatedFromDate": "2023-05-17"}, {"date": "2018-11-29", "symbol": "TSK.TO", "eps": -0.21812, "epsEstimated": null, "time": "bmo", "revenue": null, "revenueEstimated": null, "fiscalDateEnding": "2018-09-30", "updatedFromDate": "2023-10-16"}, {"date": "2018-11-29", "symbol": "KER.WA", "eps": 0.91, "epsEstimated": null, "time": "bmo", "revenue": 934448000, "revenueEstimated": null, "fiscalDateEnding": "2018-08-29", "updatedFromDate": "2023-10-16"}, {"date": "2018-11-29", "symbol": "TTSRF", "eps": null, "epsEstimated": null, "time": "bmo", "revenue": null, "revenueEstimated": null, "fiscalDateEnding": "2019-03-31", "updatedFromDate": "2023-05-17"}, {"date": "2018-11-29", "symbol": "RHT.V", "eps": -0.03707, "epsEstimated": null, "time": "bmo", "revenue": 61525, "revenueEstimated": null, "fiscalDateEnding": "2018-08-29", "updatedFromDate": "2023-10-16"}, {"date": "2018-11-29", "symbol": "PRT.WA", "eps": -0.05799, "epsEstimated": null, "time": "bmo", "revenue": 24114000, "revenueEstimated": null, "fiscalDateEnding": "2018-08-29", "updatedFromDate": "2023-05-17"}, {"date": "2018-11-29", "symbol": "TREAF", "eps": null, "epsEstimated": null, "time": "bmo", "revenue": null, "revenueEstimated": null, "fiscalDateEnding": "2018-09-30", "updatedFromDate": "2023-05-17"}, {"date": "2018-11-29", "symbol": "DMIFF", "eps": -0.01, "epsEstimated": null, "time": "bmo", "revenue": 1041470, "revenueEstimated": null, "fiscalDateEnding": "2018-09-30", "updatedFromDate": "2023-09-29"}, {"date": "2018-11-29", "symbol": "WDAY", "eps": 0.31, "epsEstimated": 0.15, "time": "amc", "revenue": 743189000, "revenueEstimated": 591233391, "fiscalDateEnding": "2018-10-30", "updatedFromDate": "2023-09-29"}, {"date": "2018-11-29", "symbol": "EMMSP", "eps": 0.0528, "epsEstimated": null, "time": "bmo", "revenue": 30323000, "revenueEstimated": null, "fiscalDateEnding": "2018-11-29", "updatedFromDate": "2023-10-10"}, {"date": "2018-11-29", "symbol": "BBW", "eps": -0.42, "epsEstimated": -0.12, "time": "bmo", "revenue": 79214000, "revenueEstimated": 19626857.14285714, "fiscalDateEnding": "2018-08-29", "updatedFromDate": "2023-10-10"}, {"date": "2018-11-29", "symbol": "3376.T", "eps": 51.46, "epsEstimated": null, "time": "bmo", "revenue": 1951466000, "revenueEstimated": null, "fiscalDateEnding": "2018-11-29", "updatedFromDate": "2023-10-16"}, {"date": "2018-11-29", "symbol": "OASMY", "eps": null, "epsEstimated": null, "time": "bmo", "revenue": null, "revenueEstimated": null, "fiscalDateEnding": "2018-09-30", "updatedFromDate": "2023-09-29"}, {"date": "2018-11-29", "symbol": "NHVCF", "eps": null, "epsEstimated": null, "time": "amc", "revenue": null, "revenueEstimated": null, "fiscalDateEnding": "2018-09-30", "updatedFromDate": "2023-05-17"}, {"date": "2018-11-29", "symbol": "GP", "eps": -0.10825, "epsEstimated": null, "time": "bmo", "revenue": 9008, "revenueEstimated": null, "fiscalDateEnding": "2018-09-30", "updatedFromDate": "2023-09-29"}, {"date": "2018-11-29", "symbol": "6048.T", "eps": 6.73, "epsEstimated": null, "time": "bmo", "revenue": 594847000, "revenueEstimated": null, "fiscalDateEnding": "2018-11-29", "updatedFromDate": "2023-05-17"}, {"date": "2018-11-29", "symbol": "GYNAF", "eps": null, "epsEstimated": null, "time": "bmo", "revenue": null, "revenueEstimated": null, "fiscalDateEnding": "2019-03-31", "updatedFromDate": "2023-05-17"}, {"date": "2018-11-29", "symbol": "4394.T", "eps": 9.39, "epsEstimated": null, "time": "bmo", "revenue": 236265000, "revenueEstimated": null, "fiscalDateEnding": "2018-11-29", "updatedFromDate": "2023-05-17"}, {"date": "2018-11-29", "symbol": "HYI", "eps": 0.00088, "epsEstimated": null, "time": "bmo", "revenue": 14170000, "revenueEstimated": null, "fiscalDateEnding": "2018-11-29", "updatedFromDate": "2023-10-16"}, {"date": "2018-11-29", "symbol": "U.TO", "eps": 0.57, "epsEstimated": null, "time": "bmo", "revenue": 136000, "revenueEstimated": null, "fiscalDateEnding": "2018-11-29", "updatedFromDate": "2023-10-16"}, {"date": "2018-11-29", "symbol": "VMW", "eps": 1.56, "epsEstimated": 1.5, "time": "amc", "revenue": 2200000000, "revenueEstimated": 2115384615.3846152, "fiscalDateEnding": "2018-11-01", "updatedFromDate": "2023-09-29"}, {"date": "2018-11-29", "symbol": "CHOOF", "eps": null, "epsEstimated": null, "time": "bmo", "revenue": null, "revenueEstimated": null, "fiscalDateEnding": "2018-12-31", "updatedFromDate": "2023-05-17"}, {"date": "2018-11-29", "symbol": "ENCTF", "eps": null, "epsEstimated": null, "time": "bmo", "revenue": null, "revenueEstimated": null, "fiscalDateEnding": "2018-09-30", "updatedFromDate": "2023-05-17"}, {"date": "2018-11-29", "symbol": "PERK.CN", "eps": -0.00372, "epsEstimated": null, "time": "bmo", "revenue": 76091, "revenueEstimated": null, "fiscalDateEnding": "2018-11-29", "updatedFromDate": "2023-05-17"}, {"date": "2018-11-29", "symbol": "BSPK", "eps": 3.75, "epsEstimated": null, "time": "bmo", "revenue": 41431, "revenueEstimated": null, "fiscalDateEnding": "2018-11-29", "updatedFromDate": "2023-05-17"}, {"date": "2018-11-29", "symbol": "BLEVF", "eps": null, "epsEstimated": null, "time": "bmo", "revenue": null, "revenueEstimated": null, "fiscalDateEnding": "2019-03-31", "updatedFromDate": "2023-05-17"}, {"date": "2018-11-29", "symbol": "AAX.V", "eps": -0.01065, "epsEstimated": null, "time": "bmo", "revenue": null, "revenueEstimated": null, "fiscalDateEnding": "2018-11-29", "updatedFromDate": "2023-10-16"}, {"date": "2018-11-29", "symbol": "MYYGF", "eps": null, "epsEstimated": null, "time": "bmo", "revenue": null, "revenueEstimated": null, "fiscalDateEnding": "2018-09-30", "updatedFromDate": "2023-05-17"}, {"date": "2018-11-29", "symbol": "LHIL", "eps": -0.00262, "epsEstimated": null, "time": "bmo", "revenue": null, "revenueEstimated": null, "fiscalDateEnding": "2018-11-29", "updatedFromDate": "2023-05-17"}, {"date": "2018-11-29", "symbol": "AVAV", "eps": 0.29, "epsEstimated": 0.16, "time": "amc", "revenue": 72979000, "revenueEstimated": 50814843.75, "fiscalDateEnding": "2018-10-26", "updatedFromDate": "2023-09-29"}, {"date": "2018-11-29", "symbol": "STLHF", "eps": null, "epsEstimated": null, "time": "bmo", "revenue": null, "revenueEstimated": null, "fiscalDateEnding": "2018-09-30", "updatedFromDate": "2023-05-17"}, {"date": "2018-11-29", "symbol": "FPC.V", "eps": -0.01, "epsEstimated": -0.01, "time": "bmo", "revenue": null, "revenueEstimated": null, "fiscalDateEnding": "2018-09-30", "updatedFromDate": "2023-08-17"}, {"date": "2018-11-29", "symbol": "CLRYF", "eps": null, "epsEstimated": null, "time": "bmo", "revenue": null, "revenueEstimated": null, "fiscalDateEnding": "2018-09-30", "updatedFromDate": "2023-05-17"}, {"date": "2018-11-29", "symbol": "DMI.V", "eps": null, "epsEstimated": null, "time": "bmo", "revenue": null, "revenueEstimated": null, "fiscalDateEnding": "2019-03-31", "updatedFromDate": "2023-05-17"}, {"date": "2018-11-29", "symbol": "2925.T", "eps": 12.39, "epsEstimated": null, "time": "bmo", "revenue": 10096024000, "revenueEstimated": null, "fiscalDateEnding": "2018-11-29", "updatedFromDate": "2023-05-17"}, {"date": "2018-11-29", "symbol": "HPQ", "eps": 0.54, "epsEstimated": 0.54, "time": "amc", "revenue": 15366000000, "revenueEstimated": 15366000000, "fiscalDateEnding": "2018-10-30", "updatedFromDate": "2023-09-29"}, {"date": "2018-11-29", "symbol": "VQSLF", "eps": null, "epsEstimated": null, "time": "bmo", "revenue": null, "revenueEstimated": null, "fiscalDateEnding": "2018-09-30", "updatedFromDate": "2023-05-17"}, {"date": "2018-11-29", "symbol": "PVH", "eps": 3.21, "epsEstimated": 3.14, "time": "amc", "revenue": 2364200000, "revenueEstimated": 2469448598.1308413, "fiscalDateEnding": "2018-08-29", "updatedFromDate": "2023-10-10"}, {"date": "2018-11-29", "symbol": "EMO", "eps": -1.51699, "epsEstimated": null, "time": "bmo", "revenue": 1411650, "revenueEstimated": null, "fiscalDateEnding": "2018-11-29", "updatedFromDate": "2023-05-17"}, {"date": "2018-11-29", "symbol": "QEGY", "eps": -0.00072, "epsEstimated": null, "time": "bmo", "revenue": null, "revenueEstimated": null, "fiscalDateEnding": "2018-11-29", "updatedFromDate": "2023-05-17"}, {"date": "2018-11-29", "symbol": "MOC.WA", "eps": -0.02976, "epsEstimated": null, "time": "bmo", "revenue": 1829, "revenueEstimated": null, "fiscalDateEnding": "2018-09-30", "updatedFromDate": "2023-05-17"}]}