{"result": [{"date": "2019-04-26", "symbol": "REKA.HE", "eps": -0.2, "epsEstimated": -0.05, "time": "bmo", "revenue": 97478000, "revenueEstimated": null, "fiscalDateEnding": "2019-01-26", "updatedFromDate": "2023-08-16"}, {"date": "2019-04-26", "symbol": "603708.SS", "eps": 0.2308, "epsEstimated": null, "time": "bmo", "revenue": 3804717906.35, "revenueEstimated": null, "fiscalDateEnding": "2019-03-30", "updatedFromDate": "2023-05-17"}, {"date": "2019-04-26", "symbol": "C07.SI", "eps": 0.51, "epsEstimated": 0.55, "time": "bmo", "revenue": 4440900000, "revenueEstimated": null, "fiscalDateEnding": "2019-01-26", "updatedFromDate": "2023-05-17"}, {"date": "2019-04-26", "symbol": "002718.SZ", "eps": 0.06, "epsEstimated": null, "time": "bmo", "revenue": 112904137.78, "revenueEstimated": null, "fiscalDateEnding": "2019-03-30", "updatedFromDate": "2023-05-17"}, {"date": "2019-04-26", "symbol": "601919.SS", "eps": 0.06, "epsEstimated": 0.17, "time": "bmo", "revenue": 35075095504.42, "revenueEstimated": null, "fiscalDateEnding": "2019-03-31", "updatedFromDate": "2023-08-25"}, {"date": "2019-04-26", "symbol": "SKA-B.ST", "eps": 2.1, "epsEstimated": 2.92, "time": "bmo", "revenue": 37115000000, "revenueEstimated": null, "fiscalDateEnding": "2019-03-30", "updatedFromDate": "2023-05-17"}, {"date": "2019-04-26", "symbol": "KCDMF", "eps": 0.38, "epsEstimated": 0.38, "time": "bmo", "revenue": null, "revenueEstimated": 1390963000, "fiscalDateEnding": "2019-01-26", "updatedFromDate": "2023-05-17"}, {"date": "2019-04-26", "symbol": "8707.T", "eps": 32.78, "epsEstimated": null, "time": "bmo", "revenue": 4887000000, "revenueEstimated": null, "fiscalDateEnding": "2019-01-26", "updatedFromDate": "2023-10-17"}, {"date": "2019-04-26", "symbol": "002833.SZ", "eps": 0.2545, "epsEstimated": null, "time": "bmo", "revenue": 298158284.87, "revenueEstimated": null, "fiscalDateEnding": "2019-03-30", "updatedFromDate": "2023-05-17"}, {"date": "2019-04-26", "symbol": "HXPLF", "eps": 1.27, "epsEstimated": 1.35, "time": "bmo", "revenue": null, "revenueEstimated": 201437007.87401578, "fiscalDateEnding": "2019-03-31", "updatedFromDate": "2023-05-17"}, {"date": "2019-04-26", "symbol": "601155.SS", "eps": 0.09, "epsEstimated": null, "time": "bmo", "revenue": 4330182125, "revenueEstimated": null, "fiscalDateEnding": "2019-03-31", "updatedFromDate": "2023-08-25"}, {"date": "2019-04-26", "symbol": "NXXTF", "eps": null, "epsEstimated": -0.08, "time": "bmo", "revenue": null, "revenueEstimated": null, "fiscalDateEnding": "2019-03-31", "updatedFromDate": "2023-05-17"}, {"date": "2019-04-26", "symbol": "300733.SZ", "eps": null, "epsEstimated": null, "time": "bmo", "revenue": null, "revenueEstimated": null, "fiscalDateEnding": "2019-03-31", "updatedFromDate": "2023-05-17"}, {"date": "2019-04-26", "symbol": "PSA.MI", "eps": null, "epsEstimated": null, "time": "bmo", "revenue": null, "revenueEstimated": null, "fiscalDateEnding": "2019-03-31", "updatedFromDate": "2023-05-17"}, {"date": "2019-04-26", "symbol": "LFCAF", "eps": 3.51, "epsEstimated": 3.84, "time": "bmo", "revenue": null, "revenueEstimated": null, "fiscalDateEnding": "2019-03-31", "updatedFromDate": "2023-05-17"}, {"date": "2019-04-26", "symbol": "002906.SZ", "eps": 0.02, "epsEstimated": null, "time": "bmo", "revenue": 826501073.99, "revenueEstimated": null, "fiscalDateEnding": "2019-03-30", "updatedFromDate": "2023-05-17"}, {"date": "2019-04-26", "symbol": "TBABF", "eps": 3.25, "epsEstimated": 3.38, "time": "bmo", "revenue": null, "revenueEstimated": 5989838.4, "fiscalDateEnding": "2019-03-31", "updatedFromDate": "2023-05-17"}, {"date": "2019-04-26", "symbol": "CZWI", "eps": 0.17, "epsEstimated": 0.24, "time": "bmo", "revenue": 12431000, "revenueEstimated": 18226470.588235293, "fiscalDateEnding": "2019-03-30", "updatedFromDate": "2023-09-29"}, {"date": "2019-04-26", "symbol": "012750.KS", "eps": 1089, "epsEstimated": 1104.46, "time": "bmo", "revenue": 545352181520, "revenueEstimated": null, "fiscalDateEnding": "2019-01-26", "updatedFromDate": "2023-05-17"}, {"date": "2019-04-26", "symbol": "IPG", "eps": 0.11, "epsEstimated": 0.06, "time": "bmo", "revenue": 2361200000, "revenueEstimated": 858618181.8181816, "fiscalDateEnding": "2019-03-30", "updatedFromDate": "2023-09-29"}, {"date": "2019-04-26", "symbol": "WY", "eps": 0.11, "epsEstimated": 0.11, "time": "bmo", "revenue": 1643000000, "revenueEstimated": 1344272727.2727273, "fiscalDateEnding": "2019-03-30", "updatedFromDate": "2023-09-29"}, {"date": "2019-04-26", "symbol": "688030.SS", "eps": -0.3845, "epsEstimated": null, "time": "bmo", "revenue": 73561741.13, "revenueEstimated": null, "fiscalDateEnding": "2019-03-30", "updatedFromDate": "2023-05-17"}, {"date": "2019-04-26", "symbol": "FDVA", "eps": 0.07, "epsEstimated": 0.07, "time": "bmo", "revenue": 4922980, "revenueEstimated": 4164999.9999999995, "fiscalDateEnding": "2019-03-31", "updatedFromDate": "2023-09-29"}, {"date": "2019-04-26", "symbol": "9202.T", "eps": 11.77, "epsEstimated": 32.63, "time": "bmo", "revenue": 526185000000, "revenueEstimated": null, "fiscalDateEnding": "2019-01-26", "updatedFromDate": "2023-10-17"}, {"date": "2019-04-26", "symbol": "DGHI", "eps": null, "epsEstimated": null, "time": "bmo", "revenue": null, "revenueEstimated": null, "fiscalDateEnding": "2019-03-30", "updatedFromDate": "2023-09-29"}, {"date": "2019-04-26", "symbol": "TOTG.OL", "eps": 3.02, "epsEstimated": 3.29, "time": "bmo", "revenue": 89765000, "revenueEstimated": null, "fiscalDateEnding": "2019-03-30", "updatedFromDate": "2023-05-17"}, {"date": "2019-04-26", "symbol": "7172.T", "eps": 16.5, "epsEstimated": null, "time": "bmo", "revenue": 2582120000, "revenueEstimated": null, "fiscalDateEnding": "2019-03-30", "updatedFromDate": "2023-05-17"}, {"date": "2019-04-26", "symbol": "KNKBF", "eps": null, "epsEstimated": null, "time": "bmo", "revenue": null, "revenueEstimated": null, "fiscalDateEnding": "2019-03-31", "updatedFromDate": "2023-05-17"}, {"date": "2019-04-26", "symbol": "601211.SS", "eps": 0.32, "epsEstimated": 0.41, "time": "amc", "revenue": 6651978456, "revenueEstimated": null, "fiscalDateEnding": "2019-03-30", "updatedFromDate": "2023-05-17"}, {"date": "2019-04-26", "symbol": "603416.SS", "eps": 0.22, "epsEstimated": null, "time": "bmo", "revenue": 133810697.14, "revenueEstimated": null, "fiscalDateEnding": "2019-03-30", "updatedFromDate": "2023-05-17"}, {"date": "2019-04-26", "symbol": "SISE.IS", "eps": 0.2, "epsEstimated": 0.14, "time": "bmo", "revenue": 3922827000, "revenueEstimated": null, "fiscalDateEnding": "2019-03-31", "updatedFromDate": "2023-08-16"}, {"date": "2019-04-26", "symbol": "OKDBV.HE", "eps": 0.01, "epsEstimated": 0.03, "time": "bmo", "revenue": 397100000, "revenueEstimated": null, "fiscalDateEnding": "2019-03-30", "updatedFromDate": "2023-05-17"}, {"date": "2019-04-26", "symbol": "KNOW.ST", "eps": 3.84, "epsEstimated": 3.77, "time": "bmo", "revenue": 873700000, "revenueEstimated": null, "fiscalDateEnding": "2019-03-30", "updatedFromDate": "2023-05-17"}, {"date": "2019-04-26", "symbol": "1939.T", "eps": -11.28827, "epsEstimated": null, "time": "bmo", "revenue": 18590000000, "revenueEstimated": null, "fiscalDateEnding": "2019-01-26", "updatedFromDate": "2023-10-17"}, {"date": "2019-04-26", "symbol": "PNBN.JK", "eps": 33.3, "epsEstimated": null, "time": "bmo", "revenue": 2485002000000, "revenueEstimated": null, "fiscalDateEnding": "2019-03-30", "updatedFromDate": "2023-05-17"}, {"date": "2019-04-26", "symbol": "603277.SS", "eps": 0.14, "epsEstimated": null, "time": "bmo", "revenue": 352559132.78, "revenueEstimated": null, "fiscalDateEnding": "2019-03-30", "updatedFromDate": "2023-05-17"}, {"date": "2019-04-26", "symbol": "3636.T", "eps": 236.34, "epsEstimated": null, "time": "bmo", "revenue": 30671000000, "revenueEstimated": null, "fiscalDateEnding": "2019-03-30", "updatedFromDate": "2023-08-16"}, {"date": "2019-04-26", "symbol": "9531.T", "eps": 110.77, "epsEstimated": 97.16, "time": "bmo", "revenue": 451603000000, "revenueEstimated": null, "fiscalDateEnding": "2019-01-26", "updatedFromDate": "2023-10-17"}, {"date": "2019-04-26", "symbol": "BION.SW", "eps": 16.06, "epsEstimated": null, "time": "bmo", "revenue": null, "revenueEstimated": null, "fiscalDateEnding": "2019-01-26", "updatedFromDate": "2023-05-17"}, {"date": "2019-04-26", "symbol": "BCTF", "eps": 0.01, "epsEstimated": null, "time": "bmo", "revenue": 3842845, "revenueEstimated": null, "fiscalDateEnding": "2019-01-26", "updatedFromDate": "2023-09-29"}, {"date": "2019-04-26", "symbol": "002067.SZ", "eps": 0.07, "epsEstimated": null, "time": "bmo", "revenue": 1299849002.48, "revenueEstimated": null, "fiscalDateEnding": "2019-03-30", "updatedFromDate": "2023-05-17"}, {"date": "2019-04-26", "symbol": "MIELF", "eps": 0.29, "epsEstimated": 31.97, "time": "bmo", "revenue": 4519921000000, "revenueEstimated": 16581530.676786842, "fiscalDateEnding": "2019-03-31", "updatedFromDate": "2023-09-29"}, {"date": "2019-04-26", "symbol": "601888.SS", "eps": 1.18, "epsEstimated": 0.94, "time": "bmo", "revenue": 10652684083.32, "revenueEstimated": null, "fiscalDateEnding": "2019-01-26", "updatedFromDate": "2023-05-17"}, {"date": "2019-04-26", "symbol": "002028.SZ", "eps": null, "epsEstimated": null, "time": "bmo", "revenue": null, "revenueEstimated": null, "fiscalDateEnding": "2019-03-31", "updatedFromDate": "2023-05-17"}, {"date": "2019-04-26", "symbol": "603876.SS", "eps": 0.14, "epsEstimated": null, "time": "bmo", "revenue": 2736559339.62, "revenueEstimated": null, "fiscalDateEnding": "2019-03-30", "updatedFromDate": "2023-05-17"}, {"date": "2019-04-26", "symbol": "TKYMY", "eps": 0.94, "epsEstimated": null, "time": "bmo", "revenue": 83794000000, "revenueEstimated": null, "fiscalDateEnding": "2019-01-26", "updatedFromDate": "2023-10-17"}, {"date": "2019-04-26", "symbol": "7671.T", "eps": 16.28, "epsEstimated": null, "time": "bmo", "revenue": 818952000, "revenueEstimated": null, "fiscalDateEnding": "2019-01-26", "updatedFromDate": "2023-10-17"}, {"date": "2019-04-26", "symbol": "FSKRS.HE", "eps": 0.28, "epsEstimated": 0.27, "time": "bmo", "revenue": 268600000, "revenueEstimated": null, "fiscalDateEnding": "2019-03-30", "updatedFromDate": "2023-08-16"}, {"date": "2019-04-26", "symbol": "DIA.MC", "eps": -0.17414, "epsEstimated": null, "time": "bmo", "revenue": 1790688000, "revenueEstimated": null, "fiscalDateEnding": "2019-01-26", "updatedFromDate": "2023-05-17"}, {"date": "2019-04-26", "symbol": "3369.HK", "eps": 0.07725, "epsEstimated": null, "time": "bmo", "revenue": 1751411353.53, "revenueEstimated": null, "fiscalDateEnding": "2019-01-26", "updatedFromDate": "2023-05-17"}, {"date": "2019-04-26", "symbol": "6503.T", "eps": 31.62, "epsEstimated": 31.97, "time": "bmo", "revenue": 1067601000000, "revenueEstimated": null, "fiscalDateEnding": "2019-01-26", "updatedFromDate": "2023-10-17"}, {"date": "2019-04-26", "symbol": "FLRY3.SA", "eps": 0.29, "epsEstimated": 0.31, "time": "bmo", "revenue": null, "revenueEstimated": null, "fiscalDateEnding": "2019-03-31", "updatedFromDate": "2023-05-17"}, {"date": "2019-04-26", "symbol": "9742.T", "eps": 148.12, "epsEstimated": null, "time": "bmo", "revenue": 9891000000, "revenueEstimated": null, "fiscalDateEnding": "2019-01-26", "updatedFromDate": "2023-10-16"}, {"date": "2019-04-26", "symbol": "300523.SZ", "eps": null, "epsEstimated": null, "time": "bmo", "revenue": null, "revenueEstimated": null, "fiscalDateEnding": "2019-03-31", "updatedFromDate": "2023-05-17"}, {"date": "2019-04-26", "symbol": "300098.SZ", "eps": 0.0753, "epsEstimated": null, "time": "bmo", "revenue": 1010484416.64, "revenueEstimated": null, "fiscalDateEnding": "2019-03-30", "updatedFromDate": "2023-05-17"}, {"date": "2019-04-26", "symbol": "002480.SZ", "eps": -0.0323, "epsEstimated": null, "time": "bmo", "revenue": 370980745.59, "revenueEstimated": null, "fiscalDateEnding": "2019-03-30", "updatedFromDate": "2023-05-17"}, {"date": "2019-04-26", "symbol": "VSL.L", "eps": null, "epsEstimated": null, "time": "bmo", "revenue": null, "revenueEstimated": null, "fiscalDateEnding": "2019-03-31", "updatedFromDate": "2023-05-17"}, {"date": "2019-04-26", "symbol": "8622.T", "eps": 7.47, "epsEstimated": null, "time": "bmo", "revenue": 3376000000, "revenueEstimated": null, "fiscalDateEnding": "2019-01-26", "updatedFromDate": "2023-10-17"}, {"date": "2019-04-26", "symbol": "6745.T", "eps": 19.29, "epsEstimated": null, "time": "bmo", "revenue": 17649000000, "revenueEstimated": null, "fiscalDateEnding": "2019-01-26", "updatedFromDate": "2023-10-17"}, {"date": "2019-04-26", "symbol": "002760.SZ", "eps": 0.21, "epsEstimated": null, "time": "bmo", "revenue": 150543728.15, "revenueEstimated": null, "fiscalDateEnding": "2019-03-30", "updatedFromDate": "2023-05-17"}, {"date": "2019-04-26", "symbol": "300296.SZ", "eps": 0.13, "epsEstimated": null, "time": "bmo", "revenue": 2246966897.1, "revenueEstimated": null, "fiscalDateEnding": "2019-03-30", "updatedFromDate": "2023-08-16"}, {"date": "2019-04-26", "symbol": "DGHI.V", "eps": null, "epsEstimated": null, "time": "bmo", "revenue": null, "revenueEstimated": null, "fiscalDateEnding": "2019-03-31", "updatedFromDate": "2023-08-16"}, {"date": "2019-04-26", "symbol": "AZM.V", "eps": null, "epsEstimated": null, "time": "bmo", "revenue": null, "revenueEstimated": null, "fiscalDateEnding": "2019-06-30", "updatedFromDate": "2023-05-17"}, {"date": "2019-04-26", "symbol": "IDIP.PA", "eps": 1.13, "epsEstimated": null, "time": "bmo", "revenue": 12131250, "revenueEstimated": null, "fiscalDateEnding": "2019-01-26", "updatedFromDate": "2023-05-17"}, {"date": "2019-04-26", "symbol": "BJTM.JK", "eps": 27.05, "epsEstimated": null, "time": "bmo", "revenue": 1072171000000, "revenueEstimated": null, "fiscalDateEnding": "2019-03-30", "updatedFromDate": "2023-05-17"}, {"date": "2019-04-26", "symbol": "SESG.PA", "eps": 0.13, "epsEstimated": 0.09, "time": "bmo", "revenue": 480600000, "revenueEstimated": null, "fiscalDateEnding": "2019-03-30", "updatedFromDate": "2023-05-17"}, {"date": "2019-04-26", "symbol": "002496.SZ", "eps": 0.008, "epsEstimated": null, "time": "bmo", "revenue": 453989852.13, "revenueEstimated": null, "fiscalDateEnding": "2019-03-30", "updatedFromDate": "2023-05-17"}, {"date": "2019-04-26", "symbol": "GFI.JO", "eps": null, "epsEstimated": null, "time": "bmo", "revenue": null, "revenueEstimated": null, "fiscalDateEnding": "2019-01-26", "updatedFromDate": "2023-10-16"}, {"date": "2019-04-26", "symbol": "002370.SZ", "eps": 0.11, "epsEstimated": null, "time": "bmo", "revenue": 366129207.79, "revenueEstimated": null, "fiscalDateEnding": "2019-03-30", "updatedFromDate": "2023-05-17"}, {"date": "2019-04-26", "symbol": "298040.KS", "eps": 432, "epsEstimated": null, "time": "bmo", "revenue": 945767381000, "revenueEstimated": null, "fiscalDateEnding": "2019-03-30", "updatedFromDate": "2023-08-16"}, {"date": "2019-04-26", "symbol": "000089.SZ", "eps": 0.08, "epsEstimated": 0.09, "time": "bmo", "revenue": 914127359.15, "revenueEstimated": null, "fiscalDateEnding": "2019-03-30", "updatedFromDate": "2023-05-17"}, {"date": "2019-04-26", "symbol": "ABTX", "eps": 0.58, "epsEstimated": 0.65, "time": "bmo", "revenue": 47892000, "revenueEstimated": 53672068.965517245, "fiscalDateEnding": "2019-03-30", "updatedFromDate": "2023-05-17"}, {"date": "2019-04-26", "symbol": "603656.SS", "eps": 0.02, "epsEstimated": null, "time": "bmo", "revenue": 69685426.91, "revenueEstimated": null, "fiscalDateEnding": "2019-03-30", "updatedFromDate": "2023-05-17"}, {"date": "2019-04-26", "symbol": "002261.SZ", "eps": 0.024, "epsEstimated": null, "time": "bmo", "revenue": 250575489.47, "revenueEstimated": null, "fiscalDateEnding": "2019-03-30", "updatedFromDate": "2023-05-17"}, {"date": "2019-04-26", "symbol": "HPOL-B.ST", "eps": 1.27, "epsEstimated": 1.35, "time": "bmo", "revenue": 3805000000, "revenueEstimated": null, "fiscalDateEnding": "2019-03-30", "updatedFromDate": "2023-05-17"}, {"date": "2019-04-26", "symbol": "2492.T", "eps": 2, "epsEstimated": null, "time": "bmo", "revenue": 2096959000, "revenueEstimated": null, "fiscalDateEnding": "2019-01-26", "updatedFromDate": "2023-05-17"}, {"date": "2019-04-26", "symbol": "TTDKY", "eps": 0.44, "epsEstimated": null, "time": "--", "revenue": 309063000000, "revenueEstimated": null, "fiscalDateEnding": "2019-03-31", "updatedFromDate": "2023-11-28"}, {"date": "2019-04-26", "symbol": "6460.T", "eps": 8.37, "epsEstimated": 11.83, "time": "bmo", "revenue": 115273000000, "revenueEstimated": null, "fiscalDateEnding": "2019-01-26", "updatedFromDate": "2023-10-17"}, {"date": "2019-04-26", "symbol": "8624.T", "eps": -5.88938, "epsEstimated": null, "time": "bmo", "revenue": 4511000000, "revenueEstimated": null, "fiscalDateEnding": "2019-01-26", "updatedFromDate": "2023-10-17"}, {"date": "2019-04-26", "symbol": "603133.SS", "eps": -0.04, "epsEstimated": null, "time": "bmo", "revenue": 88017414.58, "revenueEstimated": null, "fiscalDateEnding": "2019-03-30", "updatedFromDate": "2023-05-17"}, {"date": "2019-04-26", "symbol": "GLPG", "eps": -1.01, "epsEstimated": -1.19, "time": "amc", "revenue": 33047000, "revenueEstimated": 36385080, "fiscalDateEnding": "2019-03-31", "updatedFromDate": "2023-09-29"}, {"date": "2019-04-26", "symbol": "2114.T", "eps": 14.41, "epsEstimated": null, "time": "bmo", "revenue": 4837307000, "revenueEstimated": null, "fiscalDateEnding": "2019-01-26", "updatedFromDate": "2023-10-17"}, {"date": "2019-04-26", "symbol": "600893.SS", "eps": 0.0017, "epsEstimated": 0.00082, "time": "bmo", "revenue": 3340287829.25, "revenueEstimated": null, "fiscalDateEnding": "2019-03-30", "updatedFromDate": "2023-05-17"}, {"date": "2019-04-26", "symbol": "CTRA", "eps": 0.73, "epsEstimated": 0.67, "time": "bmo", "revenue": 641681000, "revenueEstimated": 6265172571.428572, "fiscalDateEnding": "2019-03-30", "updatedFromDate": "2023-09-29"}, {"date": "2019-04-26", "symbol": "3064.T", "eps": 5.02, "epsEstimated": 4.71, "time": "bmo", "revenue": 31065000000, "revenueEstimated": null, "fiscalDateEnding": "2019-03-30", "updatedFromDate": "2023-05-17"}, {"date": "2019-04-26", "symbol": "5334.T", "eps": 35.17, "epsEstimated": 53.65, "time": "bmo", "revenue": 107291000000, "revenueEstimated": null, "fiscalDateEnding": "2019-01-26", "updatedFromDate": "2023-10-17"}, {"date": "2019-04-26", "symbol": "NWG.L", "eps": 0.0719, "epsEstimated": null, "time": "bmo", "revenue": 3037000000, "revenueEstimated": null, "fiscalDateEnding": "2019-03-31", "updatedFromDate": "2023-10-16"}, {"date": "2019-04-26", "symbol": "300288.SZ", "eps": null, "epsEstimated": null, "time": "bmo", "revenue": null, "revenueEstimated": null, "fiscalDateEnding": "2019-03-31", "updatedFromDate": "2023-05-17"}, {"date": "2019-04-26", "symbol": "9534.T", "eps": -20.58356, "epsEstimated": null, "time": "bmo", "revenue": 30717130000, "revenueEstimated": null, "fiscalDateEnding": "2019-01-26", "updatedFromDate": "2023-10-17"}, {"date": "2019-04-26", "symbol": "601015.SS", "eps": -0.02346, "epsEstimated": null, "time": "bmo", "revenue": 2440502788.25, "revenueEstimated": null, "fiscalDateEnding": "2019-01-26", "updatedFromDate": "2023-05-17"}, {"date": "2019-04-26", "symbol": "600834.SS", "eps": 0.08, "epsEstimated": null, "time": "bmo", "revenue": 193392828.91, "revenueEstimated": null, "fiscalDateEnding": "2019-03-30", "updatedFromDate": "2023-05-17"}, {"date": "2019-04-26", "symbol": "6701.T", "eps": 125.29, "epsEstimated": 139.52, "time": "bmo", "revenue": 726621000000, "revenueEstimated": null, "fiscalDateEnding": "2019-01-26", "updatedFromDate": "2023-10-17"}, {"date": "2019-04-26", "symbol": "000999.SZ", "eps": 1.19, "epsEstimated": 0.76, "time": "bmo", "revenue": 3684536778.29, "revenueEstimated": null, "fiscalDateEnding": "2019-01-26", "updatedFromDate": "2023-05-17"}, {"date": "2019-04-26", "symbol": "4722.T", "eps": 11.9, "epsEstimated": null, "time": "bmo", "revenue": 10850850000, "revenueEstimated": null, "fiscalDateEnding": "2019-03-30", "updatedFromDate": "2023-05-17"}, {"date": "2019-04-26", "symbol": "B", "eps": 0.71, "epsEstimated": 0.69, "time": "bmo", "revenue": 376692000, "revenueEstimated": 366080957.74647886, "fiscalDateEnding": "2019-03-30", "updatedFromDate": "2023-09-29"}, {"date": "2019-04-26", "symbol": "MITSY", "eps": 6.64, "epsEstimated": null, "time": "bmo", "revenue": 1782753000000, "revenueEstimated": null, "fiscalDateEnding": "2019-01-26", "updatedFromDate": "2023-10-17"}, {"date": "2019-04-26", "symbol": "MOG-A", "eps": 1.4, "epsEstimated": 1.31, "time": "bmo", "revenue": 718811000, "revenueEstimated": 779169175, "fiscalDateEnding": "2019-03-29", "updatedFromDate": "2023-10-16"}, {"date": "2019-04-26", "symbol": "002082.SZ", "eps": 0.1939, "epsEstimated": null, "time": "bmo", "revenue": 4600608891.56, "revenueEstimated": null, "fiscalDateEnding": "2019-01-26", "updatedFromDate": "2023-05-17"}, {"date": "2019-04-26", "symbol": "600697.SS", "eps": 0.32, "epsEstimated": null, "time": "bmo", "revenue": 4090874843.32, "revenueEstimated": null, "fiscalDateEnding": "2019-03-30", "updatedFromDate": "2023-05-17"}, {"date": "2019-04-26", "symbol": "603387.SS", "eps": 0.2347, "epsEstimated": null, "time": "bmo", "revenue": 206565571.46, "revenueEstimated": null, "fiscalDateEnding": "2019-03-30", "updatedFromDate": "2023-05-17"}, {"date": "2019-04-26", "symbol": "002918.SZ", "eps": 0.1353, "epsEstimated": null, "time": "bmo", "revenue": 603912841.77, "revenueEstimated": null, "fiscalDateEnding": "2019-03-30", "updatedFromDate": "2023-05-17"}, {"date": "2019-04-26", "symbol": "000430.SZ", "eps": 0.0409, "epsEstimated": null, "time": "bmo", "revenue": 115721776.09, "revenueEstimated": null, "fiscalDateEnding": "2019-06-29", "updatedFromDate": "2023-05-17"}, {"date": "2019-04-26", "symbol": "600879.SS", "eps": 0.032, "epsEstimated": null, "time": "bmo", "revenue": 2694279192.87, "revenueEstimated": null, "fiscalDateEnding": "2019-03-30", "updatedFromDate": "2023-05-17"}, {"date": "2019-04-26", "symbol": "SNY", "eps": 0.81, "epsEstimated": 0.74, "time": "bmo", "revenue": 8713000000, "revenueEstimated": 8015959999, "fiscalDateEnding": "2019-03-31", "updatedFromDate": "2023-09-29"}, {"date": "2019-04-26", "symbol": "600557.SS", "eps": 0.19, "epsEstimated": 0.16, "time": "bmo", "revenue": 1078976001.36, "revenueEstimated": null, "fiscalDateEnding": "2019-03-30", "updatedFromDate": "2023-05-17"}, {"date": "2019-04-26", "symbol": "002131.SZ", "eps": 0.02, "epsEstimated": null, "time": "bmo", "revenue": 3300515008.62, "revenueEstimated": null, "fiscalDateEnding": "2019-03-30", "updatedFromDate": "2023-05-17"}, {"date": "2019-04-26", "symbol": "600585.SS", "eps": 1.15, "epsEstimated": 1.03, "time": "bmo", "revenue": 30500532480, "revenueEstimated": null, "fiscalDateEnding": "2019-03-30", "updatedFromDate": "2023-05-17"}, {"date": "2019-04-26", "symbol": "4956.T", "eps": 36.16, "epsEstimated": null, "time": "bmo", "revenue": 34570000000, "revenueEstimated": null, "fiscalDateEnding": "2019-01-26", "updatedFromDate": "2023-10-17"}, {"date": "2019-04-26", "symbol": "000078.SZ", "eps": 0.0492, "epsEstimated": null, "time": "bmo", "revenue": 10545449942.88, "revenueEstimated": null, "fiscalDateEnding": "2019-03-30", "updatedFromDate": "2023-05-17"}, {"date": "2019-04-26", "symbol": "601011.SS", "eps": 0.049, "epsEstimated": null, "time": "bmo", "revenue": 782986757.77, "revenueEstimated": null, "fiscalDateEnding": "2019-03-30", "updatedFromDate": "2023-05-17"}, {"date": "2019-04-26", "symbol": "009240.KS", "eps": 656, "epsEstimated": 829.44, "time": "bmo", "revenue": 410874404900, "revenueEstimated": null, "fiscalDateEnding": "2019-01-26", "updatedFromDate": "2023-05-17"}, {"date": "2019-04-26", "symbol": "DOM.ST", "eps": 1.16, "epsEstimated": 1.38, "time": "bmo", "revenue": 4650000000, "revenueEstimated": null, "fiscalDateEnding": "2019-03-30", "updatedFromDate": "2023-05-17"}, {"date": "2019-04-26", "symbol": "SCA-B.ST", "eps": 1.29, "epsEstimated": 1.28, "time": "bmo", "revenue": 5076000000, "revenueEstimated": null, "fiscalDateEnding": "2019-03-30", "updatedFromDate": "2023-05-17"}, {"date": "2019-04-26", "symbol": "FJTSY", "eps": 0.44, "epsEstimated": null, "time": "bmo", "revenue": 923265000000, "revenueEstimated": null, "fiscalDateEnding": "2019-01-26", "updatedFromDate": "2023-10-17"}, {"date": "2019-04-26", "symbol": "002183.SZ", "eps": null, "epsEstimated": null, "time": "bmo", "revenue": null, "revenueEstimated": null, "fiscalDateEnding": "2019-03-31", "updatedFromDate": "2023-05-17"}, {"date": "2019-04-26", "symbol": "002544.SZ", "eps": 0.0447, "epsEstimated": null, "time": "bmo", "revenue": 1109354088.41, "revenueEstimated": null, "fiscalDateEnding": "2019-03-30", "updatedFromDate": "2023-05-17"}, {"date": "2019-04-26", "symbol": "9147.T", "eps": 93.22, "epsEstimated": 68.66, "time": "bmo", "revenue": null, "revenueEstimated": null, "fiscalDateEnding": "2019-01-26", "updatedFromDate": "2023-10-16"}, {"date": "2019-04-26", "symbol": "HMSP.JK", "eps": 28, "epsEstimated": 31.62, "time": "bmo", "revenue": 23805522000000, "revenueEstimated": null, "fiscalDateEnding": "2019-03-30", "updatedFromDate": "2023-08-16"}, {"date": "2019-04-26", "symbol": "300300.SZ", "eps": 0.22, "epsEstimated": null, "time": "bmo", "revenue": 122785333.02, "revenueEstimated": null, "fiscalDateEnding": "2019-03-30", "updatedFromDate": "2023-05-17"}, {"date": "2019-04-26", "symbol": "601001.SS", "eps": 0.14, "epsEstimated": null, "time": "bmo", "revenue": 2637363900.2, "revenueEstimated": null, "fiscalDateEnding": "2019-03-30", "updatedFromDate": "2023-05-17"}, {"date": "2019-04-26", "symbol": "AKGRT.IS", "eps": 0.1279, "epsEstimated": null, "time": "bmo", "revenue": 677033218, "revenueEstimated": null, "fiscalDateEnding": "2019-03-30", "updatedFromDate": "2023-05-17"}, {"date": "2019-04-26", "symbol": "1967.T", "eps": 27.94, "epsEstimated": null, "time": "bmo", "revenue": 13004589000, "revenueEstimated": null, "fiscalDateEnding": "2019-01-26", "updatedFromDate": "2023-10-17"}, {"date": "2019-04-26", "symbol": "002786.SZ", "eps": -0.11, "epsEstimated": null, "time": "bmo", "revenue": 626897940.29, "revenueEstimated": null, "fiscalDateEnding": "2019-03-30", "updatedFromDate": "2023-05-17"}, {"date": "2019-04-26", "symbol": "8708.T", "eps": 5.53, "epsEstimated": null, "time": "bmo", "revenue": 3538000000, "revenueEstimated": null, "fiscalDateEnding": "2019-01-26", "updatedFromDate": "2023-10-17"}, {"date": "2019-04-26", "symbol": "600820.SS", "eps": 0.1441, "epsEstimated": null, "time": "bmo", "revenue": 9637774377.82, "revenueEstimated": null, "fiscalDateEnding": "2019-01-26", "updatedFromDate": "2023-05-17"}, {"date": "2019-04-26", "symbol": "300721.SZ", "eps": null, "epsEstimated": null, "time": "bmo", "revenue": null, "revenueEstimated": null, "fiscalDateEnding": "2019-03-31", "updatedFromDate": "2023-05-17"}, {"date": "2019-04-26", "symbol": "002735.SZ", "eps": 0.05882, "epsEstimated": null, "time": "bmo", "revenue": 232605043.36, "revenueEstimated": null, "fiscalDateEnding": "2019-03-30", "updatedFromDate": "2023-05-17"}, {"date": "2019-04-26", "symbol": "002095.SZ", "eps": 0.04, "epsEstimated": null, "time": "bmo", "revenue": 82122888.72, "revenueEstimated": null, "fiscalDateEnding": "2019-03-30", "updatedFromDate": "2023-05-17"}, {"date": "2019-04-26", "symbol": "ZBH", "eps": 1.87, "epsEstimated": 1.86, "time": "bmo", "revenue": 1975500000, "revenueEstimated": 1964935828.8770053, "fiscalDateEnding": "2019-03-30", "updatedFromDate": "2023-09-29"}, {"date": "2019-04-26", "symbol": "8075.T", "eps": 157.89, "epsEstimated": null, "time": "bmo", "revenue": 231553000000, "revenueEstimated": null, "fiscalDateEnding": "2019-01-26", "updatedFromDate": "2023-10-17"}, {"date": "2019-04-26", "symbol": "600054.SS", "eps": 0.03, "epsEstimated": 0.06, "time": "bmo", "revenue": 264215356.13, "revenueEstimated": null, "fiscalDateEnding": "2019-03-30", "updatedFromDate": "2023-08-16"}, {"date": "2019-04-26", "symbol": "000792.SZ", "eps": -0.09, "epsEstimated": -0.01333, "time": "bmo", "revenue": 4152579167.5, "revenueEstimated": null, "fiscalDateEnding": "2019-03-30", "updatedFromDate": "2023-08-16"}, {"date": "2019-04-26", "symbol": "2367.TW", "eps": 0.33, "epsEstimated": 0.24, "time": "bmo", "revenue": 4831710000, "revenueEstimated": null, "fiscalDateEnding": "2019-03-30", "updatedFromDate": "2023-08-16"}, {"date": "2019-04-26", "symbol": "003070.KS", "eps": 466, "epsEstimated": 340.74, "time": "bmo", "revenue": 784295724000, "revenueEstimated": null, "fiscalDateEnding": "2019-03-30", "updatedFromDate": "2023-08-16"}, {"date": "2019-04-26", "symbol": "029780.KS", "eps": 1127, "epsEstimated": 870.65, "time": "bmo", "revenue": 671915280830, "revenueEstimated": null, "fiscalDateEnding": "2019-03-30", "updatedFromDate": "2023-08-16"}, {"date": "2019-04-26", "symbol": "9001.T", "eps": 44.03, "epsEstimated": null, "time": "bmo", "revenue": 163103000000, "revenueEstimated": null, "fiscalDateEnding": "2019-01-26", "updatedFromDate": "2023-10-17"}, {"date": "2019-04-26", "symbol": "7942.T", "eps": 13.06, "epsEstimated": 42.95, "time": "bmo", "revenue": 29253000000, "revenueEstimated": null, "fiscalDateEnding": "2019-01-26", "updatedFromDate": "2023-10-17"}, {"date": "2019-04-26", "symbol": "ATRAV.HE", "eps": -0.15, "epsEstimated": -0.02143, "time": "bmo", "revenue": 336400000, "revenueEstimated": null, "fiscalDateEnding": "2019-03-30", "updatedFromDate": "2023-08-16"}, {"date": "2019-04-26", "symbol": "300017.SZ", "eps": 0.05, "epsEstimated": 0.09, "time": "bmo", "revenue": 1660728704.47, "revenueEstimated": null, "fiscalDateEnding": "2019-03-30", "updatedFromDate": "2023-08-16"}, {"date": "2019-04-26", "symbol": "601607.SS", "eps": 0.4, "epsEstimated": 0.41, "time": "bmo", "revenue": 46006732392.56, "revenueEstimated": null, "fiscalDateEnding": "2019-03-30", "updatedFromDate": "2023-08-16"}, {"date": "2019-04-26", "symbol": "300003.SZ", "eps": 0.33, "epsEstimated": null, "time": "bmo", "revenue": 1878134846.7, "revenueEstimated": null, "fiscalDateEnding": "2019-03-30", "updatedFromDate": "2023-08-16"}, {"date": "2019-04-26", "symbol": "014790.KS", "eps": 57, "epsEstimated": null, "time": "bmo", "revenue": 263117950000, "revenueEstimated": null, "fiscalDateEnding": "2019-03-30", "updatedFromDate": "2023-08-16"}, {"date": "2019-04-26", "symbol": "WETF", "eps": 0.05, "epsEstimated": 0.05, "time": "bmo", "revenue": 65485000, "revenueEstimated": 65485000, "fiscalDateEnding": "2019-03-30", "updatedFromDate": "2023-08-16"}, {"date": "2019-04-26", "symbol": "002281.SZ", "eps": 0.1, "epsEstimated": 0.2, "time": "bmo", "revenue": 1219084111.81, "revenueEstimated": null, "fiscalDateEnding": "2019-03-30", "updatedFromDate": "2023-08-16"}, {"date": "2019-04-26", "symbol": "600271.SS", "eps": 0.28, "epsEstimated": 0.16, "time": "bmo", "revenue": 5352692673.68, "revenueEstimated": null, "fiscalDateEnding": "2019-03-30", "updatedFromDate": "2023-08-16"}, {"date": "2019-04-26", "symbol": "600256.SS", "eps": 0.07, "epsEstimated": 0.09, "time": "bmo", "revenue": 3258576089.45, "revenueEstimated": null, "fiscalDateEnding": "2019-03-30", "updatedFromDate": "2023-08-16"}, {"date": "2019-04-26", "symbol": "002472.SZ", "eps": 0.06, "epsEstimated": null, "time": "bmo", "revenue": 756252075.36, "revenueEstimated": null, "fiscalDateEnding": "2019-03-30", "updatedFromDate": "2023-08-16"}, {"date": "2019-04-26", "symbol": "AKRA.JK", "eps": 50.66, "epsEstimated": 88.16, "time": "bmo", "revenue": 5037501930000, "revenueEstimated": null, "fiscalDateEnding": "2019-03-30", "updatedFromDate": "2023-08-16"}, {"date": "2019-04-26", "symbol": "000988.SZ", "eps": 0.1, "epsEstimated": null, "time": "bmo", "revenue": 1151036902.03, "revenueEstimated": null, "fiscalDateEnding": "2019-03-30", "updatedFromDate": "2023-08-16"}, {"date": "2019-04-26", "symbol": "601288.SS", "eps": 0.17, "epsEstimated": 0.2, "time": "bmo", "revenue": 172986000000, "revenueEstimated": null, "fiscalDateEnding": "2019-03-30", "updatedFromDate": "2023-08-16"}, {"date": "2019-04-26", "symbol": "000568.SZ", "eps": 1.03, "epsEstimated": 0.93, "time": "bmo", "revenue": 4169227565.29, "revenueEstimated": null, "fiscalDateEnding": "2019-03-30", "updatedFromDate": "2023-08-16"}, {"date": "2019-04-26", "symbol": "5214.T", "eps": 40.14, "epsEstimated": 17.6, "time": "bmo", "revenue": 67809000000, "revenueEstimated": null, "fiscalDateEnding": "2019-03-31", "updatedFromDate": "2023-10-16"}, {"date": "2019-04-26", "symbol": "FELLOW.HE", "eps": 0.13, "epsEstimated": 0.14, "time": "bmo", "revenue": null, "revenueEstimated": null, "fiscalDateEnding": "2019-01-26", "updatedFromDate": "2023-08-16"}, {"date": "2019-04-26", "symbol": "600219.SS", "eps": 0.02, "epsEstimated": 0.02857, "time": "bmo", "revenue": 4909606257.08, "revenueEstimated": null, "fiscalDateEnding": "2019-03-30", "updatedFromDate": "2023-08-16"}, {"date": "2019-04-26", "symbol": "294870.KS", "eps": 1806.18, "epsEstimated": 1263.6, "time": "bmo", "revenue": 880959069000, "revenueEstimated": null, "fiscalDateEnding": "2019-03-30", "updatedFromDate": "2023-08-16"}, {"date": "2019-04-26", "symbol": "7313.T", "eps": 41.78, "epsEstimated": 48.72, "time": "bmo", "revenue": 91559000000, "revenueEstimated": null, "fiscalDateEnding": "2019-01-26", "updatedFromDate": "2023-10-17"}, {"date": "2019-04-26", "symbol": "MAPGF", "eps": null, "epsEstimated": null, "time": "bmo", "revenue": null, "revenueEstimated": null, "fiscalDateEnding": "2019-03-30", "updatedFromDate": "2023-11-28"}, {"date": "2019-04-26", "symbol": "NS8U.SI", "eps": 0.01, "epsEstimated": 0.01727, "time": "bmo", "revenue": 2748600000, "revenueEstimated": null, "fiscalDateEnding": "2019-01-26", "updatedFromDate": "2023-08-16"}, {"date": "2019-04-26", "symbol": "004000.KS", "eps": 1603, "epsEstimated": 1490.95, "time": "bmo", "revenue": 326636525000, "revenueEstimated": null, "fiscalDateEnding": "2019-03-30", "updatedFromDate": "2023-08-16"}, {"date": "2019-04-26", "symbol": "002555.SZ", "eps": 0.21, "epsEstimated": 0.23, "time": "bmo", "revenue": 3246955520.81, "revenueEstimated": null, "fiscalDateEnding": "2019-03-30", "updatedFromDate": "2023-08-16"}, {"date": "2019-04-26", "symbol": "603501.SS", "eps": 0.11, "epsEstimated": null, "time": "bmo", "revenue": 723171168.41, "revenueEstimated": null, "fiscalDateEnding": "2019-03-30", "updatedFromDate": "2023-08-16"}, {"date": "2019-04-26", "symbol": "000596.SZ", "eps": 0.88, "epsEstimated": 0.86, "time": "bmo", "revenue": 3668502474.92, "revenueEstimated": null, "fiscalDateEnding": "2019-03-30", "updatedFromDate": "2023-08-16"}, {"date": "2019-04-26", "symbol": "300751.SZ", "eps": 0.678, "epsEstimated": null, "time": "bmo", "revenue": 295663569.62, "revenueEstimated": null, "fiscalDateEnding": "2019-03-30", "updatedFromDate": "2023-08-16"}, {"date": "2019-04-26", "symbol": "9504.T", "eps": 24.41, "epsEstimated": 14.4, "time": "bmo", "revenue": 316981000000, "revenueEstimated": null, "fiscalDateEnding": "2019-01-26", "updatedFromDate": "2023-10-17"}, {"date": "2019-04-26", "symbol": "6268.T", "eps": 32.92, "epsEstimated": null, "time": "bmo", "revenue": 70272000000, "revenueEstimated": null, "fiscalDateEnding": "2019-03-31", "updatedFromDate": "2023-10-16"}, {"date": "2019-04-26", "symbol": "300001.SZ", "eps": 0.04, "epsEstimated": null, "time": "bmo", "revenue": 1072343159.68, "revenueEstimated": null, "fiscalDateEnding": "2019-03-30", "updatedFromDate": "2023-08-16"}, {"date": "2019-04-26", "symbol": "002841.SZ", "eps": 0.29, "epsEstimated": null, "time": "bmo", "revenue": 3360850379.68, "revenueEstimated": null, "fiscalDateEnding": "2019-03-30", "updatedFromDate": "2023-08-16"}, {"date": "2019-04-26", "symbol": "002335.SZ", "eps": 0.07059, "epsEstimated": null, "time": "bmo", "revenue": 668440337.76, "revenueEstimated": null, "fiscalDateEnding": "2019-03-30", "updatedFromDate": "2023-08-16"}, {"date": "2019-04-26", "symbol": "600584.SS", "eps": -0.66, "epsEstimated": -0.0078, "time": "bmo", "revenue": 4514773490.97, "revenueEstimated": null, "fiscalDateEnding": "2019-03-30", "updatedFromDate": "2023-08-16"}, {"date": "2019-04-26", "symbol": "600547.SS", "eps": 0.08, "epsEstimated": 0.16, "time": "bmo", "revenue": 10621092577.07, "revenueEstimated": null, "fiscalDateEnding": "2019-03-30", "updatedFromDate": "2023-08-16"}, {"date": "2019-04-26", "symbol": "RBSPF", "eps": 0.09, "epsEstimated": null, "time": "bmo", "revenue": 3037000000, "revenueEstimated": null, "fiscalDateEnding": "2019-03-31", "updatedFromDate": "2023-09-29"}, {"date": "2019-04-26", "symbol": "601336.SS", "eps": 1.08, "epsEstimated": 1.06, "time": "bmo", "revenue": 49584000000, "revenueEstimated": null, "fiscalDateEnding": "2019-03-30", "updatedFromDate": "2023-08-16"}, {"date": "2019-04-26", "symbol": "300454.SZ", "eps": -0.09, "epsEstimated": null, "time": "bmo", "revenue": 641640381.26, "revenueEstimated": null, "fiscalDateEnding": "2019-03-30", "updatedFromDate": "2023-08-16"}, {"date": "2019-04-26", "symbol": "3606.HK", "eps": 0.24, "epsEstimated": 0.36, "time": "bmo", "revenue": 4933498402, "revenueEstimated": null, "fiscalDateEnding": "2019-03-30", "updatedFromDate": "2023-08-16"}, {"date": "2019-04-26", "symbol": "000402.SZ", "eps": 0.2, "epsEstimated": 0.13, "time": "bmo", "revenue": 3895883210.4, "revenueEstimated": null, "fiscalDateEnding": "2019-03-30", "updatedFromDate": "2023-08-16"}, {"date": "2019-04-26", "symbol": "9533.T", "eps": 99.98, "epsEstimated": 120.5, "time": "bmo", "revenue": 109820000000, "revenueEstimated": null, "fiscalDateEnding": "2019-01-26", "updatedFromDate": "2023-10-17"}, {"date": "2019-04-26", "symbol": "002078.SZ", "eps": 0.14, "epsEstimated": null, "time": "bmo", "revenue": 5451080597.76, "revenueEstimated": null, "fiscalDateEnding": "2019-03-30", "updatedFromDate": "2023-08-16"}, {"date": "2019-04-26", "symbol": "002705.SZ", "eps": 0.1109, "epsEstimated": null, "time": "bmo", "revenue": 1880009428.47, "revenueEstimated": null, "fiscalDateEnding": "2019-03-30", "updatedFromDate": "2023-08-16"}, {"date": "2019-04-26", "symbol": "300133.SZ", "eps": 0.02, "epsEstimated": 0.042, "time": "bmo", "revenue": 734746735.1, "revenueEstimated": null, "fiscalDateEnding": "2019-03-30", "updatedFromDate": "2023-08-16"}, {"date": "2019-04-26", "symbol": "603799.SS", "eps": 0.01, "epsEstimated": 0.72, "time": "bmo", "revenue": 4400899970.55, "revenueEstimated": null, "fiscalDateEnding": "2019-03-30", "updatedFromDate": "2023-08-16"}, {"date": "2019-04-26", "symbol": "000729.SZ", "eps": -0.15, "epsEstimated": -0.1, "time": "bmo", "revenue": 3448263591.89, "revenueEstimated": null, "fiscalDateEnding": "2019-03-30", "updatedFromDate": "2023-08-16"}, {"date": "2019-04-26", "symbol": "002242.SZ", "eps": 0.21, "epsEstimated": 0.22, "time": "bmo", "revenue": 1798604618.75, "revenueEstimated": null, "fiscalDateEnding": "2019-03-30", "updatedFromDate": "2023-08-16"}, {"date": "2019-04-26", "symbol": "9513.T", "eps": -29.86, "epsEstimated": 4.54, "time": "bmo", "revenue": 214070000000, "revenueEstimated": null, "fiscalDateEnding": "2019-01-26", "updatedFromDate": "2023-10-17"}, {"date": "2019-04-26", "symbol": "300726.SZ", "eps": 0.1378, "epsEstimated": null, "time": "bmo", "revenue": 186581165.84, "revenueEstimated": null, "fiscalDateEnding": "2019-03-30", "updatedFromDate": "2023-08-16"}, {"date": "2019-04-26", "symbol": "1787.HK", "eps": 0.12, "epsEstimated": 0.16, "time": "bmo", "revenue": 10621092577.07, "revenueEstimated": null, "fiscalDateEnding": "2019-03-30", "updatedFromDate": "2023-08-16"}, {"date": "2019-04-26", "symbol": "603882.SS", "eps": 0.09, "epsEstimated": null, "time": "bmo", "revenue": 1164095642.67, "revenueEstimated": null, "fiscalDateEnding": "2019-03-30", "updatedFromDate": "2023-08-16"}, {"date": "2019-04-26", "symbol": "300244.SZ", "eps": 0.117, "epsEstimated": null, "time": "bmo", "revenue": 1835664778.87, "revenueEstimated": null, "fiscalDateEnding": "2019-03-30", "updatedFromDate": "2023-08-16"}, {"date": "2019-04-26", "symbol": "603606.SS", "eps": 0.07692, "epsEstimated": null, "time": "bmo", "revenue": 605573877.51, "revenueEstimated": null, "fiscalDateEnding": "2019-03-30", "updatedFromDate": "2023-08-16"}, {"date": "2019-04-26", "symbol": "AIAGF", "eps": 2.09, "epsEstimated": 1.75, "time": "bmo", "revenue": null, "revenueEstimated": null, "fiscalDateEnding": "2019-06-30", "updatedFromDate": "2023-08-16"}, {"date": "2019-04-26", "symbol": "002081.SZ", "eps": 0.23, "epsEstimated": 0.25, "time": "bmo", "revenue": 6057030114.83, "revenueEstimated": null, "fiscalDateEnding": "2019-03-30", "updatedFromDate": "2023-08-16"}, {"date": "2019-04-26", "symbol": "1288.HK", "eps": 0.17, "epsEstimated": 0.2, "time": "bmo", "revenue": 172986000000, "revenueEstimated": null, "fiscalDateEnding": "2019-03-30", "updatedFromDate": "2023-08-16"}, {"date": "2019-04-26", "symbol": "600977.SS", "eps": 0.11, "epsEstimated": 0.09, "time": "bmo", "revenue": 2225505923.25, "revenueEstimated": null, "fiscalDateEnding": "2019-03-31", "updatedFromDate": "2023-08-25"}, {"date": "2019-04-26", "symbol": "FRAGUAB.MX", "eps": null, "epsEstimated": null, "time": "bmo", "revenue": null, "revenueEstimated": null, "fiscalDateEnding": "2019-03-31", "updatedFromDate": "2023-08-16"}, {"date": "2019-04-26", "symbol": "JAPAY", "eps": 0.31, "epsEstimated": null, "time": "bmo", "revenue": 505422000000, "revenueEstimated": null, "fiscalDateEnding": "2019-03-31", "updatedFromDate": "2023-09-29"}, {"date": "2019-04-26", "symbol": "INTRUM.ST", "eps": 5.55, "epsEstimated": 6.19, "time": "bmo", "revenue": null, "revenueEstimated": null, "fiscalDateEnding": "2019-03-31", "updatedFromDate": "2023-08-16"}, {"date": "2019-04-26", "symbol": "ABL.OL", "eps": null, "epsEstimated": null, "time": "bmo", "revenue": null, "revenueEstimated": null, "fiscalDateEnding": "2019-03-31", "updatedFromDate": "2023-08-16"}, {"date": "2019-04-26", "symbol": "002635.SZ", "eps": 0.27, "epsEstimated": null, "time": "bmo", "revenue": null, "revenueEstimated": null, "fiscalDateEnding": "2019-03-31", "updatedFromDate": "2023-08-16"}, {"date": "2019-04-26", "symbol": "603486.SS", "eps": 0.1286, "epsEstimated": null, "time": "bmo", "revenue": 1247918477.18, "revenueEstimated": null, "fiscalDateEnding": "2019-03-30", "updatedFromDate": "2023-08-16"}, {"date": "2019-04-26", "symbol": "011760.KS", "eps": 693, "epsEstimated": null, "time": "bmo", "revenue": 1137715046000, "revenueEstimated": null, "fiscalDateEnding": "2019-03-30", "updatedFromDate": "2023-08-16"}, {"date": "2019-04-26", "symbol": "SCATC.OL", "eps": -0.29, "epsEstimated": 0.18, "time": "bmo", "revenue": 331000000, "revenueEstimated": null, "fiscalDateEnding": "2019-03-30", "updatedFromDate": "2023-08-16"}, {"date": "2019-04-26", "symbol": "002340.SZ", "eps": 0.04, "epsEstimated": null, "time": "bmo", "revenue": 3141996049.85, "revenueEstimated": null, "fiscalDateEnding": "2019-03-30", "updatedFromDate": "2023-08-16"}, {"date": "2019-04-26", "symbol": "300661.SZ", "eps": 0.1, "epsEstimated": null, "time": "bmo", "revenue": 112092729.94, "revenueEstimated": null, "fiscalDateEnding": "2019-03-30", "updatedFromDate": "2023-08-16"}, {"date": "2019-04-26", "symbol": "000733.SZ", "eps": 0.207, "epsEstimated": null, "time": "bmo", "revenue": 1158740317.22, "revenueEstimated": null, "fiscalDateEnding": "2019-03-30", "updatedFromDate": "2023-08-16"}, {"date": "2019-04-26", "symbol": "300750.SZ", "eps": 0.48, "epsEstimated": 0.39, "time": "bmo", "revenue": 9981855666.38, "revenueEstimated": null, "fiscalDateEnding": "2019-03-30", "updatedFromDate": "2023-08-16"}, {"date": "2019-04-26", "symbol": "6200.T", "eps": 7.83, "epsEstimated": null, "time": "bmo", "revenue": 1261354000, "revenueEstimated": null, "fiscalDateEnding": "2019-03-30", "updatedFromDate": "2023-08-16"}, {"date": "2019-04-26", "symbol": "2208.HK", "eps": 0.06, "epsEstimated": 0.04211, "time": "bmo", "revenue": 5395746059.37, "revenueEstimated": null, "fiscalDateEnding": "2019-03-30", "updatedFromDate": "2023-08-16"}, {"date": "2019-04-26", "symbol": "300601.SZ", "eps": 0.16, "epsEstimated": null, "time": "bmo", "revenue": 341578343.59, "revenueEstimated": null, "fiscalDateEnding": "2019-03-30", "updatedFromDate": "2023-08-16"}, {"date": "2019-04-26", "symbol": "OV8.SI", "eps": null, "epsEstimated": null, "time": "bmo", "revenue": null, "revenueEstimated": null, "fiscalDateEnding": "2019-03-31", "updatedFromDate": "2023-08-16"}, {"date": "2019-04-26", "symbol": "FIBRAMQ12.MX", "eps": 0.35, "epsEstimated": 0.62, "time": "bmo", "revenue": null, "revenueEstimated": null, "fiscalDateEnding": "2019-03-31", "updatedFromDate": "2023-08-16"}, {"date": "2019-04-26", "symbol": "011210.KS", "eps": 519, "epsEstimated": 60.91, "time": "bmo", "revenue": 1849437000000, "revenueEstimated": null, "fiscalDateEnding": "2019-03-30", "updatedFromDate": "2023-08-16"}, {"date": "2019-04-26", "symbol": "600563.SS", "eps": 0.439, "epsEstimated": null, "time": "bmo", "revenue": 380972357.81, "revenueEstimated": null, "fiscalDateEnding": "2019-03-30", "updatedFromDate": "2023-08-16"}, {"date": "2019-04-26", "symbol": "ELTEL.ST", "eps": -0.05, "epsEstimated": -0.02, "time": "bmo", "revenue": 251000000, "revenueEstimated": null, "fiscalDateEnding": "2019-03-30", "updatedFromDate": "2023-08-16"}, {"date": "2019-04-26", "symbol": "300552.SZ", "eps": -0.08333, "epsEstimated": null, "time": "bmo", "revenue": 117267457.35, "revenueEstimated": null, "fiscalDateEnding": "2019-03-30", "updatedFromDate": "2023-08-16"}, {"date": "2019-04-26", "symbol": "600125.SS", "eps": 0.1, "epsEstimated": 0.09, "time": "bmo", "revenue": 3402514210.61, "revenueEstimated": null, "fiscalDateEnding": "2019-03-31", "updatedFromDate": "2023-08-25"}, {"date": "2019-04-26", "symbol": "9055.T", "eps": 23.9, "epsEstimated": null, "time": "bmo", "revenue": 25664000000, "revenueEstimated": null, "fiscalDateEnding": "2019-01-26", "updatedFromDate": "2023-10-17"}, {"date": "2019-04-26", "symbol": "UBOH", "eps": 0.55, "epsEstimated": null, "time": "bmo", "revenue": 9443000, "revenueEstimated": null, "fiscalDateEnding": "2019-03-30", "updatedFromDate": "2023-09-29"}, {"date": "2019-04-26", "symbol": "BNCC", "eps": 0.4, "epsEstimated": null, "time": "bmo", "revenue": 11457000, "revenueEstimated": null, "fiscalDateEnding": "2019-03-31", "updatedFromDate": "2023-09-29"}, {"date": "2019-04-26", "symbol": "600872.SS", "eps": 0.24, "epsEstimated": 0.26, "time": "bmo", "revenue": 1231103067.39, "revenueEstimated": null, "fiscalDateEnding": "2019-03-30", "updatedFromDate": "2023-05-17"}, {"date": "2019-04-26", "symbol": "NTDMF", "eps": 18.71, "epsEstimated": 27.39, "time": "bmo", "revenue": null, "revenueEstimated": null, "fiscalDateEnding": "2019-03-31", "updatedFromDate": "2023-05-17"}, {"date": "2019-04-26", "symbol": "9682.T", "eps": 34.03, "epsEstimated": null, "time": "bmo", "revenue": 22411011000, "revenueEstimated": null, "fiscalDateEnding": "2019-01-26", "updatedFromDate": "2023-10-17"}, {"date": "2019-04-26", "symbol": "600986.SS", "eps": 0.02, "epsEstimated": null, "time": "bmo", "revenue": 3778753629.61, "revenueEstimated": null, "fiscalDateEnding": "2019-03-30", "updatedFromDate": "2023-05-17"}, {"date": "2019-04-26", "symbol": "603128.SS", "eps": 0.05385, "epsEstimated": null, "time": "bmo", "revenue": 2075256350.99, "revenueEstimated": null, "fiscalDateEnding": "2019-03-30", "updatedFromDate": "2023-05-17"}, {"date": "2019-04-26", "symbol": "2428.T", "eps": 9.37, "epsEstimated": null, "time": "bmo", "revenue": 2364926000, "revenueEstimated": null, "fiscalDateEnding": "2019-01-26", "updatedFromDate": "2023-10-17"}, {"date": "2019-04-26", "symbol": "IMAX", "eps": 0.18, "epsEstimated": 0.17, "time": "bmo", "revenue": 80198000, "revenueEstimated": 80198000, "fiscalDateEnding": "2019-03-30", "updatedFromDate": "2023-09-29"}, {"date": "2019-04-26", "symbol": "8616.T", "eps": 7.5, "epsEstimated": null, "time": "bmo", "revenue": 17666000000, "revenueEstimated": null, "fiscalDateEnding": "2019-01-26", "updatedFromDate": "2023-10-17"}, {"date": "2019-04-26", "symbol": "1972.T", "eps": 88.17, "epsEstimated": null, "time": "bmo", "revenue": 8319000000, "revenueEstimated": null, "fiscalDateEnding": "2019-01-26", "updatedFromDate": "2023-10-17"}, {"date": "2019-04-26", "symbol": "9021.T", "eps": 26.04, "epsEstimated": 12.9, "time": "bmo", "revenue": 389664000000, "revenueEstimated": null, "fiscalDateEnding": "2019-01-26", "updatedFromDate": "2023-10-17"}, {"date": "2019-04-26", "symbol": "KNVKF", "eps": null, "epsEstimated": null, "time": "bmo", "revenue": null, "revenueEstimated": null, "fiscalDateEnding": "2019-03-31", "updatedFromDate": "2023-05-17"}, {"date": "2019-04-26", "symbol": "MPHC.QA", "eps": null, "epsEstimated": null, "time": "bmo", "revenue": null, "revenueEstimated": null, "fiscalDateEnding": "2019-03-31", "updatedFromDate": "2023-05-17"}, {"date": "2019-04-26", "symbol": "6955.T", "eps": -7.19, "epsEstimated": null, "time": "bmo", "revenue": 15587000000, "revenueEstimated": null, "fiscalDateEnding": "2019-01-26", "updatedFromDate": "2023-10-17"}, {"date": "2019-04-26", "symbol": "600061.SS", "eps": 0.07344, "epsEstimated": null, "time": "bmo", "revenue": 1451037431.91, "revenueEstimated": null, "fiscalDateEnding": "2019-01-26", "updatedFromDate": "2023-05-17"}, {"date": "2019-04-26", "symbol": "9101.T", "eps": -212.13, "epsEstimated": null, "time": "bmo", "revenue": 428522000000, "revenueEstimated": null, "fiscalDateEnding": "2019-01-26", "updatedFromDate": "2023-10-17"}, {"date": "2019-04-26", "symbol": "600990.SS", "eps": -0.3629, "epsEstimated": null, "time": "bmo", "revenue": 299180876.41, "revenueEstimated": null, "fiscalDateEnding": "2019-03-30", "updatedFromDate": "2023-05-17"}, {"date": "2019-04-26", "symbol": "8732.T", "eps": -5.94049, "epsEstimated": null, "time": "bmo", "revenue": 1136000000, "revenueEstimated": null, "fiscalDateEnding": "2019-01-26", "updatedFromDate": "2023-10-17"}, {"date": "2019-04-26", "symbol": "300007.SZ", "eps": 0.1, "epsEstimated": null, "time": "bmo", "revenue": 431198640.69, "revenueEstimated": null, "fiscalDateEnding": "2019-03-30", "updatedFromDate": "2023-05-17"}, {"date": "2019-04-26", "symbol": "000911.SZ", "eps": -0.82, "epsEstimated": null, "time": "bmo", "revenue": 854269894.14, "revenueEstimated": null, "fiscalDateEnding": "2019-03-30", "updatedFromDate": "2023-05-17"}, {"date": "2019-04-26", "symbol": "002612.SZ", "eps": 0.09088, "epsEstimated": null, "time": "bmo", "revenue": 676050756.51, "revenueEstimated": null, "fiscalDateEnding": "2019-01-26", "updatedFromDate": "2023-05-17"}, {"date": "2019-04-26", "symbol": "ELUXY", "eps": 0.06, "epsEstimated": null, "time": "bmo", "revenue": 29710000000, "revenueEstimated": null, "fiscalDateEnding": "2019-03-31", "updatedFromDate": "2023-09-29"}, {"date": "2019-04-26", "symbol": "002376.SZ", "eps": 0.11, "epsEstimated": null, "time": "bmo", "revenue": 552366893.06, "revenueEstimated": null, "fiscalDateEnding": "2019-03-30", "updatedFromDate": "2023-05-17"}, {"date": "2019-04-26", "symbol": "1950.T", "eps": 38.86, "epsEstimated": null, "time": "bmo", "revenue": 36732000000, "revenueEstimated": null, "fiscalDateEnding": "2019-01-26", "updatedFromDate": "2023-10-17"}, {"date": "2019-04-26", "symbol": "6201.T", "eps": 84.9, "epsEstimated": 87.01, "time": "bmo", "revenue": 521537000000, "revenueEstimated": null, "fiscalDateEnding": "2019-01-26", "updatedFromDate": "2023-10-17"}, {"date": "2019-04-26", "symbol": "1878.T", "eps": 203.98, "epsEstimated": null, "time": "bmo", "revenue": 375864000000, "revenueEstimated": null, "fiscalDateEnding": "2019-01-26", "updatedFromDate": "2023-10-17"}, {"date": "2019-04-26", "symbol": "TREL-B.ST", "eps": 3.25, "epsEstimated": 3.38, "time": "bmo", "revenue": 9381000000, "revenueEstimated": null, "fiscalDateEnding": "2019-03-30", "updatedFromDate": "2023-05-17"}, {"date": "2019-04-26", "symbol": "3341.T", "eps": 32.18, "epsEstimated": null, "time": "bmo", "revenue": 68743000000, "revenueEstimated": null, "fiscalDateEnding": "2019-01-26", "updatedFromDate": "2023-10-17"}, {"date": "2019-04-26", "symbol": "3275.T", "eps": 4.06, "epsEstimated": null, "time": "bmo", "revenue": 3037438000, "revenueEstimated": null, "fiscalDateEnding": "2019-01-26", "updatedFromDate": "2023-10-17"}, {"date": "2019-04-26", "symbol": "002454.SZ", "eps": 0.15, "epsEstimated": null, "time": "bmo", "revenue": 899814315.65, "revenueEstimated": null, "fiscalDateEnding": "2019-03-30", "updatedFromDate": "2023-05-17"}, {"date": "2019-04-26", "symbol": "600777.SS", "eps": -0.0239, "epsEstimated": null, "time": "bmo", "revenue": 1265799678.01, "revenueEstimated": null, "fiscalDateEnding": "2019-03-30", "updatedFromDate": "2023-05-17"}, {"date": "2019-04-26", "symbol": "2692.T", "eps": 153.15, "epsEstimated": null, "time": "bmo", "revenue": 179422000000, "revenueEstimated": null, "fiscalDateEnding": "2019-01-26", "updatedFromDate": "2023-10-16"}, {"date": "2019-04-26", "symbol": "002324.SZ", "eps": 0.02959, "epsEstimated": null, "time": "bmo", "revenue": 884225178.41, "revenueEstimated": null, "fiscalDateEnding": "2019-03-30", "updatedFromDate": "2023-05-17"}, {"date": "2019-04-26", "symbol": "6810.T", "eps": 43.75, "epsEstimated": 18, "time": "bmo", "revenue": 37790000000, "revenueEstimated": null, "fiscalDateEnding": "2019-01-26", "updatedFromDate": "2023-10-17"}, {"date": "2019-04-26", "symbol": "5444.T", "eps": 79.68, "epsEstimated": 50.6, "time": "bmo", "revenue": 41400000000, "revenueEstimated": null, "fiscalDateEnding": "2019-01-26", "updatedFromDate": "2023-10-17"}, {"date": "2019-04-26", "symbol": "7962.T", "eps": 4.65, "epsEstimated": null, "time": "bmo", "revenue": 8038453000, "revenueEstimated": null, "fiscalDateEnding": "2019-01-26", "updatedFromDate": "2023-10-17"}, {"date": "2019-04-26", "symbol": "002701.SZ", "eps": 0.1, "epsEstimated": null, "time": "bmo", "revenue": 2050898112, "revenueEstimated": null, "fiscalDateEnding": "2019-03-30", "updatedFromDate": "2023-05-17"}, {"date": "2019-04-26", "symbol": "C8R.SI", "eps": null, "epsEstimated": null, "time": "bmo", "revenue": null, "revenueEstimated": null, "fiscalDateEnding": "2019-03-31", "updatedFromDate": "2023-05-17"}, {"date": "2019-04-26", "symbol": "PGC", "eps": 0.58, "epsEstimated": 0.55, "time": "bmo", "revenue": 41736000, "revenueEstimated": 39577241.37931035, "fiscalDateEnding": "2019-03-30", "updatedFromDate": "2023-09-29"}, {"date": "2019-04-26", "symbol": "THULE.ST", "eps": 2.45, "epsEstimated": 2.4, "time": "bmo", "revenue": 1834000000, "revenueEstimated": null, "fiscalDateEnding": "2019-03-30", "updatedFromDate": "2023-05-17"}, {"date": "2019-04-26", "symbol": "6632.T", "eps": 1.49, "epsEstimated": 19.38, "time": "bmo", "revenue": 72674000000, "revenueEstimated": null, "fiscalDateEnding": "2019-01-26", "updatedFromDate": "2023-10-17"}, {"date": "2019-04-26", "symbol": "9795.T", "eps": 16.84, "epsEstimated": null, "time": "bmo", "revenue": 2755996000, "revenueEstimated": null, "fiscalDateEnding": "2019-03-30", "updatedFromDate": "2023-05-17"}, {"date": "2019-04-26", "symbol": "300094.SZ", "eps": 0.01, "epsEstimated": 0.006, "time": "bmo", "revenue": 971537926.11, "revenueEstimated": null, "fiscalDateEnding": "2019-03-30", "updatedFromDate": "2023-05-17"}, {"date": "2019-04-26", "symbol": "PORBF", "eps": 0.17, "epsEstimated": null, "time": "bmo", "revenue": null, "revenueEstimated": null, "fiscalDateEnding": "2019-03-31", "updatedFromDate": "2023-09-29"}, {"date": "2019-04-26", "symbol": "KCR.HE", "eps": 0.36, "epsEstimated": 0.33, "time": "bmo", "revenue": 758200000, "revenueEstimated": null, "fiscalDateEnding": "2019-03-30", "updatedFromDate": "2023-05-17"}, {"date": "2019-04-26", "symbol": "214390.KS", "eps": 146.32, "epsEstimated": null, "time": "bmo", "revenue": 52889477740, "revenueEstimated": null, "fiscalDateEnding": "2019-01-26", "updatedFromDate": "2023-05-17"}, {"date": "2019-04-26", "symbol": "603533.SS", "eps": 0.08, "epsEstimated": null, "time": "bmo", "revenue": 449651239.9, "revenueEstimated": null, "fiscalDateEnding": "2019-03-30", "updatedFromDate": "2023-05-17"}, {"date": "2019-04-26", "symbol": "601818.SS", "eps": 0.17, "epsEstimated": 0.19, "time": "bmo", "revenue": 33843000000, "revenueEstimated": null, "fiscalDateEnding": "2019-03-30", "updatedFromDate": "2023-05-17"}, {"date": "2019-04-26", "symbol": "CONSTI.HE", "eps": -0.08, "epsEstimated": -0.05, "time": "bmo", "revenue": 73480000, "revenueEstimated": null, "fiscalDateEnding": "2019-03-31", "updatedFromDate": "2023-05-17"}, {"date": "2019-04-26", "symbol": "002020.SZ", "eps": 0.1579, "epsEstimated": null, "time": "bmo", "revenue": 893372399.42, "revenueEstimated": null, "fiscalDateEnding": "2019-03-30", "updatedFromDate": "2023-05-17"}, {"date": "2019-04-26", "symbol": "601965.SS", "eps": 0.1, "epsEstimated": null, "time": "bmo", "revenue": 501096784.29, "revenueEstimated": null, "fiscalDateEnding": "2019-03-30", "updatedFromDate": "2023-05-17"}, {"date": "2019-04-26", "symbol": "IMO.TO", "eps": 0.38, "epsEstimated": 0.48, "time": "bmo", "revenue": 7571000000, "revenueEstimated": null, "fiscalDateEnding": "2019-03-30", "updatedFromDate": "2023-05-17"}, {"date": "2019-04-26", "symbol": "DETEC.HE", "eps": 0.25, "epsEstimated": 0.22, "time": "bmo", "revenue": 27473000, "revenueEstimated": null, "fiscalDateEnding": "2019-01-26", "updatedFromDate": "2023-05-17"}, {"date": "2019-04-26", "symbol": "000720.SZ", "eps": -0.00471, "epsEstimated": null, "time": "bmo", "revenue": 620140662.75, "revenueEstimated": null, "fiscalDateEnding": "2019-01-26", "updatedFromDate": "2023-05-17"}, {"date": "2019-04-26", "symbol": "600742.SS", "eps": 0.1615, "epsEstimated": null, "time": "bmo", "revenue": 2957904355.13, "revenueEstimated": null, "fiscalDateEnding": "2019-03-30", "updatedFromDate": "2023-05-17"}, {"date": "2019-04-26", "symbol": "HUSKF", "eps": 0.31, "epsEstimated": 0.17, "time": "bmo", "revenue": null, "revenueEstimated": 1826129.0322580647, "fiscalDateEnding": "2018-12-31", "updatedFromDate": "2023-05-17"}, {"date": "2019-04-26", "symbol": "EMBVF", "eps": 0.96, "epsEstimated": 1.04, "time": "bmo", "revenue": null, "revenueEstimated": null, "fiscalDateEnding": "2019-03-31", "updatedFromDate": "2023-05-17"}, {"date": "2019-04-26", "symbol": "GFIOF", "eps": null, "epsEstimated": null, "time": "bmo", "revenue": null, "revenueEstimated": null, "fiscalDateEnding": "2019-03-31", "updatedFromDate": "2023-05-17"}, {"date": "2019-04-26", "symbol": "SAN.PA", "eps": 1.42, "epsEstimated": 1.34, "time": "bmo", "revenue": 8713000000, "revenueEstimated": null, "fiscalDateEnding": "2019-03-31", "updatedFromDate": "2023-05-17"}, {"date": "2019-04-26", "symbol": "TOELY", "eps": 0.59, "epsEstimated": null, "time": "bmo", "revenue": 295454000000, "revenueEstimated": null, "fiscalDateEnding": "2019-01-26", "updatedFromDate": "2023-10-17"}, {"date": "2019-04-26", "symbol": "000506.SZ", "eps": 0.0261, "epsEstimated": null, "time": "bmo", "revenue": 72447392.69, "revenueEstimated": null, "fiscalDateEnding": "2019-03-30", "updatedFromDate": "2023-05-17"}, {"date": "2019-04-26", "symbol": "OPY", "eps": 0.81, "epsEstimated": null, "time": "bmo", "revenue": 251770000, "revenueEstimated": null, "fiscalDateEnding": "2019-03-30", "updatedFromDate": "2023-09-29"}, {"date": "2019-04-26", "symbol": "000793.SZ", "eps": 0.00983, "epsEstimated": null, "time": "bmo", "revenue": 1053960650.91, "revenueEstimated": null, "fiscalDateEnding": "2019-01-26", "updatedFromDate": "2023-05-17"}, {"date": "2019-04-26", "symbol": "300166.SZ", "eps": 0.04, "epsEstimated": null, "time": "bmo", "revenue": 284619447.46, "revenueEstimated": null, "fiscalDateEnding": "2019-03-31", "updatedFromDate": "2023-08-25"}, {"date": "2019-04-26", "symbol": "600612.SS", "eps": 0.715, "epsEstimated": null, "time": "bmo", "revenue": 15005420164.53, "revenueEstimated": null, "fiscalDateEnding": "2019-03-30", "updatedFromDate": "2023-05-17"}, {"date": "2019-04-26", "symbol": "603878.SS", "eps": 0.2041, "epsEstimated": null, "time": "bmo", "revenue": 606119520.56, "revenueEstimated": null, "fiscalDateEnding": "2019-03-30", "updatedFromDate": "2023-05-17"}, {"date": "2019-04-26", "symbol": "600336.SS", "eps": 0.05, "epsEstimated": null, "time": "bmo", "revenue": 1508248216.77, "revenueEstimated": null, "fiscalDateEnding": "2019-03-30", "updatedFromDate": "2023-05-17"}, {"date": "2019-04-26", "symbol": "6592.T", "eps": 53.46, "epsEstimated": 59.3, "time": "bmo", "revenue": 33000000000, "revenueEstimated": null, "fiscalDateEnding": "2019-01-26", "updatedFromDate": "2023-05-17"}, {"date": "2019-04-26", "symbol": "601579.SS", "eps": 0.00238, "epsEstimated": null, "time": "bmo", "revenue": 216196866.65, "revenueEstimated": null, "fiscalDateEnding": "2019-01-26", "updatedFromDate": "2023-05-17"}, {"date": "2019-04-26", "symbol": "000428.SZ", "eps": -0.07, "epsEstimated": null, "time": "bmo", "revenue": 224595042.55, "revenueEstimated": null, "fiscalDateEnding": "2019-03-30", "updatedFromDate": "2023-05-17"}, {"date": "2019-04-26", "symbol": "300571.SZ", "eps": null, "epsEstimated": null, "time": "bmo", "revenue": null, "revenueEstimated": null, "fiscalDateEnding": "2019-03-31", "updatedFromDate": "2023-05-17"}, {"date": "2019-04-26", "symbol": "AAL", "eps": 0.52, "epsEstimated": 0.51, "time": "bmo", "revenue": 10584000000, "revenueEstimated": 10380461538.461538, "fiscalDateEnding": "2019-03-30", "updatedFromDate": "2023-09-29"}, {"date": "2019-04-26", "symbol": "WTON.JK", "eps": 8.12, "epsEstimated": null, "time": "bmo", "revenue": 1294004344108, "revenueEstimated": null, "fiscalDateEnding": "2019-03-30", "updatedFromDate": "2023-05-17"}, {"date": "2019-04-26", "symbol": "4922.T", "eps": 71.43, "epsEstimated": 80.2, "time": "bmo", "revenue": 85112000000, "revenueEstimated": null, "fiscalDateEnding": "2019-03-31", "updatedFromDate": "2023-10-16"}, {"date": "2019-04-26", "symbol": "AKBNK.IS", "eps": 0.27, "epsEstimated": 0.25, "time": "bmo", "revenue": 5288535000, "revenueEstimated": null, "fiscalDateEnding": "2019-03-30", "updatedFromDate": "2023-05-17"}, {"date": "2019-04-26", "symbol": "002350.SZ", "eps": 0.01309, "epsEstimated": null, "time": "bmo", "revenue": 518844638.76, "revenueEstimated": null, "fiscalDateEnding": "2019-03-30", "updatedFromDate": "2023-05-17"}, {"date": "2019-04-26", "symbol": "HLSPF", "eps": null, "epsEstimated": null, "time": "bmo", "revenue": null, "revenueEstimated": null, "fiscalDateEnding": "2019-03-31", "updatedFromDate": "2023-05-17"}, {"date": "2019-04-26", "symbol": "002002.SZ", "eps": 0.0737, "epsEstimated": null, "time": "bmo", "revenue": 1405259209.69, "revenueEstimated": null, "fiscalDateEnding": "2019-03-30", "updatedFromDate": "2023-05-17"}, {"date": "2019-04-26", "symbol": "3632.T", "eps": 5.13, "epsEstimated": 1.75, "time": "bmo", "revenue": 15436000000, "revenueEstimated": null, "fiscalDateEnding": "2019-01-26", "updatedFromDate": "2023-10-17"}, {"date": "2019-04-26", "symbol": "MUEL", "eps": -0.9, "epsEstimated": null, "time": "amc", "revenue": null, "revenueEstimated": null, "fiscalDateEnding": "2019-01-26", "updatedFromDate": "2023-09-29"}, {"date": "2019-04-26", "symbol": "7893.T", "eps": 1.38, "epsEstimated": null, "time": "bmo", "revenue": 5161096000, "revenueEstimated": null, "fiscalDateEnding": "2019-01-26", "updatedFromDate": "2023-10-17"}, {"date": "2019-04-26", "symbol": "6185.T", "eps": 6.76, "epsEstimated": null, "time": "bmo", "revenue": 2836708000, "revenueEstimated": null, "fiscalDateEnding": "2019-01-26", "updatedFromDate": "2023-10-17"}, {"date": "2019-04-26", "symbol": "2139.T", "eps": 0.972, "epsEstimated": null, "time": "bmo", "revenue": 1778179000, "revenueEstimated": null, "fiscalDateEnding": "2019-01-26", "updatedFromDate": "2023-10-17"}, {"date": "2019-04-26", "symbol": "300347.SZ", "eps": 0.19, "epsEstimated": 0.19, "time": "bmo", "revenue": 608888953.83, "revenueEstimated": null, "fiscalDateEnding": "2019-03-30", "updatedFromDate": "2023-05-17"}, {"date": "2019-04-26", "symbol": "TTE.PA", "eps": 1.02, "epsEstimated": 1.12, "time": "bmo", "revenue": 45124000000, "revenueEstimated": null, "fiscalDateEnding": "2019-03-30", "updatedFromDate": "2023-05-17"}, {"date": "2019-04-26", "symbol": "004430.KS", "eps": 363, "epsEstimated": 413.56, "time": "bmo", "revenue": 218467000000, "revenueEstimated": null, "fiscalDateEnding": "2019-01-26", "updatedFromDate": "2023-05-17"}, {"date": "2019-04-26", "symbol": "PBCRF", "eps": 246, "epsEstimated": 283.01, "time": "bmo", "revenue": null, "revenueEstimated": null, "fiscalDateEnding": "2019-03-31", "updatedFromDate": "2023-05-17"}, {"date": "2019-04-26", "symbol": "5440.T", "eps": 44.88, "epsEstimated": 15.6, "time": "bmo", "revenue": 59395000000, "revenueEstimated": null, "fiscalDateEnding": "2019-01-26", "updatedFromDate": "2023-10-17"}, {"date": "2019-04-26", "symbol": "600995.SS", "eps": 0.36, "epsEstimated": null, "time": "bmo", "revenue": 560248662.46, "revenueEstimated": null, "fiscalDateEnding": "2019-03-30", "updatedFromDate": "2023-05-17"}, {"date": "2019-04-26", "symbol": "AIT", "eps": 1.16, "epsEstimated": 1.17, "time": "bmo", "revenue": 885443000, "revenueEstimated": 877809870.6896552, "fiscalDateEnding": "2019-03-30", "updatedFromDate": "2023-09-29"}, {"date": "2019-04-26", "symbol": "9536.T", "eps": -0.91835, "epsEstimated": null, "time": "bmo", "revenue": 46480000000, "revenueEstimated": null, "fiscalDateEnding": "2019-01-26", "updatedFromDate": "2023-10-17"}, {"date": "2019-04-26", "symbol": "002063.SZ", "eps": 0.00511, "epsEstimated": null, "time": "bmo", "revenue": 301041291.41, "revenueEstimated": null, "fiscalDateEnding": "2019-03-30", "updatedFromDate": "2023-05-17"}, {"date": "2019-04-26", "symbol": "ELUXF", "eps": 0.28, "epsEstimated": 1.95, "time": "bmo", "revenue": null, "revenueEstimated": null, "fiscalDateEnding": "2019-03-31", "updatedFromDate": "2023-05-17"}, {"date": "2019-04-26", "symbol": "9384.T", "eps": 20.85, "epsEstimated": null, "time": "bmo", "revenue": 5525960000, "revenueEstimated": null, "fiscalDateEnding": "2019-03-30", "updatedFromDate": "2023-05-17"}, {"date": "2019-04-26", "symbol": "CYB1.ST", "eps": -0.0002, "epsEstimated": null, "time": "bmo", "revenue": 19625000, "revenueEstimated": null, "fiscalDateEnding": "2019-03-30", "updatedFromDate": "2023-05-17"}, {"date": "2019-04-26", "symbol": "002505.SZ", "eps": 0.0046, "epsEstimated": null, "time": "bmo", "revenue": 3481186533.35, "revenueEstimated": null, "fiscalDateEnding": "2019-03-30", "updatedFromDate": "2023-05-17"}, {"date": "2019-04-26", "symbol": "SHLRF", "eps": 1.71, "epsEstimated": 1.89, "time": "bmo", "revenue": null, "revenueEstimated": null, "fiscalDateEnding": "2019-03-31", "updatedFromDate": "2023-05-17"}, {"date": "2019-04-26", "symbol": "AZN.ST", "eps": 0.89, "epsEstimated": 0.86, "time": "bmo", "revenue": 5491000000, "revenueEstimated": null, "fiscalDateEnding": "2019-03-30", "updatedFromDate": "2023-05-17"}, {"date": "2019-04-26", "symbol": "TTE.L", "eps": 1.02, "epsEstimated": 1.18, "time": "bmo", "revenue": 45124000000, "revenueEstimated": null, "fiscalDateEnding": "2019-03-30", "updatedFromDate": "2023-05-17"}, {"date": "2019-04-26", "symbol": "7527.T", "eps": -0.48405, "epsEstimated": null, "time": "bmo", "revenue": 682269000, "revenueEstimated": null, "fiscalDateEnding": "2019-03-30", "updatedFromDate": "2023-05-17"}, {"date": "2019-04-26", "symbol": "4345.T", "eps": 8.97, "epsEstimated": null, "time": "bmo", "revenue": 2381000000, "revenueEstimated": null, "fiscalDateEnding": "2019-01-26", "updatedFromDate": "2023-10-17"}, {"date": "2019-04-26", "symbol": "8914.T", "eps": 63.49, "epsEstimated": null, "time": "bmo", "revenue": 9634307000, "revenueEstimated": null, "fiscalDateEnding": "2019-03-30", "updatedFromDate": "2023-05-17"}, {"date": "2019-04-26", "symbol": "TCAN.CN", "eps": -0.10846, "epsEstimated": null, "time": "bmo", "revenue": null, "revenueEstimated": null, "fiscalDateEnding": "2019-02-28", "updatedFromDate": "2023-05-17"}, {"date": "2019-04-26", "symbol": "8001.T", "eps": 67.43, "epsEstimated": 71.43, "time": "bmo", "revenue": 2770863000000, "revenueEstimated": null, "fiscalDateEnding": "2019-01-26", "updatedFromDate": "2023-10-17"}, {"date": "2019-04-26", "symbol": "002284.SZ", "eps": -0.01, "epsEstimated": null, "time": "bmo", "revenue": 882185712.59, "revenueEstimated": null, "fiscalDateEnding": "2019-03-30", "updatedFromDate": "2023-05-17"}, {"date": "2019-04-26", "symbol": "000869.SZ", "eps": 0.67, "epsEstimated": 0.73, "time": "bmo", "revenue": 1667424758, "revenueEstimated": null, "fiscalDateEnding": "2019-03-30", "updatedFromDate": "2023-05-17"}, {"date": "2019-04-26", "symbol": "002382.SZ", "eps": 0.1, "epsEstimated": null, "time": "bmo", "revenue": 835771436.14, "revenueEstimated": null, "fiscalDateEnding": "2019-03-30", "updatedFromDate": "2023-05-17"}, {"date": "2019-04-26", "symbol": "NWG", "eps": 0.1438, "epsEstimated": null, "time": "bmo", "revenue": 3037000000, "revenueEstimated": null, "fiscalDateEnding": "2019-03-31", "updatedFromDate": "2023-09-29"}, {"date": "2019-04-26", "symbol": "PIPR", "eps": 1.57, "epsEstimated": 1.19, "time": "bmo", "revenue": 185298000, "revenueEstimated": 145940496.6887417, "fiscalDateEnding": "2019-03-30", "updatedFromDate": "2023-09-29"}, {"date": "2019-04-26", "symbol": "MKTAY", "eps": 0.42, "epsEstimated": null, "time": "bmo", "revenue": 129714000000, "revenueEstimated": null, "fiscalDateEnding": "2019-01-26", "updatedFromDate": "2023-10-17"}, {"date": "2019-04-26", "symbol": "002115.SZ", "eps": 0.03338, "epsEstimated": null, "time": "bmo", "revenue": 1000652071.85, "revenueEstimated": null, "fiscalDateEnding": "2019-03-30", "updatedFromDate": "2023-05-17"}, {"date": "2019-04-26", "symbol": "7298.T", "eps": null, "epsEstimated": null, "time": "bmo", "revenue": null, "revenueEstimated": null, "fiscalDateEnding": "2019-09-30", "updatedFromDate": "2023-05-17"}, {"date": "2019-04-26", "symbol": "7931.T", "eps": 55.91, "epsEstimated": null, "time": "bmo", "revenue": 10187000000, "revenueEstimated": null, "fiscalDateEnding": "2019-01-26", "updatedFromDate": "2023-10-17"}, {"date": "2019-04-26", "symbol": "601225.SS", "eps": 0.28, "epsEstimated": 0.18, "time": "bmo", "revenue": 14404755231.67, "revenueEstimated": null, "fiscalDateEnding": "2019-03-30", "updatedFromDate": "2023-05-17"}, {"date": "2019-04-26", "symbol": "600617.SS", "eps": 0.04, "epsEstimated": null, "time": "bmo", "revenue": 4122074760.35, "revenueEstimated": null, "fiscalDateEnding": "2019-03-30", "updatedFromDate": "2023-05-17"}, {"date": "2019-04-26", "symbol": "600340.SS", "eps": 0.75, "epsEstimated": 0.49, "time": "bmo", "revenue": 10292154348.41, "revenueEstimated": null, "fiscalDateEnding": "2019-03-30", "updatedFromDate": "2023-05-17"}, {"date": "2019-04-26", "symbol": "CWBK", "eps": 0.48, "epsEstimated": null, "time": "bmo", "revenue": null, "revenueEstimated": null, "fiscalDateEnding": "2019-03-30", "updatedFromDate": "2023-09-29"}, {"date": "2019-04-26", "symbol": "CBBI", "eps": 0.35, "epsEstimated": null, "time": "bmo", "revenue": 13404000, "revenueEstimated": null, "fiscalDateEnding": "2019-03-31", "updatedFromDate": "2023-09-29"}, {"date": "2019-04-26", "symbol": "1944.T", "eps": 41.83, "epsEstimated": null, "time": "bmo", "revenue": 132126000000, "revenueEstimated": null, "fiscalDateEnding": "2019-01-26", "updatedFromDate": "2023-10-17"}, {"date": "2019-04-26", "symbol": "VRTS", "eps": 2.73, "epsEstimated": 2.39, "time": "bmo", "revenue": 130394000, "revenueEstimated": 114438102.56410256, "fiscalDateEnding": "2019-03-30", "updatedFromDate": "2023-09-29"}, {"date": "2019-04-26", "symbol": "NCTKF", "eps": 0.3, "epsEstimated": null, "time": "bmo", "revenue": 70272000000, "revenueEstimated": null, "fiscalDateEnding": "2019-03-31", "updatedFromDate": "2023-09-29"}, {"date": "2019-04-26", "symbol": "9612.T", "eps": 48.75, "epsEstimated": null, "time": "bmo", "revenue": 9162015000, "revenueEstimated": null, "fiscalDateEnding": "2019-01-26", "updatedFromDate": "2023-05-17"}, {"date": "2019-04-26", "symbol": "300740.SZ", "eps": null, "epsEstimated": 0.08, "time": "bmo", "revenue": null, "revenueEstimated": null, "fiscalDateEnding": "2019-03-31", "updatedFromDate": "2023-05-17"}, {"date": "2019-04-26", "symbol": "600126.SS", "eps": 0.08158, "epsEstimated": null, "time": "bmo", "revenue": 5961806866.12, "revenueEstimated": null, "fiscalDateEnding": "2019-01-26", "updatedFromDate": "2023-05-17"}, {"date": "2019-04-26", "symbol": "9889.T", "eps": 45.55, "epsEstimated": null, "time": "bmo", "revenue": 16334000000, "revenueEstimated": null, "fiscalDateEnding": "2019-01-26", "updatedFromDate": "2023-10-17"}, {"date": "2019-04-26", "symbol": "300323.SZ", "eps": -0.3457, "epsEstimated": null, "time": "bmo", "revenue": 698841748.03, "revenueEstimated": null, "fiscalDateEnding": "2019-06-29", "updatedFromDate": "2023-05-17"}, {"date": "2019-04-26", "symbol": "000591.SZ", "eps": 0.0418, "epsEstimated": null, "time": "bmo", "revenue": 869352420.14, "revenueEstimated": null, "fiscalDateEnding": "2019-03-30", "updatedFromDate": "2023-05-17"}, {"date": "2019-04-26", "symbol": "9658.T", "eps": 26.96, "epsEstimated": null, "time": "bmo", "revenue": 6959136000, "revenueEstimated": null, "fiscalDateEnding": "2019-01-26", "updatedFromDate": "2023-10-17"}, {"date": "2019-04-26", "symbol": "600327.SS", "eps": 0.08509, "epsEstimated": null, "time": "bmo", "revenue": 2399865390.9, "revenueEstimated": null, "fiscalDateEnding": "2019-06-29", "updatedFromDate": "2023-05-17"}, {"date": "2019-04-26", "symbol": "4318.T", "eps": 9.1, "epsEstimated": null, "time": "bmo", "revenue": 4756646000, "revenueEstimated": null, "fiscalDateEnding": "2019-01-26", "updatedFromDate": "2023-10-17"}, {"date": "2019-04-26", "symbol": "6395.T", "eps": 13.27, "epsEstimated": null, "time": "bmo", "revenue": 48602000000, "revenueEstimated": null, "fiscalDateEnding": "2019-01-26", "updatedFromDate": "2023-10-17"}, {"date": "2019-04-26", "symbol": "LAT1V.HE", "eps": 0.01, "epsEstimated": 0.09, "time": "bmo", "revenue": 198800000, "revenueEstimated": null, "fiscalDateEnding": "2019-03-30", "updatedFromDate": "2023-05-17"}, {"date": "2019-04-26", "symbol": "BESI.AS", "eps": 0.13, "epsEstimated": 0.19, "time": "bmo", "revenue": 81399000, "revenueEstimated": null, "fiscalDateEnding": "2019-03-30", "updatedFromDate": "2023-05-17"}, {"date": "2019-04-26", "symbol": "FORTUM.HE", "eps": 0.44, "epsEstimated": 0.45, "time": "bmo", "revenue": 1690000000, "revenueEstimated": null, "fiscalDateEnding": "2019-03-30", "updatedFromDate": "2023-05-17"}, {"date": "2019-04-26", "symbol": "600150.SS", "eps": 0.003, "epsEstimated": 0.06, "time": "bmo", "revenue": 4607668459.17, "revenueEstimated": null, "fiscalDateEnding": "2019-03-30", "updatedFromDate": "2023-05-17"}, {"date": "2019-04-26", "symbol": "ALV", "eps": 1.2, "epsEstimated": 1.62, "time": "bmo", "revenue": 2174000000, "revenueEstimated": 2934900000, "fiscalDateEnding": "2019-03-30", "updatedFromDate": "2023-09-29"}, {"date": "2019-04-26", "symbol": "IBG.MC", "eps": 0.5, "epsEstimated": null, "time": "bmo", "revenue": 63897000, "revenueEstimated": null, "fiscalDateEnding": "2019-03-30", "updatedFromDate": "2023-05-17"}, {"date": "2019-04-26", "symbol": "5333.T", "eps": 0.54, "epsEstimated": 29.45, "time": "bmo", "revenue": 109140000000, "revenueEstimated": null, "fiscalDateEnding": "2019-01-26", "updatedFromDate": "2023-10-17"}, {"date": "2019-04-26", "symbol": "600835.SS", "eps": 0.23, "epsEstimated": null, "time": "bmo", "revenue": 4266937532.23, "revenueEstimated": null, "fiscalDateEnding": "2019-03-30", "updatedFromDate": "2023-05-17"}, {"date": "2019-04-26", "symbol": "600057.SS", "eps": 0.1, "epsEstimated": null, "time": "bmo", "revenue": 55220011675.07, "revenueEstimated": null, "fiscalDateEnding": "2019-03-30", "updatedFromDate": "2023-05-17"}, {"date": "2019-04-26", "symbol": "600305.SS", "eps": 0.07187, "epsEstimated": null, "time": "bmo", "revenue": 460218142, "revenueEstimated": null, "fiscalDateEnding": "2019-03-30", "updatedFromDate": "2023-05-17"}, {"date": "2019-04-26", "symbol": "CEGHF", "eps": null, "epsEstimated": null, "time": "bmo", "revenue": null, "revenueEstimated": null, "fiscalDateEnding": "2019-06-30", "updatedFromDate": "2023-05-17"}, {"date": "2019-04-26", "symbol": "002270.SZ", "eps": 0.05, "epsEstimated": null, "time": "bmo", "revenue": 247743867.89, "revenueEstimated": null, "fiscalDateEnding": "2019-03-30", "updatedFromDate": "2023-05-17"}, {"date": "2019-04-26", "symbol": "2439.TW", "eps": 2.07, "epsEstimated": 0.9, "time": "bmo", "revenue": 7631451000, "revenueEstimated": null, "fiscalDateEnding": "2019-03-30", "updatedFromDate": "2023-05-17"}, {"date": "2019-04-26", "symbol": "002150.SZ", "eps": 0.06154, "epsEstimated": null, "time": "bmo", "revenue": 341354998.49, "revenueEstimated": null, "fiscalDateEnding": "2019-03-30", "updatedFromDate": "2023-05-17"}, {"date": "2019-04-26", "symbol": "GFI", "eps": null, "epsEstimated": null, "time": "bmo", "revenue": null, "revenueEstimated": null, "fiscalDateEnding": "2019-01-26", "updatedFromDate": "2023-09-29"}, {"date": "2019-04-26", "symbol": "IDPR.JK", "eps": 1.06, "epsEstimated": null, "time": "bmo", "revenue": 251353528910, "revenueEstimated": null, "fiscalDateEnding": "2019-03-30", "updatedFromDate": "2023-05-17"}, {"date": "2019-04-26", "symbol": "6028.T", "eps": 68.5, "epsEstimated": 66.2, "time": "bmo", "revenue": 40141000000, "revenueEstimated": null, "fiscalDateEnding": "2019-01-26", "updatedFromDate": "2023-10-17"}, {"date": "2019-04-26", "symbol": "600289.SS", "eps": -0.0675, "epsEstimated": null, "time": "bmo", "revenue": 192933832.51, "revenueEstimated": null, "fiscalDateEnding": "2019-03-30", "updatedFromDate": "2023-05-17"}, {"date": "2019-04-26", "symbol": "601158.SS", "eps": 0.07, "epsEstimated": null, "time": "bmo", "revenue": 1105310883.77, "revenueEstimated": null, "fiscalDateEnding": "2019-03-30", "updatedFromDate": "2023-05-17"}, {"date": "2019-04-26", "symbol": "5332.T", "eps": 59.43, "epsEstimated": 61.26, "time": "bmo", "revenue": 152857000000, "revenueEstimated": null, "fiscalDateEnding": "2019-01-26", "updatedFromDate": "2023-10-16"}, {"date": "2019-04-26", "symbol": "FRLOF", "eps": 0.02, "epsEstimated": 0.025, "time": "bmo", "revenue": null, "revenueEstimated": null, "fiscalDateEnding": "2019-06-30", "updatedFromDate": "2023-05-17"}, {"date": "2019-04-26", "symbol": "ERF.PA", "eps": 0.2624, "epsEstimated": null, "time": "bmo", "revenue": 1140700000, "revenueEstimated": null, "fiscalDateEnding": "2019-01-26", "updatedFromDate": "2023-05-17"}, {"date": "2019-04-26", "symbol": "MONOY", "eps": 0.05, "epsEstimated": null, "time": "bmo", "revenue": 31065000000, "revenueEstimated": null, "fiscalDateEnding": "2019-03-31", "updatedFromDate": "2023-09-29"}, {"date": "2019-04-26", "symbol": "2301.TW", "eps": 0.63, "epsEstimated": 0.6, "time": "bmo", "revenue": 41172944000, "revenueEstimated": null, "fiscalDateEnding": "2019-03-30", "updatedFromDate": "2023-05-17"}, {"date": "2019-04-26", "symbol": "AZN.L", "eps": 0.89, "epsEstimated": 0.84, "time": "bmo", "revenue": 5491000000, "revenueEstimated": null, "fiscalDateEnding": "2019-03-30", "updatedFromDate": "2023-05-17"}, {"date": "2019-04-26", "symbol": "6902.T", "eps": 80.5, "epsEstimated": 130.11, "time": "bmo", "revenue": 1276620000000, "revenueEstimated": null, "fiscalDateEnding": "2019-01-26", "updatedFromDate": "2023-10-17"}, {"date": "2019-04-26", "symbol": "600315.SS", "eps": 0.35, "epsEstimated": 0.25, "time": "bmo", "revenue": 1968784317.04, "revenueEstimated": null, "fiscalDateEnding": "2019-01-26", "updatedFromDate": "2023-05-17"}, {"date": "2019-04-26", "symbol": "CMLLF", "eps": null, "epsEstimated": null, "time": "bmo", "revenue": null, "revenueEstimated": null, "fiscalDateEnding": "2019-03-31", "updatedFromDate": "2023-05-17"}, {"date": "2019-04-26", "symbol": "600633.SS", "eps": 0.2, "epsEstimated": null, "time": "bmo", "revenue": 660246634.9, "revenueEstimated": null, "fiscalDateEnding": "2019-03-30", "updatedFromDate": "2023-05-17"}, {"date": "2019-04-26", "symbol": "600839.SS", "eps": 0.0104, "epsEstimated": null, "time": "bmo", "revenue": 20070263753.8, "revenueEstimated": null, "fiscalDateEnding": "2019-03-30", "updatedFromDate": "2023-05-17"}, {"date": "2019-04-26", "symbol": "600597.SS", "eps": 0.12, "epsEstimated": 0.1, "time": "bmo", "revenue": 5452163361, "revenueEstimated": null, "fiscalDateEnding": "2019-03-30", "updatedFromDate": "2023-05-17"}, {"date": "2019-04-26", "symbol": "CFNCF", "eps": null, "epsEstimated": null, "time": "bmo", "revenue": null, "revenueEstimated": null, "fiscalDateEnding": "2019-03-31", "updatedFromDate": "2023-05-17"}, {"date": "2019-04-26", "symbol": "MSVB", "eps": 0.11, "epsEstimated": null, "time": "bmo", "revenue": 1992000, "revenueEstimated": null, "fiscalDateEnding": "2019-03-30", "updatedFromDate": "2023-09-29"}, {"date": "2019-04-26", "symbol": "5482.T", "eps": 148.61, "epsEstimated": null, "time": "bmo", "revenue": 60466000000, "revenueEstimated": null, "fiscalDateEnding": "2019-01-26", "updatedFromDate": "2023-10-17"}, {"date": "2019-04-26", "symbol": "TTRAK.IS", "eps": null, "epsEstimated": null, "time": "bmo", "revenue": null, "revenueEstimated": null, "fiscalDateEnding": "2019-03-31", "updatedFromDate": "2023-05-17"}, {"date": "2019-04-26", "symbol": "3422.T", "eps": null, "epsEstimated": null, "time": "bmo", "revenue": null, "revenueEstimated": null, "fiscalDateEnding": "2019-09-30", "updatedFromDate": "2023-05-17"}, {"date": "2019-04-26", "symbol": "002397.SZ", "eps": 0.074, "epsEstimated": null, "time": "bmo", "revenue": 554734669.23, "revenueEstimated": null, "fiscalDateEnding": "2019-03-30", "updatedFromDate": "2023-05-17"}, {"date": "2019-04-26", "symbol": "300705.SZ", "eps": null, "epsEstimated": null, "time": "bmo", "revenue": null, "revenueEstimated": null, "fiscalDateEnding": "2019-03-31", "updatedFromDate": "2023-05-17"}, {"date": "2019-04-26", "symbol": "000676.SZ", "eps": 0.1354, "epsEstimated": null, "time": "bmo", "revenue": 2675293093.19, "revenueEstimated": null, "fiscalDateEnding": "2019-03-30", "updatedFromDate": "2023-05-17"}, {"date": "2019-04-26", "symbol": "BLMN", "eps": 0.75, "epsEstimated": 0.73, "time": "bmo", "revenue": 1128131000, "revenueEstimated": 1098047506.6666665, "fiscalDateEnding": "2019-03-30", "updatedFromDate": "2023-09-29"}, {"date": "2019-04-26", "symbol": "4043.T", "eps": 211.7, "epsEstimated": 112.3, "time": "bmo", "revenue": 83794000000, "revenueEstimated": null, "fiscalDateEnding": "2019-01-26", "updatedFromDate": "2023-10-17"}, {"date": "2019-04-26", "symbol": "002609.SZ", "eps": -0.0225, "epsEstimated": null, "time": "bmo", "revenue": 94915156.01, "revenueEstimated": null, "fiscalDateEnding": "2019-03-30", "updatedFromDate": "2023-05-17"}, {"date": "2019-04-26", "symbol": "ACGBY", "eps": 0.63, "epsEstimated": null, "time": "bmo", "revenue": 172986000000, "revenueEstimated": null, "fiscalDateEnding": "2019-03-31", "updatedFromDate": "2023-09-29"}, {"date": "2019-04-26", "symbol": "300593.SZ", "eps": null, "epsEstimated": null, "time": "bmo", "revenue": null, "revenueEstimated": null, "fiscalDateEnding": "2019-03-31", "updatedFromDate": "2023-05-17"}, {"date": "2019-04-26", "symbol": "000061.SZ", "eps": null, "epsEstimated": null, "time": "bmo", "revenue": null, "revenueEstimated": null, "fiscalDateEnding": "2019-03-31", "updatedFromDate": "2023-05-17"}, {"date": "2019-04-26", "symbol": "000666.SZ", "eps": 0.2585, "epsEstimated": null, "time": "bmo", "revenue": 1736915418.83, "revenueEstimated": null, "fiscalDateEnding": "2019-03-30", "updatedFromDate": "2023-05-17"}, {"date": "2019-04-26", "symbol": "AIMC", "eps": 0.8, "epsEstimated": 0.72, "time": "bmo", "revenue": 482800000, "revenueEstimated": 434519999.99999994, "fiscalDateEnding": "2019-03-30", "updatedFromDate": "2023-05-17"}, {"date": "2019-04-26", "symbol": "600053.SS", "eps": 0.513, "epsEstimated": null, "time": "bmo", "revenue": 297814596.25, "revenueEstimated": null, "fiscalDateEnding": "2019-03-30", "updatedFromDate": "2023-05-17"}, {"date": "2019-04-26", "symbol": "VLRS", "eps": 0.27, "epsEstimated": 0.15, "time": "amc", "revenue": 369883785.273777, "revenueEstimated": 24598025100, "fiscalDateEnding": "2019-03-31", "updatedFromDate": "2023-09-29"}, {"date": "2019-04-26", "symbol": "603985.SS", "eps": 0.0865, "epsEstimated": null, "time": "bmo", "revenue": 263875986.35, "revenueEstimated": null, "fiscalDateEnding": "2019-03-30", "updatedFromDate": "2023-05-17"}, {"date": "2019-04-26", "symbol": "603856.SS", "eps": 0.16, "epsEstimated": null, "time": "bmo", "revenue": 343264355.79, "revenueEstimated": null, "fiscalDateEnding": "2019-03-30", "updatedFromDate": "2023-05-17"}, {"date": "2019-04-26", "symbol": "7466.T", "eps": 30.3, "epsEstimated": null, "time": "bmo", "revenue": 10955420000, "revenueEstimated": null, "fiscalDateEnding": "2019-01-26", "updatedFromDate": "2023-10-17"}, {"date": "2019-04-26", "symbol": "8015.T", "eps": 106.43, "epsEstimated": null, "time": "bmo", "revenue": 1695843000000, "revenueEstimated": null, "fiscalDateEnding": "2019-01-26", "updatedFromDate": "2023-10-17"}, {"date": "2019-04-26", "symbol": "HYPMY", "eps": 0.14, "epsEstimated": null, "time": "amc", "revenue": 383578000, "revenueEstimated": null, "fiscalDateEnding": "2019-03-31", "updatedFromDate": "2023-09-29"}, {"date": "2019-04-26", "symbol": "600593.SS", "eps": -0.0661, "epsEstimated": null, "time": "bmo", "revenue": 44272777.13, "revenueEstimated": null, "fiscalDateEnding": "2019-03-30", "updatedFromDate": "2023-05-17"}, {"date": "2019-04-26", "symbol": "000935.SZ", "eps": 0.22, "epsEstimated": null, "time": "bmo", "revenue": 388141908.99, "revenueEstimated": null, "fiscalDateEnding": "2019-03-30", "updatedFromDate": "2023-05-17"}, {"date": "2019-04-26", "symbol": "600112.SS", "eps": 0.0592, "epsEstimated": null, "time": "bmo", "revenue": 40952868.38, "revenueEstimated": null, "fiscalDateEnding": "2019-03-30", "updatedFromDate": "2023-05-17"}, {"date": "2019-04-26", "symbol": "WJRYY", "eps": 0.33, "epsEstimated": null, "time": "bmo", "revenue": 389664000000, "revenueEstimated": null, "fiscalDateEnding": "2019-01-26", "updatedFromDate": "2023-10-17"}, {"date": "2019-04-26", "symbol": "8706.T", "eps": 19.94, "epsEstimated": null, "time": "bmo", "revenue": 2076000000, "revenueEstimated": null, "fiscalDateEnding": "2019-01-26", "updatedFromDate": "2023-10-17"}, {"date": "2019-04-26", "symbol": "600048.SS", "eps": 0.2, "epsEstimated": 0.18, "time": "bmo", "revenue": 22584259850.91, "revenueEstimated": null, "fiscalDateEnding": "2019-03-30", "updatedFromDate": "2023-05-17"}, {"date": "2019-04-26", "symbol": "KPN.AS", "eps": 0.03, "epsEstimated": 0.02, "time": "bmo", "revenue": 1359000000, "revenueEstimated": null, "fiscalDateEnding": "2019-01-26", "updatedFromDate": "2023-05-17"}, {"date": "2019-04-26", "symbol": "200869.SZ", "eps": 0.2158, "epsEstimated": null, "time": "bmo", "revenue": 890850027, "revenueEstimated": null, "fiscalDateEnding": "2019-01-26", "updatedFromDate": "2023-05-17"}, {"date": "2019-04-26", "symbol": "001630.KS", "eps": 4038.79, "epsEstimated": null, "time": "bmo", "revenue": 160669090000, "revenueEstimated": null, "fiscalDateEnding": "2019-03-30", "updatedFromDate": "2023-05-17"}, {"date": "2019-04-26", "symbol": "600309.SS", "eps": 0.89, "epsEstimated": 0.7, "time": "bmo", "revenue": 15952006779.5, "revenueEstimated": null, "fiscalDateEnding": "2019-03-30", "updatedFromDate": "2023-05-17"}, {"date": "2019-04-26", "symbol": "1973.T", "eps": 9.36, "epsEstimated": null, "time": "bmo", "revenue": 77762000000, "revenueEstimated": null, "fiscalDateEnding": "2019-01-26", "updatedFromDate": "2023-10-17"}, {"date": "2019-04-26", "symbol": "8699.T", "eps": 41.17, "epsEstimated": null, "time": "bmo", "revenue": 8653000000, "revenueEstimated": null, "fiscalDateEnding": "2019-01-26", "updatedFromDate": "2023-10-17"}, {"date": "2019-04-26", "symbol": "LIFCO-B.ST", "eps": 3.51, "epsEstimated": 3.84, "time": "bmo", "revenue": 3357000000, "revenueEstimated": null, "fiscalDateEnding": "2019-03-31", "updatedFromDate": "2023-05-17"}, {"date": "2019-04-26", "symbol": "9761.T", "eps": null, "epsEstimated": null, "time": "bmo", "revenue": null, "revenueEstimated": null, "fiscalDateEnding": "2019-09-30", "updatedFromDate": "2023-05-17"}, {"date": "2019-04-26", "symbol": "601229.SS", "eps": 0.35, "epsEstimated": 0.29, "time": "bmo", "revenue": 13015422000, "revenueEstimated": null, "fiscalDateEnding": "2019-03-30", "updatedFromDate": "2023-05-17"}, {"date": "2019-04-26", "symbol": "4927.T", "eps": 18.8, "epsEstimated": 26.76, "time": "bmo", "revenue": 52440000000, "revenueEstimated": null, "fiscalDateEnding": "2019-03-30", "updatedFromDate": "2023-05-17"}, {"date": "2019-04-26", "symbol": "002740.SZ", "eps": 0.04, "epsEstimated": null, "time": "bmo", "revenue": 340186427.64, "revenueEstimated": null, "fiscalDateEnding": "2019-03-30", "updatedFromDate": "2023-05-17"}, {"date": "2019-04-26", "symbol": "9119.T", "eps": 15.63, "epsEstimated": null, "time": "bmo", "revenue": 21795000000, "revenueEstimated": null, "fiscalDateEnding": "2019-01-26", "updatedFromDate": "2023-10-17"}, {"date": "2019-04-26", "symbol": "AZN", "eps": 0.45, "epsEstimated": 0.43, "time": "bmo", "revenue": 5491000000, "revenueEstimated": 5098785714, "fiscalDateEnding": "2019-03-31", "updatedFromDate": "2023-09-29"}, {"date": "2019-04-26", "symbol": "8889.T", "eps": null, "epsEstimated": null, "time": "bmo", "revenue": null, "revenueEstimated": null, "fiscalDateEnding": "2019-06-30", "updatedFromDate": "2023-05-17"}, {"date": "2019-04-26", "symbol": "MAXSF", "eps": 0.05, "epsEstimated": 0.05, "time": "bmo", "revenue": null, "revenueEstimated": null, "fiscalDateEnding": "2019-03-31", "updatedFromDate": "2023-05-17"}, {"date": "2019-04-26", "symbol": "6724.T", "eps": 22.13, "epsEstimated": 21.77, "time": "bmo", "revenue": 279849000000, "revenueEstimated": null, "fiscalDateEnding": "2019-01-26", "updatedFromDate": "2023-10-17"}, {"date": "2019-04-26", "symbol": "TOBII.ST", "eps": -0.3303, "epsEstimated": null, "time": "bmo", "revenue": 393100000, "revenueEstimated": null, "fiscalDateEnding": "2019-03-30", "updatedFromDate": "2023-05-17"}, {"date": "2019-04-26", "symbol": "WT", "eps": 0.05, "epsEstimated": 0.05, "time": "bmo", "revenue": 65485000, "revenueEstimated": null, "fiscalDateEnding": "2019-03-31", "updatedFromDate": "2023-09-29"}, {"date": "2019-04-26", "symbol": "601330.SS", "eps": null, "epsEstimated": null, "time": "bmo", "revenue": null, "revenueEstimated": null, "fiscalDateEnding": "2019-03-31", "updatedFromDate": "2023-05-17"}, {"date": "2019-04-26", "symbol": "FMX", "eps": 0.32, "epsEstimated": 0.62, "time": "bmo", "revenue": 115938000000, "revenueEstimated": 161875698113, "fiscalDateEnding": "2019-03-31", "updatedFromDate": "2023-09-29"}, {"date": "2019-04-26", "symbol": "000759.SZ", "eps": 0.04, "epsEstimated": null, "time": "bmo", "revenue": 4415640281.84, "revenueEstimated": null, "fiscalDateEnding": "2019-03-30", "updatedFromDate": "2023-05-17"}, {"date": "2019-04-26", "symbol": "BBCA.JK", "eps": 246, "epsEstimated": 283.01, "time": "bmo", "revenue": 17025069000000, "revenueEstimated": null, "fiscalDateEnding": "2019-03-30", "updatedFromDate": "2023-05-17"}, {"date": "2019-04-26", "symbol": "9511.T", "eps": 59.26, "epsEstimated": null, "time": "bmo", "revenue": 49943000000, "revenueEstimated": null, "fiscalDateEnding": "2019-01-26", "updatedFromDate": "2023-10-17"}, {"date": "2019-04-26", "symbol": "603078.SS", "eps": 0.02594, "epsEstimated": null, "time": "bmo", "revenue": 97828343.54, "revenueEstimated": null, "fiscalDateEnding": "2019-03-30", "updatedFromDate": "2023-05-17"}, {"date": "2019-04-26", "symbol": "9107.T", "eps": -860.22, "epsEstimated": -34.28, "time": "bmo", "revenue": 194793000000, "revenueEstimated": null, "fiscalDateEnding": "2019-01-26", "updatedFromDate": "2023-10-17"}, {"date": "2019-04-26", "symbol": "002588.SZ", "eps": 0.04, "epsEstimated": 0.06, "time": "bmo", "revenue": 1518885309.35, "revenueEstimated": null, "fiscalDateEnding": "2019-03-30", "updatedFromDate": "2023-05-17"}, {"date": "2019-04-26", "symbol": "GRGCF", "eps": null, "epsEstimated": null, "time": "bmo", "revenue": null, "revenueEstimated": null, "fiscalDateEnding": "2019-03-31", "updatedFromDate": "2023-05-17"}, {"date": "2019-04-26", "symbol": "300351.SZ", "eps": 0.08399, "epsEstimated": null, "time": "bmo", "revenue": 264606180.32, "revenueEstimated": null, "fiscalDateEnding": "2019-01-26", "updatedFromDate": "2023-05-17"}, {"date": "2019-04-26", "symbol": "002420.SZ", "eps": 0.0184, "epsEstimated": null, "time": "bmo", "revenue": 1009014430.79, "revenueEstimated": null, "fiscalDateEnding": "2019-03-30", "updatedFromDate": "2023-05-17"}, {"date": "2019-04-26", "symbol": "PRKWF", "eps": null, "epsEstimated": null, "time": "bmo", "revenue": null, "revenueEstimated": null, "fiscalDateEnding": "2019-03-31", "updatedFromDate": "2023-05-17"}, {"date": "2019-04-26", "symbol": "6176.TW", "eps": 3.03, "epsEstimated": 1.74, "time": "bmo", "revenue": 14858869000, "revenueEstimated": null, "fiscalDateEnding": "2019-03-30", "updatedFromDate": "2023-05-17"}, {"date": "2019-04-26", "symbol": "002620.SZ", "eps": 0.13, "epsEstimated": null, "time": "bmo", "revenue": 860051747.16, "revenueEstimated": null, "fiscalDateEnding": "2019-03-30", "updatedFromDate": "2023-05-17"}, {"date": "2019-04-26", "symbol": "SEKEY", "eps": 0.1, "epsEstimated": null, "time": "bmo", "revenue": 279849000000, "revenueEstimated": null, "fiscalDateEnding": "2019-01-26", "updatedFromDate": "2023-10-17"}, {"date": "2019-04-26", "symbol": "AON", "eps": 3.31, "epsEstimated": 3.31, "time": "bmo", "revenue": 3143000000, "revenueEstimated": 3143000000, "fiscalDateEnding": "2019-03-30", "updatedFromDate": "2023-09-29"}, {"date": "2019-04-26", "symbol": "600380.SS", "eps": 0.1577, "epsEstimated": null, "time": "bmo", "revenue": 3341809272.15, "revenueEstimated": null, "fiscalDateEnding": "2019-03-30", "updatedFromDate": "2023-05-17"}, {"date": "2019-04-26", "symbol": "6586.T", "eps": 46.42, "epsEstimated": 55.05, "time": "bmo", "revenue": 129714000000, "revenueEstimated": null, "fiscalDateEnding": "2019-01-26", "updatedFromDate": "2023-10-17"}, {"date": "2019-04-26", "symbol": "300741.SZ", "eps": 0.48, "epsEstimated": null, "time": "bmo", "revenue": 443726725, "revenueEstimated": null, "fiscalDateEnding": "2019-03-30", "updatedFromDate": "2023-05-17"}, {"date": "2019-04-26", "symbol": "601179.SS", "eps": 0.02, "epsEstimated": 0.05, "time": "bmo", "revenue": 2785801029.09, "revenueEstimated": null, "fiscalDateEnding": "2019-03-30", "updatedFromDate": "2023-05-17"}, {"date": "2019-04-26", "symbol": "300758.SZ", "eps": null, "epsEstimated": null, "time": "bmo", "revenue": null, "revenueEstimated": null, "fiscalDateEnding": "2019-03-31", "updatedFromDate": "2023-05-17"}, {"date": "2019-04-26", "symbol": "MOG.B", "eps": 1.2, "epsEstimated": null, "time": "bmo", "revenue": null, "revenueEstimated": null, "fiscalDateEnding": "2019-03-31", "updatedFromDate": "2023-09-29"}, {"date": "2019-04-26", "symbol": "SCRYY", "eps": 0.08, "epsEstimated": null, "time": "bmo", "revenue": 15028000000, "revenueEstimated": null, "fiscalDateEnding": "2019-01-26", "updatedFromDate": "2023-09-29"}, {"date": "2019-04-26", "symbol": "LASKF", "eps": 0.01, "epsEstimated": 0.09, "time": "bmo", "revenue": null, "revenueEstimated": null, "fiscalDateEnding": "2019-03-31", "updatedFromDate": "2023-05-17"}, {"date": "2019-04-26", "symbol": "ESXB", "eps": 0.16, "epsEstimated": 0.14, "time": "bmo", "revenue": 13139000, "revenueEstimated": 11496625.000000002, "fiscalDateEnding": "2019-03-30", "updatedFromDate": "2023-05-17"}, {"date": "2019-04-26", "symbol": "000559.SZ", "eps": 0.081, "epsEstimated": null, "time": "bmo", "revenue": 2673655131.84, "revenueEstimated": null, "fiscalDateEnding": "2019-03-30", "updatedFromDate": "2023-05-17"}, {"date": "2019-04-26", "symbol": "GRND3.SA", "eps": 0.04603, "epsEstimated": null, "time": "bmo", "revenue": 399812000, "revenueEstimated": null, "fiscalDateEnding": "2019-01-26", "updatedFromDate": "2023-05-17"}, {"date": "2019-04-26", "symbol": "ANOD-B.ST", "eps": 0.45, "epsEstimated": null, "time": "bmo", "revenue": 858000000, "revenueEstimated": null, "fiscalDateEnding": "2019-03-30", "updatedFromDate": "2023-05-17"}, {"date": "2019-04-26", "symbol": "TBP.TO", "eps": -0.02391, "epsEstimated": null, "time": "bmo", "revenue": null, "revenueEstimated": null, "fiscalDateEnding": "2019-02-27", "updatedFromDate": "2023-05-17"}, {"date": "2019-04-26", "symbol": "002425.SZ", "eps": 0.14, "epsEstimated": null, "time": "bmo", "revenue": 259556695.99, "revenueEstimated": null, "fiscalDateEnding": "2019-03-30", "updatedFromDate": "2023-05-17"}, {"date": "2019-04-26", "symbol": "9502.T", "eps": 21.75, "epsEstimated": 2.7, "time": "bmo", "revenue": 708390000000, "revenueEstimated": null, "fiscalDateEnding": "2019-01-26", "updatedFromDate": "2023-10-17"}, {"date": "2019-04-26", "symbol": "WWL.WA", "eps": 11.46, "epsEstimated": null, "time": "bmo", "revenue": 142272000, "revenueEstimated": null, "fiscalDateEnding": "2019-03-30", "updatedFromDate": "2023-05-17"}, {"date": "2019-04-26", "symbol": "DTCGF", "eps": 0.13, "epsEstimated": 1.38, "time": "bmo", "revenue": 4650000000, "revenueEstimated": null, "fiscalDateEnding": "2019-03-31", "updatedFromDate": "2023-09-29"}, {"date": "2019-04-26", "symbol": "ALIV-SDB.ST", "eps": 1.2, "epsEstimated": 1.58, "time": "bmo", "revenue": 2174000000, "revenueEstimated": null, "fiscalDateEnding": "2019-03-30", "updatedFromDate": "2023-05-17"}, {"date": "2019-04-26", "symbol": "600729.SS", "eps": 1.16, "epsEstimated": null, "time": "bmo", "revenue": 10019692023.12, "revenueEstimated": null, "fiscalDateEnding": "2019-03-30", "updatedFromDate": "2023-05-17"}, {"date": "2019-04-26", "symbol": "AMUN.PA", "eps": 1.22, "epsEstimated": 1.06, "time": "bmo", "revenue": 1738736000, "revenueEstimated": null, "fiscalDateEnding": "2019-01-26", "updatedFromDate": "2023-05-17"}, {"date": "2019-04-26", "symbol": "601601.SS", "eps": 0.6, "epsEstimated": 0.33, "time": "bmo", "revenue": 132940000000, "revenueEstimated": null, "fiscalDateEnding": "2019-03-31", "updatedFromDate": "2023-08-25"}, {"date": "2019-04-26", "symbol": "PAC", "eps": 1.3, "epsEstimated": 1.19, "time": "bmo", "revenue": 3679136000, "revenueEstimated": 3447379401, "fiscalDateEnding": "2019-03-31", "updatedFromDate": "2023-09-29"}, {"date": "2019-04-26", "symbol": "600803.SS", "eps": 0.29, "epsEstimated": 0.13, "time": "bmo", "revenue": 3533013116.31, "revenueEstimated": null, "fiscalDateEnding": "2019-01-26", "updatedFromDate": "2023-05-17"}, {"date": "2019-04-26", "symbol": "600602.SS", "eps": 0.03, "epsEstimated": null, "time": "bmo", "revenue": 1068175289.85, "revenueEstimated": null, "fiscalDateEnding": "2019-03-30", "updatedFromDate": "2023-05-17"}, {"date": "2019-04-26", "symbol": "300079.SZ", "eps": 0.0373, "epsEstimated": null, "time": "bmo", "revenue": 309015193.66, "revenueEstimated": null, "fiscalDateEnding": "2019-03-30", "updatedFromDate": "2023-05-17"}, {"date": "2019-04-26", "symbol": "002021.SZ", "eps": -0.03851, "epsEstimated": null, "time": "bmo", "revenue": 161404150.9, "revenueEstimated": null, "fiscalDateEnding": "2019-06-29", "updatedFromDate": "2023-05-17"}, {"date": "2019-04-26", "symbol": "002022.SZ", "eps": 0.1, "epsEstimated": 0.09, "time": "bmo", "revenue": 505579319.71, "revenueEstimated": null, "fiscalDateEnding": "2019-03-30", "updatedFromDate": "2023-05-17"}, {"date": "2019-04-26", "symbol": "600582.SS", "eps": 0.1157, "epsEstimated": null, "time": "bmo", "revenue": 4752636120.88, "revenueEstimated": null, "fiscalDateEnding": "2019-01-26", "updatedFromDate": "2023-05-17"}, {"date": "2019-04-26", "symbol": "AMTBB", "eps": 0.32, "epsEstimated": 0.3, "time": "bmo", "revenue": 55437000, "revenueEstimated": 51972187.5, "fiscalDateEnding": "2019-03-30", "updatedFromDate": "2023-05-17"}, {"date": "2019-04-26", "symbol": "6166.TW", "eps": 0.51, "epsEstimated": 0.26, "time": "bmo", "revenue": 2662053000, "revenueEstimated": null, "fiscalDateEnding": "2019-03-31", "updatedFromDate": "2023-08-25"}, {"date": "2019-04-26", "symbol": "000825.SZ", "eps": 0.061, "epsEstimated": null, "time": "bmo", "revenue": 17076574964.88, "revenueEstimated": null, "fiscalDateEnding": "2019-03-30", "updatedFromDate": "2023-05-17"}, {"date": "2019-04-26", "symbol": "RBS", "eps": null, "epsEstimated": null, "time": "bmo", "revenue": null, "revenueEstimated": null, "fiscalDateEnding": "2019-03-29", "updatedFromDate": "2023-05-17"}, {"date": "2019-04-26", "symbol": "MEMS.PA", "eps": -0.00107, "epsEstimated": null, "time": "bmo", "revenue": 3194750, "revenueEstimated": null, "fiscalDateEnding": "2019-01-26", "updatedFromDate": "2023-05-17"}, {"date": "2019-04-26", "symbol": "CL", "eps": 0.67, "epsEstimated": 0.66, "time": "bmo", "revenue": 3884000000, "revenueEstimated": 3826029850.7462683, "fiscalDateEnding": "2019-03-30", "updatedFromDate": "2023-09-29"}, {"date": "2019-04-26", "symbol": "1317.HK", "eps": 0.05525, "epsEstimated": null, "time": "bmo", "revenue": 392557750, "revenueEstimated": null, "fiscalDateEnding": "2019-01-26", "updatedFromDate": "2023-05-17"}, {"date": "2019-04-26", "symbol": "2737.T", "eps": 191.44, "epsEstimated": null, "time": "bmo", "revenue": 68765000000, "revenueEstimated": null, "fiscalDateEnding": "2019-01-26", "updatedFromDate": "2023-10-17"}, {"date": "2019-04-26", "symbol": "SFBC", "eps": 0.56, "epsEstimated": null, "time": "bmo", "revenue": 7997000, "revenueEstimated": null, "fiscalDateEnding": "2019-03-30", "updatedFromDate": "2023-09-29"}, {"date": "2019-04-26", "symbol": "METSB.HE", "eps": 0.14, "epsEstimated": 0.14, "time": "bmo", "revenue": 487100000, "revenueEstimated": null, "fiscalDateEnding": "2019-03-30", "updatedFromDate": "2023-05-17"}, {"date": "2019-04-26", "symbol": "5015.T", "eps": 15.45, "epsEstimated": null, "time": "bmo", "revenue": 2745753000, "revenueEstimated": null, "fiscalDateEnding": "2019-03-30", "updatedFromDate": "2023-05-17"}, {"date": "2019-04-26", "symbol": "600012.SS", "eps": 0.1561, "epsEstimated": null, "time": "bmo", "revenue": 717590250.69, "revenueEstimated": null, "fiscalDateEnding": "2019-01-26", "updatedFromDate": "2023-05-17"}, {"date": "2019-04-26", "symbol": "HELIO.ST", "eps": -0.25045, "epsEstimated": null, "time": "bmo", "revenue": 9657000, "revenueEstimated": null, "fiscalDateEnding": "2019-03-30", "updatedFromDate": "2023-05-17"}, {"date": "2019-04-26", "symbol": "002015.SZ", "eps": -0.013, "epsEstimated": null, "time": "bmo", "revenue": 157656948.91, "revenueEstimated": null, "fiscalDateEnding": "2019-03-30", "updatedFromDate": "2023-05-17"}, {"date": "2019-04-26", "symbol": "ALEATIC.MX", "eps": 1.21, "epsEstimated": 2.93, "time": "bmo", "revenue": null, "revenueEstimated": null, "fiscalDateEnding": "2019-03-31", "updatedFromDate": "2023-05-31"}, {"date": "2019-04-26", "symbol": "KNCRF", "eps": 0.36, "epsEstimated": 0.33, "time": "bmo", "revenue": null, "revenueEstimated": 250616666.6666667, "fiscalDateEnding": "2019-03-31", "updatedFromDate": "2023-05-17"}, {"date": "2019-04-26", "symbol": "002851.SZ", "eps": 0.1237, "epsEstimated": null, "time": "bmo", "revenue": 773511119.95, "revenueEstimated": null, "fiscalDateEnding": "2019-03-30", "updatedFromDate": "2023-05-17"}, {"date": "2019-04-26", "symbol": "9301.T", "eps": 38.38, "epsEstimated": null, "time": "bmo", "revenue": 55677000000, "revenueEstimated": null, "fiscalDateEnding": "2019-01-26", "updatedFromDate": "2023-10-17"}, {"date": "2019-04-26", "symbol": "002329.SZ", "eps": 0.0126, "epsEstimated": null, "time": "bmo", "revenue": 467336959.89, "revenueEstimated": null, "fiscalDateEnding": "2019-03-30", "updatedFromDate": "2023-05-17"}, {"date": "2019-04-26", "symbol": "GPROFUT.MX", "eps": null, "epsEstimated": null, "time": "bmo", "revenue": null, "revenueEstimated": null, "fiscalDateEnding": "2019-03-31", "updatedFromDate": "2023-05-31"}, {"date": "2019-04-26", "symbol": "7282.T", "eps": 84.19, "epsEstimated": 64.17, "time": "bmo", "revenue": 202384000000, "revenueEstimated": null, "fiscalDateEnding": "2019-01-26", "updatedFromDate": "2023-10-17"}, {"date": "2019-04-26", "symbol": "PLANI.MX", "eps": null, "epsEstimated": null, "time": "bmo", "revenue": null, "revenueEstimated": null, "fiscalDateEnding": "2019-03-31", "updatedFromDate": "2023-05-31"}, {"date": "2019-04-26", "symbol": "SORIANAB.MX", "eps": 0.41, "epsEstimated": 0.39, "time": "bmo", "revenue": null, "revenueEstimated": null, "fiscalDateEnding": "2019-03-31", "updatedFromDate": "2023-05-31"}, {"date": "2019-04-26", "symbol": "HSSHF", "eps": null, "epsEstimated": null, "time": "bmo", "revenue": null, "revenueEstimated": null, "fiscalDateEnding": "2019-03-31", "updatedFromDate": "2023-05-17"}, {"date": "2019-04-26", "symbol": "6702.T", "eps": 260.65, "epsEstimated": 294.73, "time": "bmo", "revenue": 923265000000, "revenueEstimated": null, "fiscalDateEnding": "2019-01-26", "updatedFromDate": "2023-10-17"}, {"date": "2019-04-26", "symbol": "300359.SZ", "eps": 0.01, "epsEstimated": null, "time": "bmo", "revenue": 131090892.17, "revenueEstimated": null, "fiscalDateEnding": "2019-03-30", "updatedFromDate": "2023-05-17"}, {"date": "2019-04-26", "symbol": "600056.SS", "eps": 0.3831, "epsEstimated": null, "time": "bmo", "revenue": 8244790655.23, "revenueEstimated": null, "fiscalDateEnding": "2019-03-30", "updatedFromDate": "2023-05-17"}, {"date": "2019-04-26", "symbol": "600392.SS", "eps": 0.0198, "epsEstimated": null, "time": "bmo", "revenue": 1582785483.2, "revenueEstimated": null, "fiscalDateEnding": "2019-03-30", "updatedFromDate": "2023-05-17"}, {"date": "2019-04-26", "symbol": "300005.SZ", "eps": null, "epsEstimated": null, "time": "bmo", "revenue": null, "revenueEstimated": null, "fiscalDateEnding": "2019-03-31", "updatedFromDate": "2023-05-31"}, {"date": "2019-04-26", "symbol": "300011.SZ", "eps": null, "epsEstimated": null, "time": "bmo", "revenue": null, "revenueEstimated": null, "fiscalDateEnding": "2019-03-31", "updatedFromDate": "2023-05-31"}, {"date": "2019-04-26", "symbol": "002202.SZ", "eps": 0.06, "epsEstimated": 0.03684, "time": "bmo", "revenue": 5395746059.37, "revenueEstimated": null, "fiscalDateEnding": "2019-03-30", "updatedFromDate": "2023-05-17"}, {"date": "2019-04-26", "symbol": "300045.SZ", "eps": null, "epsEstimated": null, "time": "bmo", "revenue": null, "revenueEstimated": null, "fiscalDateEnding": "2019-03-31", "updatedFromDate": "2023-05-31"}, {"date": "2019-04-26", "symbol": "KMTUY", "eps": 0.69, "epsEstimated": null, "time": "bmo", "revenue": 613957000000, "revenueEstimated": null, "fiscalDateEnding": "2019-01-26", "updatedFromDate": "2023-10-17"}, {"date": "2019-04-26", "symbol": "9719.T", "eps": 97.54, "epsEstimated": 90.4, "time": "bmo", "revenue": 93650000000, "revenueEstimated": null, "fiscalDateEnding": "2019-01-26", "updatedFromDate": "2023-10-17"}, {"date": "2019-04-26", "symbol": "300048.SZ", "eps": null, "epsEstimated": null, "time": "bmo", "revenue": null, "revenueEstimated": null, "fiscalDateEnding": "2019-03-31", "updatedFromDate": "2023-05-31"}, {"date": "2019-04-26", "symbol": "6988.T", "eps": 37.65, "epsEstimated": 81.64, "time": "bmo", "revenue": 192450000000, "revenueEstimated": null, "fiscalDateEnding": "2019-01-26", "updatedFromDate": "2023-10-17"}, {"date": "2019-04-26", "symbol": "600180.SS", "eps": 0.2338, "epsEstimated": null, "time": "bmo", "revenue": 7285516427.74, "revenueEstimated": null, "fiscalDateEnding": "2019-03-30", "updatedFromDate": "2023-05-17"}, {"date": "2019-04-26", "symbol": "300054.SZ", "eps": 0.06, "epsEstimated": null, "time": "bmo", "revenue": null, "revenueEstimated": null, "fiscalDateEnding": "2019-03-31", "updatedFromDate": "2023-05-31"}, {"date": "2019-04-26", "symbol": "ELUX-B.ST", "eps": 0.28, "epsEstimated": 1.95, "time": "bmo", "revenue": 29710000000, "revenueEstimated": null, "fiscalDateEnding": "2019-03-30", "updatedFromDate": "2023-05-17"}, {"date": "2019-04-26", "symbol": "300057.SZ", "eps": null, "epsEstimated": null, "time": "bmo", "revenue": null, "revenueEstimated": null, "fiscalDateEnding": "2019-03-31", "updatedFromDate": "2023-05-31"}, {"date": "2019-04-26", "symbol": "300065.SZ", "eps": null, "epsEstimated": null, "time": "bmo", "revenue": null, "revenueEstimated": null, "fiscalDateEnding": "2019-03-31", "updatedFromDate": "2023-05-31"}, {"date": "2019-04-26", "symbol": "002234.SZ", "eps": 1.28, "epsEstimated": null, "time": "bmo", "revenue": 731486409.31, "revenueEstimated": null, "fiscalDateEnding": "2019-03-30", "updatedFromDate": "2023-05-17"}, {"date": "2019-04-26", "symbol": "300077.SZ", "eps": null, "epsEstimated": null, "time": "bmo", "revenue": null, "revenueEstimated": null, "fiscalDateEnding": "2019-03-31", "updatedFromDate": "2023-05-31"}, {"date": "2019-04-26", "symbol": "300078.SZ", "eps": null, "epsEstimated": null, "time": "bmo", "revenue": null, "revenueEstimated": null, "fiscalDateEnding": "2019-03-31", "updatedFromDate": "2023-05-31"}, {"date": "2019-04-26", "symbol": "300101.SZ", "eps": null, "epsEstimated": null, "time": "bmo", "revenue": null, "revenueEstimated": null, "fiscalDateEnding": "2019-03-31", "updatedFromDate": "2023-05-31"}, {"date": "2019-04-26", "symbol": "SRG.V", "eps": -0.04, "epsEstimated": -0.01, "time": "bmo", "revenue": null, "revenueEstimated": null, "fiscalDateEnding": "2019-03-31", "updatedFromDate": "2023-10-16"}, {"date": "2019-04-26", "symbol": "000637.SZ", "eps": 0.063, "epsEstimated": null, "time": "bmo", "revenue": 1002353142.05, "revenueEstimated": null, "fiscalDateEnding": "2019-03-30", "updatedFromDate": "2023-05-17"}, {"date": "2019-04-26", "symbol": "TOPCF", "eps": 0.71, "epsEstimated": null, "time": "bmo", "revenue": 148688000000, "revenueEstimated": null, "fiscalDateEnding": "2019-03-30", "updatedFromDate": "2023-09-29"}, {"date": "2019-04-26", "symbol": "0839.HK", "eps": null, "epsEstimated": null, "time": "bmo", "revenue": null, "revenueEstimated": null, "fiscalDateEnding": "2019-06-30", "updatedFromDate": "2023-10-16"}, {"date": "2019-04-26", "symbol": "300130.SZ", "eps": null, "epsEstimated": null, "time": "bmo", "revenue": null, "revenueEstimated": null, "fiscalDateEnding": "2019-03-31", "updatedFromDate": "2023-05-31"}, {"date": "2019-04-26", "symbol": "300151.SZ", "eps": null, "epsEstimated": null, "time": "bmo", "revenue": null, "revenueEstimated": null, "fiscalDateEnding": "2019-03-31", "updatedFromDate": "2023-05-31"}, {"date": "2019-04-26", "symbol": "600236.SS", "eps": 0.05, "epsEstimated": 0.08, "time": "bmo", "revenue": 2318008933.82, "revenueEstimated": null, "fiscalDateEnding": "2019-03-30", "updatedFromDate": "2023-05-17"}, {"date": "2019-04-26", "symbol": "COCSF", "eps": 1.22, "epsEstimated": 1.4, "time": "bmo", "revenue": null, "revenueEstimated": null, "fiscalDateEnding": "2019-03-31", "updatedFromDate": "2023-05-17"}, {"date": "2019-04-26", "symbol": "HCTPF", "eps": 0.01, "epsEstimated": 0.01727, "time": "bmo", "revenue": null, "revenueEstimated": null, "fiscalDateEnding": "2019-03-31", "updatedFromDate": "2023-05-17"}, {"date": "2019-04-26", "symbol": "CVEO", "eps": 1.32, "epsEstimated": 1.08, "time": "bmo", "revenue": 108550000, "revenueEstimated": 88813636.36363636, "fiscalDateEnding": "2019-03-30", "updatedFromDate": "2023-09-29"}, {"date": "2019-04-26", "symbol": "9474.T", "eps": 8.29, "epsEstimated": null, "time": "bmo", "revenue": 13513000000, "revenueEstimated": null, "fiscalDateEnding": "2019-01-26", "updatedFromDate": "2023-10-17"}, {"date": "2019-04-26", "symbol": "603958.SS", "eps": 0.091, "epsEstimated": null, "time": "bmo", "revenue": 349753148.06, "revenueEstimated": null, "fiscalDateEnding": "2019-03-30", "updatedFromDate": "2023-05-17"}, {"date": "2019-04-26", "symbol": "002895.SZ", "eps": 0.1294, "epsEstimated": null, "time": "bmo", "revenue": 473584246.34, "revenueEstimated": null, "fiscalDateEnding": "2019-01-26", "updatedFromDate": "2023-05-17"}, {"date": "2019-04-26", "symbol": "PHJMF", "eps": 28, "epsEstimated": 31.62, "time": "bmo", "revenue": null, "revenueEstimated": null, "fiscalDateEnding": "2019-03-31", "updatedFromDate": "2023-05-17"}, {"date": "2019-04-26", "symbol": "C2PU.SI", "eps": null, "epsEstimated": null, "time": "bmo", "revenue": null, "revenueEstimated": null, "fiscalDateEnding": "2019-03-31", "updatedFromDate": "2023-05-17"}, {"date": "2019-04-26", "symbol": "EREGL.IS", "eps": 0.29, "epsEstimated": 0.33, "time": "bmo", "revenue": 7144139000, "revenueEstimated": null, "fiscalDateEnding": "2019-03-31", "updatedFromDate": "2023-05-17"}, {"date": "2019-04-26", "symbol": "YITYY", "eps": -0.17, "epsEstimated": -0.16, "time": "bmo", "revenue": 701600000, "revenueEstimated": null, "fiscalDateEnding": "2019-03-30", "updatedFromDate": "2023-05-17"}, {"date": "2019-04-26", "symbol": "GRNG.ST", "eps": 2.16, "epsEstimated": 2.2, "time": "bmo", "revenue": 3109000000, "revenueEstimated": null, "fiscalDateEnding": "2019-03-30", "updatedFromDate": "2023-05-17"}, {"date": "2019-04-26", "symbol": "5471.T", "eps": 104.2, "epsEstimated": 123.67, "time": "bmo", "revenue": 121084000000, "revenueEstimated": null, "fiscalDateEnding": "2019-01-26", "updatedFromDate": "2023-10-17"}, {"date": "2019-04-26", "symbol": "9715.T", "eps": -37.62, "epsEstimated": 45, "time": "bmo", "revenue": 78147000000, "revenueEstimated": null, "fiscalDateEnding": "2019-01-26", "updatedFromDate": "2023-10-17"}, {"date": "2019-04-26", "symbol": "185750.KS", "eps": 955.1, "epsEstimated": 1048.79, "time": "bmo", "revenue": 234009092000, "revenueEstimated": null, "fiscalDateEnding": "2019-03-30", "updatedFromDate": "2023-05-17"}, {"date": "2019-04-26", "symbol": "VOLARA.MX", "eps": 0.51, "epsEstimated": -0.26, "time": "bmo", "revenue": 369883785.273777, "revenueEstimated": null, "fiscalDateEnding": "2019-03-30", "updatedFromDate": "2023-05-17"}, {"date": "2019-04-26", "symbol": "600266.SS", "eps": -0.00344, "epsEstimated": null, "time": "bmo", "revenue": 4655658176.99, "revenueEstimated": null, "fiscalDateEnding": "2019-01-26", "updatedFromDate": "2023-05-17"}, {"date": "2019-04-26", "symbol": "CVX", "eps": 1.39, "epsEstimated": 1.3, "time": "bmo", "revenue": 34189000000, "revenueEstimated": 30445646258.503403, "fiscalDateEnding": "2019-03-30", "updatedFromDate": "2023-09-29"}, {"date": "2019-04-26", "symbol": "1528.HK", "eps": 0.34, "epsEstimated": null, "time": "bmo", "revenue": null, "revenueEstimated": null, "fiscalDateEnding": "2019-01-26", "updatedFromDate": "2023-05-17"}, {"date": "2019-04-26", "symbol": "SPLPETRO.NS", "eps": 0.105, "epsEstimated": null, "time": "bmo", "revenue": 6190782000, "revenueEstimated": null, "fiscalDateEnding": "2019-01-26", "updatedFromDate": "2023-10-16"}, {"date": "2019-04-26", "symbol": "7259.T", "eps": 99.84, "epsEstimated": 104.5, "time": "bmo", "revenue": 958051000000, "revenueEstimated": null, "fiscalDateEnding": "2019-01-26", "updatedFromDate": "2023-10-17"}, {"date": "2019-04-26", "symbol": "3839.T", "eps": -3.62779, "epsEstimated": null, "time": "bmo", "revenue": 807228000, "revenueEstimated": null, "fiscalDateEnding": "2019-01-26", "updatedFromDate": "2023-10-17"}, {"date": "2019-04-26", "symbol": "SOGN.OL", "eps": 1.38, "epsEstimated": 2, "time": "bmo", "revenue": 21032000, "revenueEstimated": null, "fiscalDateEnding": "2019-03-30", "updatedFromDate": "2023-05-17"}, {"date": "2019-04-26", "symbol": "9687.T", "eps": null, "epsEstimated": null, "time": "bmo", "revenue": null, "revenueEstimated": null, "fiscalDateEnding": "2019-03-31", "updatedFromDate": "2023-06-02"}, {"date": "2019-04-26", "symbol": "9143.T", "eps": 9, "epsEstimated": 10.68, "time": "bmo", "revenue": 307861000000, "revenueEstimated": null, "fiscalDateEnding": "2019-01-26", "updatedFromDate": "2023-10-17"}, {"date": "2019-04-26", "symbol": "300010.SZ", "eps": 0.0329, "epsEstimated": null, "time": "bmo", "revenue": 468914316.59, "revenueEstimated": null, "fiscalDateEnding": "2019-03-30", "updatedFromDate": "2023-08-16"}, {"date": "2019-04-26", "symbol": "603859.SS", "eps": 0.08108, "epsEstimated": null, "time": "bmo", "revenue": 85647116.54, "revenueEstimated": null, "fiscalDateEnding": "2019-03-30", "updatedFromDate": "2023-05-17"}, {"date": "2019-04-26", "symbol": "AKRBP.OL", "eps": 0.22, "epsEstimated": 0.16, "time": "bmo", "revenue": 858105000, "revenueEstimated": null, "fiscalDateEnding": "2019-03-30", "updatedFromDate": "2023-05-17"}, {"date": "2019-04-26", "symbol": "6454.T", "eps": 31.1, "epsEstimated": null, "time": "bmo", "revenue": 17489000000, "revenueEstimated": null, "fiscalDateEnding": "2019-01-26", "updatedFromDate": "2023-10-17"}, {"date": "2019-04-26", "symbol": "3045.TW", "eps": 1.1, "epsEstimated": 1.13, "time": "bmo", "revenue": 29872673000, "revenueEstimated": null, "fiscalDateEnding": "2019-03-30", "updatedFromDate": "2023-05-17"}, {"date": "2019-04-26", "symbol": "600467.SS", "eps": 0.01885, "epsEstimated": null, "time": "bmo", "revenue": 328282992.93, "revenueEstimated": null, "fiscalDateEnding": "2019-06-29", "updatedFromDate": "2023-05-17"}, {"date": "2019-04-26", "symbol": "300463.SZ", "eps": 0.2145, "epsEstimated": null, "time": "bmo", "revenue": 722405473.48, "revenueEstimated": null, "fiscalDateEnding": "2019-03-30", "updatedFromDate": "2023-05-17"}, {"date": "2019-04-26", "symbol": "CMICF", "eps": null, "epsEstimated": null, "time": "bmo", "revenue": null, "revenueEstimated": null, "fiscalDateEnding": "2019-03-31", "updatedFromDate": "2023-05-17"}, {"date": "2019-04-26", "symbol": "9508.T", "eps": 7.2, "epsEstimated": 105.38, "time": "bmo", "revenue": 482676000000, "revenueEstimated": null, "fiscalDateEnding": "2019-01-26", "updatedFromDate": "2023-10-17"}, {"date": "2019-04-26", "symbol": "4739.T", "eps": 53.17, "epsEstimated": 54.14, "time": "bmo", "revenue": 116979000000, "revenueEstimated": null, "fiscalDateEnding": "2019-01-26", "updatedFromDate": "2023-10-17"}, {"date": "2019-04-26", "symbol": "300124.SZ", "eps": 0.08, "epsEstimated": 0.11, "time": "bmo", "revenue": 1099937381.46, "revenueEstimated": null, "fiscalDateEnding": "2019-03-30", "updatedFromDate": "2023-05-17"}, {"date": "2019-04-26", "symbol": "002126.SZ", "eps": 0.14, "epsEstimated": null, "time": "bmo", "revenue": 1388604575.34, "revenueEstimated": null, "fiscalDateEnding": "2019-03-30", "updatedFromDate": "2023-05-17"}, {"date": "2019-04-26", "symbol": "002515.SZ", "eps": 0.03, "epsEstimated": null, "time": "bmo", "revenue": 93869926.41, "revenueEstimated": null, "fiscalDateEnding": "2019-03-30", "updatedFromDate": "2023-05-17"}, {"date": "2019-04-26", "symbol": "VALMT.HE", "eps": 0.21, "epsEstimated": 0.19, "time": "bmo", "revenue": 686000000, "revenueEstimated": null, "fiscalDateEnding": "2019-03-30", "updatedFromDate": "2023-05-17"}, {"date": "2019-04-26", "symbol": "7296.T", "eps": 53.34, "epsEstimated": 71.7, "time": "bmo", "revenue": 42064000000, "revenueEstimated": null, "fiscalDateEnding": "2019-01-26", "updatedFromDate": "2023-10-17"}, {"date": "2019-04-26", "symbol": "8609.T", "eps": 21.03, "epsEstimated": null, "time": "bmo", "revenue": 18602000000, "revenueEstimated": null, "fiscalDateEnding": "2019-01-26", "updatedFromDate": "2023-10-17"}, {"date": "2019-04-26", "symbol": "600377.SS", "eps": 0.21, "epsEstimated": 0.19, "time": "bmo", "revenue": 2362097802, "revenueEstimated": null, "fiscalDateEnding": "2019-03-30", "updatedFromDate": "2023-05-17"}, {"date": "2019-04-26", "symbol": "002374.SZ", "eps": 0.0247, "epsEstimated": null, "time": "bmo", "revenue": 294983649.79, "revenueEstimated": null, "fiscalDateEnding": "2019-03-30", "updatedFromDate": "2023-05-17"}, {"date": "2019-04-26", "symbol": "002110.SZ", "eps": 0.392, "epsEstimated": null, "time": "bmo", "revenue": 8347109923.68, "revenueEstimated": null, "fiscalDateEnding": "2019-03-30", "updatedFromDate": "2023-05-17"}, {"date": "2019-04-26", "symbol": "MXC.WA", "eps": 0.313, "epsEstimated": null, "time": "bmo", "revenue": 30382000, "revenueEstimated": null, "fiscalDateEnding": "2019-03-30", "updatedFromDate": "2023-05-17"}, {"date": "2019-04-26", "symbol": "002528.SZ", "eps": 0.007, "epsEstimated": null, "time": "bmo", "revenue": 1034308984.55, "revenueEstimated": null, "fiscalDateEnding": "2019-03-30", "updatedFromDate": "2023-05-17"}, {"date": "2019-04-26", "symbol": "603088.SS", "eps": 0.03904, "epsEstimated": null, "time": "bmo", "revenue": 92855395.1, "revenueEstimated": null, "fiscalDateEnding": "2019-03-30", "updatedFromDate": "2023-05-17"}, {"date": "2019-04-26", "symbol": "6920.T", "eps": 4.97, "epsEstimated": null, "time": "bmo", "revenue": 5652674000, "revenueEstimated": null, "fiscalDateEnding": "2019-01-26", "updatedFromDate": "2023-10-17"}, {"date": "2019-04-26", "symbol": "OPBK", "eps": 0.23, "epsEstimated": 0.21, "time": "bmo", "revenue": 14381000, "revenueEstimated": 13130478.260869564, "fiscalDateEnding": "2019-03-30", "updatedFromDate": "2023-09-29"}, {"date": "2019-04-26", "symbol": "MCRNF", "eps": null, "epsEstimated": null, "time": "bmo", "revenue": null, "revenueEstimated": null, "fiscalDateEnding": "2019-06-30", "updatedFromDate": "2023-05-17"}, {"date": "2019-04-26", "symbol": "CEFC", "eps": 0.28, "epsEstimated": null, "time": "bmo", "revenue": null, "revenueEstimated": null, "fiscalDateEnding": "2019-03-31", "updatedFromDate": "2023-09-29"}, {"date": "2019-04-26", "symbol": "5726.T", "eps": 2.55, "epsEstimated": null, "time": "bmo", "revenue": 8943000000, "revenueEstimated": null, "fiscalDateEnding": "2019-01-26", "updatedFromDate": "2023-10-17"}, {"date": "2019-04-26", "symbol": "600280.SS", "eps": 0.004, "epsEstimated": null, "time": "bmo", "revenue": 2176837261, "revenueEstimated": null, "fiscalDateEnding": "2019-03-30", "updatedFromDate": "2023-05-17"}, {"date": "2019-04-26", "symbol": "300376.SZ", "eps": 0.04, "epsEstimated": null, "time": "bmo", "revenue": 780959188.64, "revenueEstimated": null, "fiscalDateEnding": "2019-03-30", "updatedFromDate": "2023-05-17"}, {"date": "2019-04-26", "symbol": "CTTRF", "eps": 0.51, "epsEstimated": -0.26, "time": "bmo", "revenue": null, "revenueEstimated": 3849019.607843137, "fiscalDateEnding": "2019-03-31", "updatedFromDate": "2023-05-17"}, {"date": "2019-04-26", "symbol": "9986.T", "eps": 24.92, "epsEstimated": null, "time": "bmo", "revenue": 1857304000, "revenueEstimated": null, "fiscalDateEnding": "2019-01-26", "updatedFromDate": "2023-10-17"}, {"date": "2019-04-26", "symbol": "8614.T", "eps": 0.44, "epsEstimated": null, "time": "bmo", "revenue": 2556000000, "revenueEstimated": null, "fiscalDateEnding": "2019-01-26", "updatedFromDate": "2023-10-17"}, {"date": "2019-04-26", "symbol": "PCB", "eps": 0.4, "epsEstimated": 0.4, "time": "bmo", "revenue": 19562000, "revenueEstimated": 19562000, "fiscalDateEnding": "2019-03-30", "updatedFromDate": "2023-09-29"}, {"date": "2019-04-26", "symbol": "3635.T", "eps": 31.79, "epsEstimated": 29.23, "time": "bmo", "revenue": 10112000000, "revenueEstimated": null, "fiscalDateEnding": "2019-01-26", "updatedFromDate": "2023-10-16"}, {"date": "2019-04-26", "symbol": "688088.SS", "eps": 0.08, "epsEstimated": null, "time": "bmo", "revenue": 126048068.98, "revenueEstimated": null, "fiscalDateEnding": "2019-03-30", "updatedFromDate": "2023-05-17"}, {"date": "2019-04-26", "symbol": "603567.SS", "eps": 0.1989, "epsEstimated": null, "time": "bmo", "revenue": 789382650.98, "revenueEstimated": null, "fiscalDateEnding": "2019-03-30", "updatedFromDate": "2023-05-17"}, {"date": "2019-04-26", "symbol": "603608.SS", "eps": 0.09, "epsEstimated": null, "time": "bmo", "revenue": 490991983, "revenueEstimated": null, "fiscalDateEnding": "2019-03-30", "updatedFromDate": "2023-05-17"}, {"date": "2019-04-26", "symbol": "5819.T", "eps": 33.15, "epsEstimated": null, "time": "bmo", "revenue": 2941270000, "revenueEstimated": null, "fiscalDateEnding": "2019-03-31", "updatedFromDate": "2023-10-16"}, {"date": "2019-04-26", "symbol": "DCR.WA", "eps": 0.668, "epsEstimated": null, "time": "bmo", "revenue": 79075000, "revenueEstimated": null, "fiscalDateEnding": "2019-06-29", "updatedFromDate": "2023-05-17"}, {"date": "2019-04-26", "symbol": "8697.T", "eps": 19.84, "epsEstimated": 19.71, "time": "bmo", "revenue": 30288000000, "revenueEstimated": null, "fiscalDateEnding": "2019-01-26", "updatedFromDate": "2023-10-17"}, {"date": "2019-04-26", "symbol": "GVA", "eps": -0.57, "epsEstimated": -0.22, "time": "bmo", "revenue": 619801000, "revenueEstimated": 167513783.78378373, "fiscalDateEnding": "2019-03-30", "updatedFromDate": "2023-09-29"}, {"date": "2019-04-26", "symbol": "603158.SS", "eps": 0.09446, "epsEstimated": null, "time": "bmo", "revenue": 220518819.06, "revenueEstimated": null, "fiscalDateEnding": "2019-01-26", "updatedFromDate": "2023-05-17"}, {"date": "2019-04-26", "symbol": "7600.T", "eps": 20.27, "epsEstimated": null, "time": "bmo", "revenue": 4724533000, "revenueEstimated": null, "fiscalDateEnding": "2019-01-26", "updatedFromDate": "2023-10-16"}, {"date": "2019-04-26", "symbol": "298020.KS", "eps": 5716, "epsEstimated": null, "time": "bmo", "revenue": 1410360158000, "revenueEstimated": null, "fiscalDateEnding": "2019-03-30", "updatedFromDate": "2023-05-17"}, {"date": "2019-04-26", "symbol": "LOGG3.SA", "eps": null, "epsEstimated": null, "time": "bmo", "revenue": null, "revenueEstimated": null, "fiscalDateEnding": "2019-03-31", "updatedFromDate": "2023-05-17"}, {"date": "2019-04-26", "symbol": "IROQ", "eps": 0.24, "epsEstimated": null, "time": "amc", "revenue": 5212000, "revenueEstimated": null, "fiscalDateEnding": "2019-03-30", "updatedFromDate": "2023-09-29"}, {"date": "2019-04-26", "symbol": "KIMBERA.MX", "eps": 0.38, "epsEstimated": 0.37, "time": "bmo", "revenue": null, "revenueEstimated": null, "fiscalDateEnding": "2019-03-31", "updatedFromDate": "2023-05-17"}, {"date": "2019-04-26", "symbol": "KOF", "eps": 0.64, "epsEstimated": 0.73, "time": "bmo", "revenue": 46248000000, "revenueEstimated": 46959507692, "fiscalDateEnding": "2019-03-31", "updatedFromDate": "2023-09-29"}, {"date": "2019-04-26", "symbol": "ALDOL.PA", "eps": null, "epsEstimated": null, "time": "bmo", "revenue": null, "revenueEstimated": null, "fiscalDateEnding": "2019-03-31", "updatedFromDate": "2023-05-17"}, {"date": "2019-04-26", "symbol": "4063.T", "eps": 158.43, "epsEstimated": 171.04, "time": "bmo", "revenue": 387469000000, "revenueEstimated": null, "fiscalDateEnding": "2019-01-26", "updatedFromDate": "2023-10-17"}, {"date": "2019-04-26", "symbol": "9009.T", "eps": 73.53, "epsEstimated": null, "time": "bmo", "revenue": 70356000000, "revenueEstimated": null, "fiscalDateEnding": "2019-01-26", "updatedFromDate": "2023-10-17"}, {"date": "2019-04-26", "symbol": "002167.SZ", "eps": 0.003, "epsEstimated": null, "time": "bmo", "revenue": 102828219.92, "revenueEstimated": null, "fiscalDateEnding": "2019-03-30", "updatedFromDate": "2023-05-17"}, {"date": "2019-04-26", "symbol": "9044.T", "eps": 53.76, "epsEstimated": null, "time": "bmo", "revenue": 58302000000, "revenueEstimated": null, "fiscalDateEnding": "2019-01-26", "updatedFromDate": "2023-10-17"}, {"date": "2019-04-26", "symbol": "000501.SZ", "eps": 0.38, "epsEstimated": null, "time": "bmo", "revenue": 4748552123.36, "revenueEstimated": null, "fiscalDateEnding": "2019-03-30", "updatedFromDate": "2023-05-17"}, {"date": "2019-04-26", "symbol": "000809.SZ", "eps": -0.035, "epsEstimated": null, "time": "bmo", "revenue": 3871063.44, "revenueEstimated": null, "fiscalDateEnding": "2019-03-30", "updatedFromDate": "2023-05-17"}, {"date": "2019-04-26", "symbol": "1946.T", "eps": 81.49, "epsEstimated": null, "time": "bmo", "revenue": 53314000000, "revenueEstimated": null, "fiscalDateEnding": "2019-01-26", "updatedFromDate": "2023-10-17"}, {"date": "2019-04-26", "symbol": "600132.SS", "eps": 0.18, "epsEstimated": null, "time": "bmo", "revenue": 833342018.01, "revenueEstimated": null, "fiscalDateEnding": "2019-03-30", "updatedFromDate": "2023-05-17"}, {"date": "2019-04-26", "symbol": "7224.T", "eps": 20.43, "epsEstimated": null, "time": "bmo", "revenue": 53924000000, "revenueEstimated": null, "fiscalDateEnding": "2019-01-26", "updatedFromDate": "2023-10-17"}, {"date": "2019-04-26", "symbol": "600983.SS", "eps": -0.02, "epsEstimated": null, "time": "bmo", "revenue": 1458794696.45, "revenueEstimated": null, "fiscalDateEnding": "2019-03-30", "updatedFromDate": "2023-05-17"}, {"date": "2019-04-26", "symbol": "TEM1V.HE", "eps": 0.01083, "epsEstimated": null, "time": "bmo", "revenue": 9500000, "revenueEstimated": null, "fiscalDateEnding": "2019-03-30", "updatedFromDate": "2023-05-17"}, {"date": "2019-04-26", "symbol": "CWBC", "eps": 0.18, "epsEstimated": null, "time": "bmo", "revenue": 8827000, "revenueEstimated": null, "fiscalDateEnding": "2019-03-30", "updatedFromDate": "2023-09-29"}, {"date": "2019-04-26", "symbol": "FRST", "eps": 0.37, "epsEstimated": 0.33, "time": "bmo", "revenue": 23405000, "revenueEstimated": 31698480, "fiscalDateEnding": "2019-03-30", "updatedFromDate": "2023-09-29"}, {"date": "2019-04-26", "symbol": "2327.T", "eps": 59.58, "epsEstimated": 57.49, "time": "bmo", "revenue": 48604000000, "revenueEstimated": null, "fiscalDateEnding": "2019-01-26", "updatedFromDate": "2023-10-17"}, {"date": "2019-04-26", "symbol": "2611.HK", "eps": 0.32, "epsEstimated": 0.41, "time": "bmo", "revenue": 6651978456, "revenueEstimated": null, "fiscalDateEnding": "2019-03-30", "updatedFromDate": "2023-05-17"}, {"date": "2019-04-26", "symbol": "6301.T", "eps": 76.59, "epsEstimated": 69.33, "time": "bmo", "revenue": 613957000000, "revenueEstimated": null, "fiscalDateEnding": "2019-01-26", "updatedFromDate": "2023-10-17"}, {"date": "2019-04-26", "symbol": "300468.SZ", "eps": null, "epsEstimated": null, "time": "bmo", "revenue": null, "revenueEstimated": null, "fiscalDateEnding": "2019-03-31", "updatedFromDate": "2023-05-17"}, {"date": "2019-04-26", "symbol": "8133.T", "eps": 36.3, "epsEstimated": null, "time": "bmo", "revenue": 232017000000, "revenueEstimated": null, "fiscalDateEnding": "2019-01-26", "updatedFromDate": "2023-10-17"}, {"date": "2019-04-26", "symbol": "600325.SS", "eps": 0.3988, "epsEstimated": null, "time": "bmo", "revenue": 7519163925.35, "revenueEstimated": null, "fiscalDateEnding": "2019-01-26", "updatedFromDate": "2023-05-17"}, {"date": "2019-04-26", "symbol": "6455.T", "eps": 33.22, "epsEstimated": null, "time": "bmo", "revenue": 20126000000, "revenueEstimated": null, "fiscalDateEnding": "2019-01-26", "updatedFromDate": "2023-10-17"}, {"date": "2019-04-26", "symbol": "6473.T", "eps": -8.96, "epsEstimated": 44.8, "time": "bmo", "revenue": 348855000000, "revenueEstimated": null, "fiscalDateEnding": "2019-01-26", "updatedFromDate": "2023-10-17"}, {"date": "2019-04-26", "symbol": "603351.SS", "eps": 0.3163, "epsEstimated": null, "time": "bmo", "revenue": 212735636.49, "revenueEstimated": null, "fiscalDateEnding": "2019-03-30", "updatedFromDate": "2023-05-17"}, {"date": "2019-04-26", "symbol": "603323.SS", "eps": 0.1273, "epsEstimated": null, "time": "bmo", "revenue": 856001000, "revenueEstimated": null, "fiscalDateEnding": "2019-03-30", "updatedFromDate": "2023-05-17"}, {"date": "2019-04-26", "symbol": "002665.SZ", "eps": 0.0102, "epsEstimated": null, "time": "bmo", "revenue": 103823519.94, "revenueEstimated": null, "fiscalDateEnding": "2019-03-30", "updatedFromDate": "2023-05-17"}, {"date": "2019-04-26", "symbol": "KOFUBL.MX", "eps": 1.22, "epsEstimated": 1.4, "time": "bmo", "revenue": null, "revenueEstimated": null, "fiscalDateEnding": "2019-03-31", "updatedFromDate": "2023-05-17"}, {"date": "2019-04-26", "symbol": "CFT.SW", "eps": 2.21, "epsEstimated": null, "time": "bmo", "revenue": 230999000, "revenueEstimated": null, "fiscalDateEnding": "2019-01-26", "updatedFromDate": "2023-05-17"}, {"date": "2019-04-26", "symbol": "600512.SS", "eps": 0.19, "epsEstimated": null, "time": "bmo", "revenue": 768493400.33, "revenueEstimated": null, "fiscalDateEnding": "2019-03-30", "updatedFromDate": "2023-05-17"}, {"date": "2019-04-26", "symbol": "AMTB", "eps": 0.32, "epsEstimated": 0.3, "time": "bmo", "revenue": 68036000, "revenueEstimated": 64305937.5, "fiscalDateEnding": "2019-03-30", "updatedFromDate": "2023-09-29"}, {"date": "2019-04-26", "symbol": "ALIG.ST", "eps": 1.86, "epsEstimated": 1.93, "time": "bmo", "revenue": 1143400000, "revenueEstimated": null, "fiscalDateEnding": "2019-01-26", "updatedFromDate": "2023-10-16"}, {"date": "2019-04-26", "symbol": "BBRI.JK", "eps": 66.79, "epsEstimated": 69.99, "time": "bmo", "revenue": 24233397000000, "revenueEstimated": null, "fiscalDateEnding": "2019-03-30", "updatedFromDate": "2023-05-17"}, {"date": "2019-04-26", "symbol": "9104.T", "eps": 56.69, "epsEstimated": 10.99, "time": "bmo", "revenue": 292919000000, "revenueEstimated": null, "fiscalDateEnding": "2019-01-26", "updatedFromDate": "2023-10-17"}, {"date": "2019-04-26", "symbol": "2410.T", "eps": 30.65, "epsEstimated": null, "time": "bmo", "revenue": 3080268000, "revenueEstimated": null, "fiscalDateEnding": "2019-03-30", "updatedFromDate": "2023-05-17"}, {"date": "2019-04-26", "symbol": "4248.T", "eps": 22.14, "epsEstimated": null, "time": "bmo", "revenue": 3859481000, "revenueEstimated": null, "fiscalDateEnding": "2019-01-26", "updatedFromDate": "2023-05-17"}, {"date": "2019-04-26", "symbol": "TBPMF", "eps": null, "epsEstimated": null, "time": "bmo", "revenue": null, "revenueEstimated": null, "fiscalDateEnding": "2019-03-31", "updatedFromDate": "2023-05-17"}, {"date": "2019-04-26", "symbol": "600227.SS", "eps": -0.0189, "epsEstimated": null, "time": "bmo", "revenue": 423395865.84, "revenueEstimated": null, "fiscalDateEnding": "2019-03-30", "updatedFromDate": "2023-05-17"}, {"date": "2019-04-26", "symbol": "DB", "eps": 0.1, "epsEstimated": 0.13, "time": "bmo", "revenue": 6274000000, "revenueEstimated": 7774769230, "fiscalDateEnding": "2019-03-31", "updatedFromDate": "2023-09-29"}, {"date": "2019-04-26", "symbol": "005070.KS", "eps": 78.72, "epsEstimated": null, "time": "bmo", "revenue": 52696245720, "revenueEstimated": null, "fiscalDateEnding": "2019-01-26", "updatedFromDate": "2023-05-17"}, {"date": "2019-04-26", "symbol": "8473.T", "eps": 37.33, "epsEstimated": null, "time": "bmo", "revenue": 93050000000, "revenueEstimated": null, "fiscalDateEnding": "2019-01-26", "updatedFromDate": "2023-10-17"}, {"date": "2019-04-26", "symbol": "9201.T", "eps": 126.71, "epsEstimated": 49.74, "time": "bmo", "revenue": 365393000000, "revenueEstimated": null, "fiscalDateEnding": "2019-01-26", "updatedFromDate": "2023-10-17"}, {"date": "2019-04-26", "symbol": "BTPNF", "eps": null, "epsEstimated": null, "time": "bmo", "revenue": null, "revenueEstimated": null, "fiscalDateEnding": "2019-03-31", "updatedFromDate": "2023-05-17"}, {"date": "2019-04-26", "symbol": "600993.SS", "eps": 0.31, "epsEstimated": 0.28, "time": "bmo", "revenue": 609962721.05, "revenueEstimated": null, "fiscalDateEnding": "2019-03-30", "updatedFromDate": "2023-05-17"}, {"date": "2019-04-26", "symbol": "KINV-B.ST", "eps": 49.78, "epsEstimated": null, "time": "bmo", "revenue": 13798000000, "revenueEstimated": null, "fiscalDateEnding": "2019-03-30", "updatedFromDate": "2023-05-17"}, {"date": "2019-04-26", "symbol": "YIT.HE", "eps": -0.17, "epsEstimated": -0.16, "time": "bmo", "revenue": 701600000, "revenueEstimated": null, "fiscalDateEnding": "2019-03-31", "updatedFromDate": "2023-05-17"}, {"date": "2019-04-26", "symbol": "ONZBF", "eps": 0.41, "epsEstimated": 0.39, "time": "bmo", "revenue": null, "revenueEstimated": null, "fiscalDateEnding": "2019-03-31", "updatedFromDate": "2023-05-17"}, {"date": "2019-04-26", "symbol": "600828.SS", "eps": 0.1947, "epsEstimated": null, "time": "bmo", "revenue": 3393448085.19, "revenueEstimated": null, "fiscalDateEnding": "2019-03-30", "updatedFromDate": "2023-05-17"}, {"date": "2019-04-26", "symbol": "3911.T", "eps": -14.88776, "epsEstimated": null, "time": "bmo", "revenue": 1362956000, "revenueEstimated": null, "fiscalDateEnding": "2019-01-26", "updatedFromDate": "2023-05-17"}, {"date": "2019-04-26", "symbol": "600062.SS", "eps": 0.32, "epsEstimated": 0.21, "time": "bmo", "revenue": 2632966213.66, "revenueEstimated": null, "fiscalDateEnding": "2019-03-30", "updatedFromDate": "2023-05-17"}, {"date": "2019-04-26", "symbol": "300248.SZ", "eps": 0.01, "epsEstimated": null, "time": "bmo", "revenue": 163998303.51, "revenueEstimated": null, "fiscalDateEnding": "2019-03-30", "updatedFromDate": "2023-05-17"}, {"date": "2019-04-26", "symbol": "002886.SZ", "eps": 0.02941, "epsEstimated": null, "time": "bmo", "revenue": 166909048.73, "revenueEstimated": null, "fiscalDateEnding": "2019-03-30", "updatedFromDate": "2023-05-17"}, {"date": "2019-04-26", "symbol": "6770.T", "eps": -28.65, "epsEstimated": -8.68, "time": "bmo", "revenue": 204758000000, "revenueEstimated": null, "fiscalDateEnding": "2019-01-26", "updatedFromDate": "2023-10-17"}, {"date": "2019-04-26", "symbol": "DBMBF", "eps": 0.35, "epsEstimated": 0.62, "time": "bmo", "revenue": null, "revenueEstimated": null, "fiscalDateEnding": "2019-03-31", "updatedFromDate": "2023-05-17"}, {"date": "2019-04-26", "symbol": "1942.T", "eps": 22.18, "epsEstimated": null, "time": "bmo", "revenue": 148985000000, "revenueEstimated": null, "fiscalDateEnding": "2019-01-26", "updatedFromDate": "2023-10-17"}, {"date": "2019-04-26", "symbol": "002433.SZ", "eps": 0.05, "epsEstimated": null, "time": "bmo", "revenue": 804364222.1, "revenueEstimated": null, "fiscalDateEnding": "2019-03-30", "updatedFromDate": "2023-05-17"}, {"date": "2019-04-26", "symbol": "KGSDF", "eps": 0.59, "epsEstimated": 1.14, "time": "bmo", "revenue": null, "revenueEstimated": null, "fiscalDateEnding": "2019-03-31", "updatedFromDate": "2023-05-17"}, {"date": "2019-04-26", "symbol": "6758.T", "eps": 70.32, "epsEstimated": 37.55, "time": "bmo", "revenue": 2463162000000, "revenueEstimated": null, "fiscalDateEnding": "2019-01-26", "updatedFromDate": "2023-10-16"}, {"date": "2019-04-26", "symbol": "300749.SZ", "eps": null, "epsEstimated": null, "time": "bmo", "revenue": null, "revenueEstimated": null, "fiscalDateEnding": "2019-03-31", "updatedFromDate": "2023-05-17"}, {"date": "2019-04-26", "symbol": "9672.T", "eps": 27.19, "epsEstimated": 26.26, "time": "bmo", "revenue": 4989365000, "revenueEstimated": null, "fiscalDateEnding": "2019-03-30", "updatedFromDate": "2023-05-17"}, {"date": "2019-04-26", "symbol": "GUOSF", "eps": 0.32, "epsEstimated": 0.41, "time": "bmo", "revenue": null, "revenueEstimated": null, "fiscalDateEnding": "2019-03-31", "updatedFromDate": "2023-05-17"}, {"date": "2019-04-26", "symbol": "002551.SZ", "eps": 0.04, "epsEstimated": null, "time": "bmo", "revenue": 353070277.05, "revenueEstimated": null, "fiscalDateEnding": "2019-03-30", "updatedFromDate": "2023-05-17"}, {"date": "2019-04-26", "symbol": "600795.SS", "eps": 0.07, "epsEstimated": 0.03403, "time": "bmo", "revenue": 26903886722.83, "revenueEstimated": null, "fiscalDateEnding": "2019-01-26", "updatedFromDate": "2023-05-17"}, {"date": "2019-04-26", "symbol": "600348.SS", "eps": 0.222, "epsEstimated": null, "time": "bmo", "revenue": 7437170598.74, "revenueEstimated": null, "fiscalDateEnding": "2019-01-26", "updatedFromDate": "2023-05-17"}, {"date": "2019-04-26", "symbol": "000888.SZ", "eps": 0.04, "epsEstimated": 0.0049, "time": "bmo", "revenue": 255302945.02, "revenueEstimated": null, "fiscalDateEnding": "2019-03-30", "updatedFromDate": "2023-05-17"}, {"date": "2019-04-26", "symbol": "300433.SZ", "eps": -0.02, "epsEstimated": 0.07, "time": "bmo", "revenue": 4806629496.33, "revenueEstimated": null, "fiscalDateEnding": "2019-03-30", "updatedFromDate": "2023-05-17"}, {"date": "2019-04-26", "symbol": "8096.T", "eps": 97.66, "epsEstimated": null, "time": "bmo", "revenue": 22802393000, "revenueEstimated": null, "fiscalDateEnding": "2019-03-30", "updatedFromDate": "2023-05-17"}, {"date": "2019-04-26", "symbol": "000678.SZ", "eps": -0.028, "epsEstimated": null, "time": "bmo", "revenue": 338337384.63, "revenueEstimated": null, "fiscalDateEnding": "2019-03-30", "updatedFromDate": "2023-05-17"}, {"date": "2019-04-26", "symbol": "LYB", "eps": 2.22, "epsEstimated": 2.19, "time": "bmo", "revenue": 8778000000, "revenueEstimated": 8659378378.378378, "fiscalDateEnding": "2019-03-30", "updatedFromDate": "2023-09-29"}, {"date": "2019-04-26", "symbol": "603899.SS", "eps": 0.28, "epsEstimated": 0.23, "time": "bmo", "revenue": 2483009195.91, "revenueEstimated": null, "fiscalDateEnding": "2019-01-26", "updatedFromDate": "2023-05-17"}, {"date": "2019-04-26", "symbol": "603639.SS", "eps": 0.2092, "epsEstimated": null, "time": "bmo", "revenue": 601662147.59, "revenueEstimated": null, "fiscalDateEnding": "2019-03-30", "updatedFromDate": "2023-05-17"}, {"date": "2019-04-26", "symbol": "8613.T", "eps": 7.29, "epsEstimated": null, "time": "bmo", "revenue": 4548000000, "revenueEstimated": null, "fiscalDateEnding": "2019-01-26", "updatedFromDate": "2023-10-17"}, {"date": "2019-04-26", "symbol": "300059.SZ", "eps": 0.05, "epsEstimated": 0.05, "time": "bmo", "revenue": 489477684.86, "revenueEstimated": null, "fiscalDateEnding": "2019-03-30", "updatedFromDate": "2023-05-17"}, {"date": "2019-04-26", "symbol": "CTTAF", "eps": 2.88, "epsEstimated": 2.88, "time": "bmo", "revenue": null, "revenueEstimated": null, "fiscalDateEnding": "2019-03-31", "updatedFromDate": "2023-05-17"}, {"date": "2019-04-26", "symbol": "002003.SZ", "eps": 0.03, "epsEstimated": null, "time": "bmo", "revenue": 513243816.62, "revenueEstimated": null, "fiscalDateEnding": "2019-03-30", "updatedFromDate": "2023-05-17"}, {"date": "2019-04-26", "symbol": "CIGI.TO", "eps": 0.51, "epsEstimated": 0.62, "time": "bmo", "revenue": 635123000, "revenueEstimated": null, "fiscalDateEnding": "2019-03-31", "updatedFromDate": "2023-10-16"}, {"date": "2019-04-26", "symbol": "603079.SS", "eps": 0.1307, "epsEstimated": null, "time": "bmo", "revenue": 129740341.28, "revenueEstimated": null, "fiscalDateEnding": "2019-06-29", "updatedFromDate": "2023-05-17"}, {"date": "2019-04-26", "symbol": "SRV1V.HE", "eps": 0.06, "epsEstimated": 0.01282, "time": "bmo", "revenue": 222600000, "revenueEstimated": null, "fiscalDateEnding": "2019-03-30", "updatedFromDate": "2023-05-17"}, {"date": "2019-04-26", "symbol": "AKBTY", "eps": 0.1, "epsEstimated": null, "time": "bmo", "revenue": 5288535000, "revenueEstimated": null, "fiscalDateEnding": "2019-03-31", "updatedFromDate": "2023-09-29"}, {"date": "2019-04-26", "symbol": "CLA-B.ST", "eps": 0.35, "epsEstimated": 0.35, "time": "bmo", "revenue": 1559000000, "revenueEstimated": null, "fiscalDateEnding": "2019-03-31", "updatedFromDate": "2023-10-16"}, {"date": "2019-04-26", "symbol": "9919.T", "eps": 11.42, "epsEstimated": null, "time": "bmo", "revenue": 32202291000, "revenueEstimated": null, "fiscalDateEnding": "2019-01-26", "updatedFromDate": "2023-10-17"}, {"date": "2019-04-26", "symbol": "SIEVI.HE", "eps": null, "epsEstimated": null, "time": "bmo", "revenue": null, "revenueEstimated": null, "fiscalDateEnding": "2019-01-26", "updatedFromDate": "2023-05-17"}, {"date": "2019-04-26", "symbol": "002457.SZ", "eps": 0.0037, "epsEstimated": null, "time": "bmo", "revenue": 177991911.43, "revenueEstimated": null, "fiscalDateEnding": "2019-03-30", "updatedFromDate": "2023-05-17"}, {"date": "2019-04-26", "symbol": "002237.SZ", "eps": 0.12, "epsEstimated": null, "time": "bmo", "revenue": 5855543210.33, "revenueEstimated": null, "fiscalDateEnding": "2019-03-30", "updatedFromDate": "2023-05-17"}, {"date": "2019-04-26", "symbol": "002481.SZ", "eps": 0.03, "epsEstimated": null, "time": "bmo", "revenue": 360693583.6, "revenueEstimated": null, "fiscalDateEnding": "2019-03-30", "updatedFromDate": "2023-05-17"}, {"date": "2019-04-26", "symbol": "AN", "eps": 1.01, "epsEstimated": 0.91, "time": "bmo", "revenue": 4981800000, "revenueEstimated": 4488552475.247525, "fiscalDateEnding": "2019-03-30", "updatedFromDate": "2023-09-29"}, {"date": "2019-04-26", "symbol": "6794.T", "eps": -32.60921, "epsEstimated": null, "time": "bmo", "revenue": 29132000000, "revenueEstimated": null, "fiscalDateEnding": "2019-01-26", "updatedFromDate": "2023-10-17"}, {"date": "2019-04-26", "symbol": "JM.ST", "eps": 3.3, "epsEstimated": 4.39, "time": "bmo", "revenue": 3599000000, "revenueEstimated": null, "fiscalDateEnding": "2019-03-30", "updatedFromDate": "2023-05-17"}, {"date": "2019-04-26", "symbol": "8359.T", "eps": 14.57, "epsEstimated": null, "time": "bmo", "revenue": 35569000000, "revenueEstimated": null, "fiscalDateEnding": "2019-01-26", "updatedFromDate": "2023-10-17"}, {"date": "2019-04-26", "symbol": "002100.SZ", "eps": 0.03, "epsEstimated": null, "time": "bmo", "revenue": 1204813855.9, "revenueEstimated": null, "fiscalDateEnding": "2019-03-30", "updatedFromDate": "2023-05-17"}, {"date": "2019-04-26", "symbol": "TREE", "eps": 1.1, "epsEstimated": 1.26, "time": "bmo", "revenue": 262390000, "revenueEstimated": 291014363.63636357, "fiscalDateEnding": "2019-03-30", "updatedFromDate": "2023-09-29"}, {"date": "2019-04-26", "symbol": "603679.SS", "eps": 0.1643, "epsEstimated": null, "time": "bmo", "revenue": 132266012.7, "revenueEstimated": null, "fiscalDateEnding": "2019-03-30", "updatedFromDate": "2023-05-17"}, {"date": "2019-04-26", "symbol": "MOG.A", "eps": 1.2, "epsEstimated": 1.29, "time": "bmo", "revenue": null, "revenueEstimated": null, "fiscalDateEnding": "2019-03-31", "updatedFromDate": "2023-09-29"}, {"date": "2019-04-26", "symbol": "9008.T", "eps": 69.09, "epsEstimated": null, "time": "bmo", "revenue": 112157000000, "revenueEstimated": null, "fiscalDateEnding": "2019-01-26", "updatedFromDate": "2023-10-17"}, {"date": "2019-04-26", "symbol": "TMP", "eps": 1.37, "epsEstimated": 1.29, "time": "bmo", "revenue": 71321000, "revenueEstimated": 67156270.0729927, "fiscalDateEnding": "2019-03-30", "updatedFromDate": "2023-09-29"}, {"date": "2019-04-26", "symbol": "002228.SZ", "eps": 0.05744, "epsEstimated": null, "time": "bmo", "revenue": 2608694788, "revenueEstimated": null, "fiscalDateEnding": "2019-01-26", "updatedFromDate": "2023-05-17"}, {"date": "2019-04-26", "symbol": "JMT.LS", "eps": 0.12, "epsEstimated": 0.13, "time": "bmo", "revenue": 4247103000, "revenueEstimated": null, "fiscalDateEnding": "2019-03-30", "updatedFromDate": "2023-05-17"}, {"date": "2019-04-26", "symbol": "4205.T", "eps": 23.42, "epsEstimated": null, "time": "bmo", "revenue": 79195000000, "revenueEstimated": null, "fiscalDateEnding": "2019-01-26", "updatedFromDate": "2023-10-17"}, {"date": "2019-04-26", "symbol": "000802.SZ", "eps": -0.04, "epsEstimated": null, "time": "bmo", "revenue": 34842184.23, "revenueEstimated": null, "fiscalDateEnding": "2019-03-30", "updatedFromDate": "2023-05-17"}, {"date": "2019-04-26", "symbol": "EQV1V.HE", "eps": 0.1, "epsEstimated": 0.12, "time": "bmo", "revenue": 11489000, "revenueEstimated": null, "fiscalDateEnding": "2019-03-30", "updatedFromDate": "2023-05-17"}, {"date": "2019-04-26", "symbol": "600779.SS", "eps": 0.45, "epsEstimated": 0.42, "time": "bmo", "revenue": 929785693.07, "revenueEstimated": null, "fiscalDateEnding": "2019-03-30", "updatedFromDate": "2023-08-16"}, {"date": "2019-04-26", "symbol": "JCYCF", "eps": 0.51, "epsEstimated": 0.55, "time": "bmo", "revenue": null, "revenueEstimated": null, "fiscalDateEnding": "2019-03-31", "updatedFromDate": "2023-05-17"}, {"date": "2019-04-26", "symbol": "601828.SS", "eps": null, "epsEstimated": null, "time": "bmo", "revenue": null, "revenueEstimated": null, "fiscalDateEnding": "2019-01-26", "updatedFromDate": "2023-05-17"}, {"date": "2019-04-26", "symbol": "SCR.PA", "eps": 0.71, "epsEstimated": 0.68, "time": "bmo", "revenue": 15028000000, "revenueEstimated": null, "fiscalDateEnding": "2019-01-26", "updatedFromDate": "2023-05-17"}, {"date": "2019-04-26", "symbol": "600141.SS", "eps": 0.045, "epsEstimated": null, "time": "bmo", "revenue": 4353878823.05, "revenueEstimated": null, "fiscalDateEnding": "2019-03-30", "updatedFromDate": "2023-05-17"}, {"date": "2019-04-26", "symbol": "CCB", "eps": 0.23, "epsEstimated": 0.23, "time": "bmo", "revenue": 11751000, "revenueEstimated": 11751000, "fiscalDateEnding": "2019-03-30", "updatedFromDate": "2023-09-29"}, {"date": "2019-04-26", "symbol": "200596.SZ", "eps": 1.56, "epsEstimated": null, "time": "bmo", "revenue": 3668502474.92, "revenueEstimated": null, "fiscalDateEnding": "2019-03-30", "updatedFromDate": "2023-05-17"}, {"date": "2019-04-26", "symbol": "SDGMF", "eps": 0.12, "epsEstimated": 0.16, "time": "bmo", "revenue": null, "revenueEstimated": null, "fiscalDateEnding": "2019-03-31", "updatedFromDate": "2023-05-17"}, {"date": "2019-04-26", "symbol": "8160.T", "eps": 35.13, "epsEstimated": null, "time": "bmo", "revenue": 12851000000, "revenueEstimated": null, "fiscalDateEnding": "2019-01-26", "updatedFromDate": "2023-10-17"}, {"date": "2019-04-26", "symbol": "002112.SZ", "eps": 0.0026, "epsEstimated": null, "time": "bmo", "revenue": 159921466.58, "revenueEstimated": null, "fiscalDateEnding": "2019-03-30", "updatedFromDate": "2023-05-17"}, {"date": "2019-04-26", "symbol": "600360.SS", "eps": 0.02, "epsEstimated": null, "time": "bmo", "revenue": 366321906.44, "revenueEstimated": null, "fiscalDateEnding": "2019-03-30", "updatedFromDate": "2023-05-17"}, {"date": "2019-04-26", "symbol": "ARD", "eps": 0.35, "epsEstimated": 0.32, "time": "bmo", "revenue": 2220000000, "revenueEstimated": 2029714285.7142859, "fiscalDateEnding": "2019-03-30", "updatedFromDate": "2023-05-17"}, {"date": "2019-04-26", "symbol": "POR", "eps": 0.82, "epsEstimated": 0.78, "time": "bmo", "revenue": 573000000, "revenueEstimated": 545048780.4878049, "fiscalDateEnding": "2019-03-30", "updatedFromDate": "2023-09-29"}, {"date": "2019-04-26", "symbol": "600675.SS", "eps": 0.215, "epsEstimated": null, "time": "bmo", "revenue": 6772635191.61, "revenueEstimated": null, "fiscalDateEnding": "2019-03-30", "updatedFromDate": "2023-05-17"}, {"date": "2019-04-26", "symbol": "601886.SS", "eps": 0.1, "epsEstimated": null, "time": "bmo", "revenue": 3053378363.39, "revenueEstimated": null, "fiscalDateEnding": "2019-03-30", "updatedFromDate": "2023-05-17"}, {"date": "2019-04-26", "symbol": "OGKB.ME", "eps": 0.05903, "epsEstimated": null, "time": "bmo", "revenue": 37538079000, "revenueEstimated": null, "fiscalDateEnding": "2019-03-30", "updatedFromDate": "2023-05-17"}, {"date": "2019-04-26", "symbol": "600933.SS", "eps": 0.11, "epsEstimated": null, "time": "bmo", "revenue": 628879355.15, "revenueEstimated": null, "fiscalDateEnding": "2019-03-30", "updatedFromDate": "2023-05-17"}, {"date": "2019-04-26", "symbol": "002712.SZ", "eps": 0.21, "epsEstimated": null, "time": "bmo", "revenue": 1029042829.18, "revenueEstimated": null, "fiscalDateEnding": "2019-03-30", "updatedFromDate": "2023-05-17"}, {"date": "2019-04-26", "symbol": "BWEN", "eps": -0.07, "epsEstimated": -0.12, "time": "bmo", "revenue": 41660000, "revenueEstimated": 47611428.57142857, "fiscalDateEnding": "2019-03-30", "updatedFromDate": "2023-09-29"}, {"date": "2019-04-26", "symbol": "600528.SS", "eps": 0.2237, "epsEstimated": null, "time": "bmo", "revenue": 4645503213.38, "revenueEstimated": null, "fiscalDateEnding": "2019-01-26", "updatedFromDate": "2023-05-17"}, {"date": "2019-04-26", "symbol": "PFS", "eps": 0.48, "epsEstimated": 0.46, "time": "bmo", "revenue": 87195000, "revenueEstimated": 83561875, "fiscalDateEnding": "2019-03-30", "updatedFromDate": "2023-09-29"}, {"date": "2019-04-26", "symbol": "002076.SZ", "eps": -0.21794, "epsEstimated": null, "time": "bmo", "revenue": 77050517.39, "revenueEstimated": null, "fiscalDateEnding": "2019-06-29", "updatedFromDate": "2023-05-17"}, {"date": "2019-04-26", "symbol": "603123.SS", "eps": 0.085, "epsEstimated": null, "time": "bmo", "revenue": 1328871535.52, "revenueEstimated": null, "fiscalDateEnding": "2019-03-30", "updatedFromDate": "2023-05-17"}, {"date": "2019-04-26", "symbol": "002431.SZ", "eps": -0.11, "epsEstimated": null, "time": "bmo", "revenue": 441958706.25, "revenueEstimated": null, "fiscalDateEnding": "2019-03-30", "updatedFromDate": "2023-05-17"}, {"date": "2019-04-26", "symbol": "8285.T", "eps": 7.29, "epsEstimated": null, "time": "bmo", "revenue": 17989000000, "revenueEstimated": null, "fiscalDateEnding": "2019-01-26", "updatedFromDate": "2023-10-17"}, {"date": "2019-04-26", "symbol": "2335.T", "eps": 11.11, "epsEstimated": null, "time": "bmo", "revenue": 3463803000, "revenueEstimated": null, "fiscalDateEnding": "2019-01-26", "updatedFromDate": "2023-10-17"}, {"date": "2019-04-26", "symbol": "300688.SZ", "eps": null, "epsEstimated": null, "time": "bmo", "revenue": null, "revenueEstimated": null, "fiscalDateEnding": "2019-03-31", "updatedFromDate": "2023-05-17"}, {"date": "2019-04-26", "symbol": "7897.T", "eps": 2.02, "epsEstimated": null, "time": "bmo", "revenue": 2757481000, "revenueEstimated": null, "fiscalDateEnding": "2019-01-26", "updatedFromDate": "2023-10-17"}, {"date": "2019-04-26", "symbol": "086280.KS", "eps": 2827, "epsEstimated": 3283.42, "time": "bmo", "revenue": 4220836402000, "revenueEstimated": null, "fiscalDateEnding": "2019-03-30", "updatedFromDate": "2023-05-17"}, {"date": "2019-04-26", "symbol": "HELE", "eps": 1.82, "epsEstimated": 1.58, "time": "bmo", "revenue": 384843000, "revenueEstimated": 334094472.52747256, "fiscalDateEnding": "2019-02-27", "updatedFromDate": "2023-09-29"}, {"date": "2019-04-26", "symbol": "1945.T", "eps": 15.44, "epsEstimated": null, "time": "bmo", "revenue": 16450000000, "revenueEstimated": null, "fiscalDateEnding": "2019-01-26", "updatedFromDate": "2023-10-17"}, {"date": "2019-04-26", "symbol": "000920.SZ", "eps": 0.0616, "epsEstimated": null, "time": "bmo", "revenue": 229144026.01, "revenueEstimated": null, "fiscalDateEnding": "2019-03-30", "updatedFromDate": "2023-05-17"}, {"date": "2019-04-26", "symbol": "600166.SS", "eps": 0.012, "epsEstimated": null, "time": "bmo", "revenue": 14143992698.62, "revenueEstimated": null, "fiscalDateEnding": "2019-03-30", "updatedFromDate": "2023-05-17"}, {"date": "2019-04-26", "symbol": "300113.SZ", "eps": 0.17, "epsEstimated": null, "time": "bmo", "revenue": 333406535.78, "revenueEstimated": null, "fiscalDateEnding": "2019-01-26", "updatedFromDate": "2023-05-17"}, {"date": "2019-04-26", "symbol": "601611.SS", "eps": 0.07, "epsEstimated": null, "time": "bmo", "revenue": 13792318130.03, "revenueEstimated": null, "fiscalDateEnding": "2019-03-30", "updatedFromDate": "2023-05-17"}, {"date": "2019-04-26", "symbol": "002709.SZ", "eps": 0.01471, "epsEstimated": null, "time": "bmo", "revenue": 543928122.15, "revenueEstimated": null, "fiscalDateEnding": "2019-03-30", "updatedFromDate": "2023-05-17"}, {"date": "2019-04-26", "symbol": "300459.SZ", "eps": 0.07, "epsEstimated": null, "time": "bmo", "revenue": null, "revenueEstimated": null, "fiscalDateEnding": "2019-03-31", "updatedFromDate": "2023-05-17"}, {"date": "2019-04-26", "symbol": "601908.SS", "eps": -0.00639, "epsEstimated": null, "time": "bmo", "revenue": 315139980.03, "revenueEstimated": null, "fiscalDateEnding": "2019-03-30", "updatedFromDate": "2023-05-17"}, {"date": "2019-04-26", "symbol": "600667.SS", "eps": 0.05, "epsEstimated": null, "time": "bmo", "revenue": 3807543549.66, "revenueEstimated": null, "fiscalDateEnding": "2019-03-30", "updatedFromDate": "2023-05-17"}, {"date": "2019-04-26", "symbol": "COG", "eps": 0.73, "epsEstimated": 0.63, "time": "bmo", "revenue": 641681000, "revenueEstimated": 553779493.150685, "fiscalDateEnding": "2019-03-30", "updatedFromDate": "2023-05-17"}, {"date": "2019-04-26", "symbol": "000860.SZ", "eps": 0.2958, "epsEstimated": null, "time": "bmo", "revenue": 3650840988.67, "revenueEstimated": null, "fiscalDateEnding": "2019-01-26", "updatedFromDate": "2023-05-17"}, {"date": "2019-04-26", "symbol": "600809.SS", "eps": 1.01, "epsEstimated": 1.11, "time": "bmo", "revenue": 4057608638.09, "revenueEstimated": null, "fiscalDateEnding": "2019-03-30", "updatedFromDate": "2023-08-16"}, {"date": "2019-04-26", "symbol": "000600.SZ", "eps": 0.175, "epsEstimated": null, "time": "bmo", "revenue": 4069721111.37, "revenueEstimated": null, "fiscalDateEnding": "2019-03-30", "updatedFromDate": "2023-05-17"}, {"date": "2019-04-26", "symbol": "000878.SZ", "eps": 0.1025, "epsEstimated": null, "time": "bmo", "revenue": 11412457870.33, "revenueEstimated": null, "fiscalDateEnding": "2019-03-30", "updatedFromDate": "2023-05-17"}, {"date": "2019-04-26", "symbol": "SO.MI", "eps": null, "epsEstimated": null, "time": "bmo", "revenue": null, "revenueEstimated": null, "fiscalDateEnding": "2019-03-31", "updatedFromDate": "2023-05-17"}, {"date": "2019-04-26", "symbol": "2175.T", "eps": 21, "epsEstimated": 16.58, "time": "bmo", "revenue": 7672000000, "revenueEstimated": null, "fiscalDateEnding": "2019-01-26", "updatedFromDate": "2023-10-17"}, {"date": "2019-04-26", "symbol": "6501.T", "eps": 144.9, "epsEstimated": 124.45, "time": "bmo", "revenue": 2122854000000, "revenueEstimated": null, "fiscalDateEnding": "2019-01-26", "updatedFromDate": "2023-10-17"}, {"date": "2019-04-26", "symbol": "600588.SS", "eps": 0.02, "epsEstimated": -0.05, "time": "bmo", "revenue": 1252286078, "revenueEstimated": null, "fiscalDateEnding": "2019-03-30", "updatedFromDate": "2023-05-17"}, {"date": "2019-04-26", "symbol": "002901.SZ", "eps": 0.21, "epsEstimated": null, "time": "bmo", "revenue": 217501203.83, "revenueEstimated": null, "fiscalDateEnding": "2019-03-30", "updatedFromDate": "2023-05-17"}, {"date": "2019-04-26", "symbol": "9007.T", "eps": 13.85, "epsEstimated": null, "time": "bmo", "revenue": 131453000000, "revenueEstimated": null, "fiscalDateEnding": "2019-01-26", "updatedFromDate": "2023-10-17"}, {"date": "2019-04-26", "symbol": "JLFNF", "eps": null, "epsEstimated": null, "time": "bmo", "revenue": null, "revenueEstimated": null, "fiscalDateEnding": "2019-03-31", "updatedFromDate": "2023-05-17"}, {"date": "2019-04-26", "symbol": "FMAO", "eps": 0.38, "epsEstimated": 0.46, "time": "bmo", "revenue": 15010000, "revenueEstimated": 18729263.157894738, "fiscalDateEnding": "2019-03-30", "updatedFromDate": "2023-09-29"}, {"date": "2019-04-26", "symbol": "DBSDY", "eps": 1.91, "epsEstimated": null, "time": "bmo", "revenue": 3551000000, "revenueEstimated": null, "fiscalDateEnding": "2019-03-31", "updatedFromDate": "2023-09-29"}, {"date": "2019-04-26", "symbol": "9064.T", "eps": -44.41, "epsEstimated": -8.84, "time": "bmo", "revenue": 457598000000, "revenueEstimated": null, "fiscalDateEnding": "2019-01-26", "updatedFromDate": "2023-10-17"}, {"date": "2019-04-26", "symbol": "7732.T", "eps": 38.01, "epsEstimated": 39.4, "time": "bmo", "revenue": 31197000000, "revenueEstimated": null, "fiscalDateEnding": "2019-01-26", "updatedFromDate": "2023-10-17"}, {"date": "2019-04-26", "symbol": "HLEE.SW", "eps": 0.523, "epsEstimated": null, "time": "bmo", "revenue": 126151500, "revenueEstimated": null, "fiscalDateEnding": "2019-01-26", "updatedFromDate": "2023-05-17"}, {"date": "2019-04-26", "symbol": "GT", "eps": 0.19, "epsEstimated": 0.05, "time": "bmo", "revenue": 3598000000, "revenueEstimated": 1136210526.3157895, "fiscalDateEnding": "2019-03-30", "updatedFromDate": "2023-09-29"}, {"date": "2019-04-26", "symbol": "BOTJ", "eps": 0.25, "epsEstimated": null, "time": "bmo", "revenue": 7222000, "revenueEstimated": null, "fiscalDateEnding": "2019-03-30", "updatedFromDate": "2023-09-29"}, {"date": "2019-04-26", "symbol": "000019.SZ", "eps": 0.07103, "epsEstimated": null, "time": "bmo", "revenue": 2211541584.46, "revenueEstimated": null, "fiscalDateEnding": "2019-06-29", "updatedFromDate": "2023-05-17"}, {"date": "2019-04-26", "symbol": "300382.SZ", "eps": 0.04, "epsEstimated": null, "time": "bmo", "revenue": 190132414.23, "revenueEstimated": null, "fiscalDateEnding": "2019-03-30", "updatedFromDate": "2023-05-17"}, {"date": "2019-04-26", "symbol": "300681.SZ", "eps": null, "epsEstimated": null, "time": "bmo", "revenue": null, "revenueEstimated": null, "fiscalDateEnding": "2019-03-31", "updatedFromDate": "2023-05-17"}, {"date": "2019-04-26", "symbol": "9438.T", "eps": 5.81, "epsEstimated": null, "time": "bmo", "revenue": 7070601000, "revenueEstimated": null, "fiscalDateEnding": "2019-03-30", "updatedFromDate": "2023-05-17"}, {"date": "2019-04-26", "symbol": "000429.SZ", "eps": 0.17, "epsEstimated": null, "time": "bmo", "revenue": 736437257.6, "revenueEstimated": null, "fiscalDateEnding": "2019-03-30", "updatedFromDate": "2023-05-17"}, {"date": "2019-04-26", "symbol": "HSPG.OL", "eps": 24.62, "epsEstimated": null, "time": "bmo", "revenue": 43850000, "revenueEstimated": null, "fiscalDateEnding": "2019-01-26", "updatedFromDate": "2023-05-17"}, {"date": "2019-04-26", "symbol": "ACGBF", "eps": 0.17, "epsEstimated": 0.2, "time": "bmo", "revenue": null, "revenueEstimated": null, "fiscalDateEnding": "2019-03-31", "updatedFromDate": "2023-05-17"}, {"date": "2019-04-26", "symbol": "002047.SZ", "eps": 0.06, "epsEstimated": null, "time": "bmo", "revenue": 1481647499.54, "revenueEstimated": null, "fiscalDateEnding": "2019-03-30", "updatedFromDate": "2023-05-17"}, {"date": "2019-04-26", "symbol": "VTR", "eps": 0.36, "epsEstimated": 0.31, "time": "bmo", "revenue": 942874000, "revenueEstimated": 835116971.4285715, "fiscalDateEnding": "2019-03-30", "updatedFromDate": "2023-09-29"}, {"date": "2019-04-26", "symbol": "ACR.OL", "eps": 0.01, "epsEstimated": 0.02834, "time": "bmo", "revenue": null, "revenueEstimated": null, "fiscalDateEnding": "2019-03-31", "updatedFromDate": "2023-05-17"}, {"date": "2019-04-26", "symbol": "002314.SZ", "eps": -0.0482, "epsEstimated": null, "time": "bmo", "revenue": 603422054.42, "revenueEstimated": null, "fiscalDateEnding": "2019-03-30", "updatedFromDate": "2023-05-17"}, {"date": "2019-04-26", "symbol": "000700.SZ", "eps": 0.07, "epsEstimated": null, "time": "bmo", "revenue": 1286899439.11, "revenueEstimated": null, "fiscalDateEnding": "2019-03-30", "updatedFromDate": "2023-05-17"}, {"date": "2019-04-26", "symbol": "2309.T", "eps": 53.84, "epsEstimated": null, "time": "bmo", "revenue": 19234000000, "revenueEstimated": null, "fiscalDateEnding": "2019-03-30", "updatedFromDate": "2023-05-17"}, {"date": "2019-04-26", "symbol": "6823.T", "eps": 25.77, "epsEstimated": null, "time": "bmo", "revenue": 5017508000, "revenueEstimated": null, "fiscalDateEnding": "2019-01-26", "updatedFromDate": "2023-10-17"}, {"date": "2019-04-26", "symbol": "4045.T", "eps": 22.98, "epsEstimated": null, "time": "bmo", "revenue": 35248000000, "revenueEstimated": null, "fiscalDateEnding": "2019-03-30", "updatedFromDate": "2023-05-17"}, {"date": "2019-04-26", "symbol": "002554.SZ", "eps": 0.08, "epsEstimated": null, "time": "bmo", "revenue": 401205365.31, "revenueEstimated": null, "fiscalDateEnding": "2019-03-30", "updatedFromDate": "2023-05-17"}, {"date": "2019-04-26", "symbol": "000681.SZ", "eps": 0.0822, "epsEstimated": null, "time": "bmo", "revenue": 163895222.11, "revenueEstimated": null, "fiscalDateEnding": "2019-03-30", "updatedFromDate": "2023-05-17"}, {"date": "2019-04-26", "symbol": "603999.SS", "eps": 0.006, "epsEstimated": null, "time": "bmo", "revenue": 137265471.69, "revenueEstimated": null, "fiscalDateEnding": "2019-03-30", "updatedFromDate": "2023-05-17"}, {"date": "2019-04-26", "symbol": "SBSI", "eps": 0.56, "epsEstimated": 0.53, "time": "bmo", "revenue": 50483000, "revenueEstimated": 47948910.71428571, "fiscalDateEnding": "2019-03-30", "updatedFromDate": "2023-09-29"}, {"date": "2019-04-26", "symbol": "AC.MX", "eps": 0.96, "epsEstimated": 1.07, "time": "bmo", "revenue": 36921488000, "revenueEstimated": null, "fiscalDateEnding": "2019-03-30", "updatedFromDate": "2023-05-17"}, {"date": "2019-04-26", "symbol": "000407.SZ", "eps": 0.04, "epsEstimated": null, "time": "bmo", "revenue": 1579372021.32, "revenueEstimated": null, "fiscalDateEnding": "2019-03-30", "updatedFromDate": "2023-05-17"}, {"date": "2019-04-26", "symbol": "603208.SS", "eps": 0.1, "epsEstimated": null, "time": "bmo", "revenue": 242049175.42, "revenueEstimated": null, "fiscalDateEnding": "2019-03-30", "updatedFromDate": "2023-05-17"}, {"date": "2019-04-26", "symbol": "2914.T", "eps": 67.66, "epsEstimated": 55.09, "time": "bmo", "revenue": 505422000000, "revenueEstimated": null, "fiscalDateEnding": "2019-03-31", "updatedFromDate": "2023-10-16"}, {"date": "2019-04-26", "symbol": "5344.T", "eps": 98.86, "epsEstimated": null, "time": "bmo", "revenue": 10469779000, "revenueEstimated": null, "fiscalDateEnding": "2019-01-26", "updatedFromDate": "2023-10-17"}, {"date": "2019-04-26", "symbol": "BUOU.SI", "eps": 0.02, "epsEstimated": 0.025, "time": "bmo", "revenue": 57402989.39152, "revenueEstimated": null, "fiscalDateEnding": "2019-03-31", "updatedFromDate": "2023-05-17"}, {"date": "2019-04-26", "symbol": "1941.T", "eps": -13.83754, "epsEstimated": null, "time": "bmo", "revenue": 36292000000, "revenueEstimated": null, "fiscalDateEnding": "2019-01-26", "updatedFromDate": "2023-10-17"}, {"date": "2019-04-26", "symbol": "002093.SZ", "eps": 0.0355, "epsEstimated": null, "time": "bmo", "revenue": 131913939.83, "revenueEstimated": null, "fiscalDateEnding": "2019-03-30", "updatedFromDate": "2023-05-17"}, {"date": "2019-04-26", "symbol": "600489.SS", "eps": 0.01, "epsEstimated": 0.02222, "time": "bmo", "revenue": 7900658585.36, "revenueEstimated": null, "fiscalDateEnding": "2019-03-30", "updatedFromDate": "2023-08-16"}, {"date": "2019-04-26", "symbol": "603718.SS", "eps": 0.01, "epsEstimated": null, "time": "bmo", "revenue": 80956247.28, "revenueEstimated": null, "fiscalDateEnding": "2019-03-30", "updatedFromDate": "2023-05-17"}, {"date": "2019-04-26", "symbol": "002113.SZ", "eps": 0.0182, "epsEstimated": null, "time": "bmo", "revenue": 116673220.4, "revenueEstimated": null, "fiscalDateEnding": "2019-03-30", "updatedFromDate": "2023-05-17"}, {"date": "2019-04-26", "symbol": "4308.T", "eps": 4.82, "epsEstimated": null, "time": "bmo", "revenue": 2351485000, "revenueEstimated": null, "fiscalDateEnding": "2019-01-26", "updatedFromDate": "2023-10-17"}, {"date": "2019-04-26", "symbol": "TSDOF", "eps": null, "epsEstimated": null, "time": "bmo", "revenue": null, "revenueEstimated": null, "fiscalDateEnding": "2019-03-31", "updatedFromDate": "2023-05-17"}, {"date": "2019-04-26", "symbol": "TTRKF", "eps": null, "epsEstimated": null, "time": "bmo", "revenue": null, "revenueEstimated": null, "fiscalDateEnding": "2019-03-31", "updatedFromDate": "2023-05-17"}, {"date": "2019-04-26", "symbol": "000722.SZ", "eps": 0.07, "epsEstimated": null, "time": "bmo", "revenue": 76785874.56, "revenueEstimated": null, "fiscalDateEnding": "2019-03-30", "updatedFromDate": "2023-05-17"}, {"date": "2019-04-26", "symbol": "CAV1V.HE", "eps": 0.06, "epsEstimated": 0.05, "time": "bmo", "revenue": 514400000, "revenueEstimated": null, "fiscalDateEnding": "2019-03-30", "updatedFromDate": "2023-05-17"}, {"date": "2019-04-26", "symbol": "002543.SZ", "eps": 0.2385, "epsEstimated": null, "time": "bmo", "revenue": 2022744153.93, "revenueEstimated": null, "fiscalDateEnding": "2019-03-30", "updatedFromDate": "2023-05-17"}, {"date": "2019-04-26", "symbol": "ALGBE.PA", "eps": -0.36533, "epsEstimated": null, "time": "bmo", "revenue": 29367.75, "revenueEstimated": null, "fiscalDateEnding": "2019-01-26", "updatedFromDate": "2023-10-16"}, {"date": "2019-04-26", "symbol": "000543.SZ", "eps": 0.08, "epsEstimated": null, "time": "bmo", "revenue": 4108637584.8, "revenueEstimated": null, "fiscalDateEnding": "2019-03-30", "updatedFromDate": "2023-05-17"}, {"date": "2019-04-26", "symbol": "YITYF", "eps": -0.17, "epsEstimated": -0.16, "time": "bmo", "revenue": null, "revenueEstimated": 379200000, "fiscalDateEnding": "2019-03-31", "updatedFromDate": "2023-05-17"}, {"date": "2019-04-26", "symbol": "002170.SZ", "eps": -0.0095, "epsEstimated": null, "time": "bmo", "revenue": 430034702.96, "revenueEstimated": null, "fiscalDateEnding": "2019-03-30", "updatedFromDate": "2023-05-17"}, {"date": "2019-04-26", "symbol": "DDAIF", "eps": 1.96, "epsEstimated": 1.83, "time": "bmo", "revenue": null, "revenueEstimated": 9382484693.877552, "fiscalDateEnding": "2019-03-31", "updatedFromDate": "2023-05-17"}, {"date": "2019-04-26", "symbol": "600660.SS", "eps": 0.24, "epsEstimated": 0.36, "time": "bmo", "revenue": 4933498402, "revenueEstimated": null, "fiscalDateEnding": "2019-03-30", "updatedFromDate": "2023-05-17"}, {"date": "2019-04-26", "symbol": "FNRN", "eps": 0.26, "epsEstimated": null, "time": "amc", "revenue": 13540000, "revenueEstimated": null, "fiscalDateEnding": "2019-03-30", "updatedFromDate": "2023-09-29"}, {"date": "2019-04-26", "symbol": "6325.T", "eps": -1.86765, "epsEstimated": null, "time": "bmo", "revenue": 1178021000, "revenueEstimated": null, "fiscalDateEnding": "2019-01-26", "updatedFromDate": "2023-10-17"}, {"date": "2019-04-26", "symbol": "600063.SS", "eps": 0.02, "epsEstimated": null, "time": "bmo", "revenue": 1438290948.61, "revenueEstimated": null, "fiscalDateEnding": "2019-03-30", "updatedFromDate": "2023-05-17"}, {"date": "2019-04-26", "symbol": "M44U.SI", "eps": 0.02595, "epsEstimated": null, "time": "bmo", "revenue": 121148000, "revenueEstimated": null, "fiscalDateEnding": "2019-01-26", "updatedFromDate": "2023-10-16"}, {"date": "2019-04-26", "symbol": "002345.SZ", "eps": 0.1, "epsEstimated": null, "time": "bmo", "revenue": 956749644.9, "revenueEstimated": null, "fiscalDateEnding": "2019-03-30", "updatedFromDate": "2023-05-17"}, {"date": "2019-04-26", "symbol": "002426.SZ", "eps": -0.0496, "epsEstimated": null, "time": "bmo", "revenue": 3288541404.11, "revenueEstimated": null, "fiscalDateEnding": "2019-03-30", "updatedFromDate": "2023-05-17"}, {"date": "2019-04-26", "symbol": "HRC", "eps": 1.14, "epsEstimated": 1.11, "time": "bmo", "revenue": 714200000, "revenueEstimated": 695405263.1578948, "fiscalDateEnding": "2019-03-30", "updatedFromDate": "2023-05-17"}, {"date": "2019-04-26", "symbol": "PNDX-B.ST", "eps": 2.48, "epsEstimated": 2.28, "time": "bmo", "revenue": 1191000000, "revenueEstimated": null, "fiscalDateEnding": "2019-03-31", "updatedFromDate": "2023-05-17"}, {"date": "2019-04-26", "symbol": "UHT", "eps": 0.29, "epsEstimated": null, "time": "bmo", "revenue": 19112000, "revenueEstimated": null, "fiscalDateEnding": "2019-03-30", "updatedFromDate": "2023-09-29"}, {"date": "2019-04-26", "symbol": "SAL", "eps": 0.44, "epsEstimated": 0.4, "time": "bmo", "revenue": 10334000, "revenueEstimated": 9733953.488372095, "fiscalDateEnding": "2019-03-30", "updatedFromDate": "2023-09-29"}, {"date": "2019-04-26", "symbol": "MTSAF", "eps": 0.14, "epsEstimated": 0.14, "time": "bmo", "revenue": null, "revenueEstimated": 40000000, "fiscalDateEnding": "2019-03-31", "updatedFromDate": "2023-05-17"}, {"date": "2019-04-26", "symbol": "JAPSY", "eps": 0.67, "epsEstimated": null, "time": "bmo", "revenue": 365393000000, "revenueEstimated": null, "fiscalDateEnding": "2019-01-26", "updatedFromDate": "2023-10-17"}, {"date": "2019-04-26", "symbol": "VEGGD", "eps": null, "epsEstimated": null, "time": "bmo", "revenue": null, "revenueEstimated": null, "fiscalDateEnding": "2019-03-31", "updatedFromDate": "2023-05-17"}, {"date": "2019-04-26", "symbol": "601808.SS", "eps": 0.01, "epsEstimated": 0.05714, "time": "bmo", "revenue": 5907777887, "revenueEstimated": null, "fiscalDateEnding": "2019-03-30", "updatedFromDate": "2023-08-16"}, {"date": "2019-04-26", "symbol": "7148.T", "eps": 36.29, "epsEstimated": null, "time": "bmo", "revenue": 7876038000, "revenueEstimated": null, "fiscalDateEnding": "2019-03-30", "updatedFromDate": "2023-05-17"}, {"date": "2019-04-26", "symbol": "002140.SZ", "eps": 0.05733, "epsEstimated": null, "time": "bmo", "revenue": 427446229.07, "revenueEstimated": null, "fiscalDateEnding": "2019-03-30", "updatedFromDate": "2023-05-17"}, {"date": "2019-04-26", "symbol": "002308.SZ", "eps": 0.01, "epsEstimated": null, "time": "bmo", "revenue": 217446076.79, "revenueEstimated": null, "fiscalDateEnding": "2019-03-30", "updatedFromDate": "2023-05-17"}, {"date": "2019-04-26", "symbol": "002173.SZ", "eps": 0.07, "epsEstimated": null, "time": "bmo", "revenue": 238392782.56, "revenueEstimated": null, "fiscalDateEnding": "2019-03-30", "updatedFromDate": "2023-05-17"}, {"date": "2019-04-26", "symbol": "000971.SZ", "eps": 0.041, "epsEstimated": null, "time": "bmo", "revenue": 183919908.63, "revenueEstimated": null, "fiscalDateEnding": "2019-03-30", "updatedFromDate": "2023-05-17"}, {"date": "2019-04-26", "symbol": "603505.SS", "eps": 0.1308, "epsEstimated": null, "time": "bmo", "revenue": 131715564.42, "revenueEstimated": null, "fiscalDateEnding": "2019-03-30", "updatedFromDate": "2023-05-17"}, {"date": "2019-04-26", "symbol": "002251.SZ", "eps": 0.2149, "epsEstimated": null, "time": "bmo", "revenue": 5633495417.73, "revenueEstimated": null, "fiscalDateEnding": "2019-03-30", "updatedFromDate": "2023-05-17"}, {"date": "2019-04-26", "symbol": "002729.SZ", "eps": 0.05, "epsEstimated": null, "time": "bmo", "revenue": 45913365.99, "revenueEstimated": null, "fiscalDateEnding": "2019-03-30", "updatedFromDate": "2023-05-17"}, {"date": "2019-04-26", "symbol": "002726.SZ", "eps": 0.08462, "epsEstimated": null, "time": "bmo", "revenue": 2734224487.8, "revenueEstimated": null, "fiscalDateEnding": "2019-03-30", "updatedFromDate": "2023-05-17"}, {"date": "2019-04-26", "symbol": "000768.SZ", "eps": 0.01, "epsEstimated": 0.01857, "time": "bmo", "revenue": 8313035364.2, "revenueEstimated": null, "fiscalDateEnding": "2019-01-26", "updatedFromDate": "2023-05-17"}, {"date": "2019-04-26", "symbol": "600023.SS", "eps": 0.08, "epsEstimated": null, "time": "bmo", "revenue": 13191336178.34, "revenueEstimated": null, "fiscalDateEnding": "2019-03-30", "updatedFromDate": "2023-05-17"}, {"date": "2019-04-26", "symbol": "UPM.HE", "eps": 0.57, "epsEstimated": 0.57, "time": "bmo", "revenue": 2693000000, "revenueEstimated": null, "fiscalDateEnding": "2019-03-30", "updatedFromDate": "2023-05-17"}, {"date": "2019-04-26", "symbol": "300222.SZ", "eps": null, "epsEstimated": null, "time": "bmo", "revenue": null, "revenueEstimated": null, "fiscalDateEnding": "2019-03-31", "updatedFromDate": "2023-05-17"}, {"date": "2019-04-26", "symbol": "SAAB-B.ST", "eps": 2.97, "epsEstimated": 2.64, "time": "bmo", "revenue": 8496000000, "revenueEstimated": null, "fiscalDateEnding": "2019-03-30", "updatedFromDate": "2023-05-17"}, {"date": "2019-04-26", "symbol": "GEL.MI", "eps": null, "epsEstimated": null, "time": "bmo", "revenue": null, "revenueEstimated": null, "fiscalDateEnding": "2019-03-31", "updatedFromDate": "2023-05-17"}, {"date": "2019-04-26", "symbol": "SBHGF", "eps": 0.49, "epsEstimated": null, "time": "bmo", "revenue": 93050000000, "revenueEstimated": null, "fiscalDateEnding": "2019-01-26", "updatedFromDate": "2023-10-17"}, {"date": "2019-04-26", "symbol": "002351.SZ", "eps": 0.03133, "epsEstimated": null, "time": "bmo", "revenue": 222642180.21, "revenueEstimated": null, "fiscalDateEnding": "2019-03-30", "updatedFromDate": "2023-05-17"}, {"date": "2019-04-26", "symbol": "002154.SZ", "eps": 0.07, "epsEstimated": null, "time": "bmo", "revenue": 770915611.28, "revenueEstimated": null, "fiscalDateEnding": "2019-03-30", "updatedFromDate": "2023-05-17"}, {"date": "2019-04-26", "symbol": "IMO", "eps": 0.29, "epsEstimated": 0.38, "time": "bmo", "revenue": 7571000000, "revenueEstimated": 10899473684.210527, "fiscalDateEnding": "2019-03-30", "updatedFromDate": "2023-09-29"}, {"date": "2019-04-26", "symbol": "603085.SS", "eps": 0.08, "epsEstimated": null, "time": "bmo", "revenue": 371598326.55, "revenueEstimated": null, "fiscalDateEnding": "2019-03-30", "updatedFromDate": "2023-05-17"}, {"date": "2019-04-26", "symbol": "002727.SZ", "eps": 0.31, "epsEstimated": null, "time": "bmo", "revenue": 2472429163.71, "revenueEstimated": null, "fiscalDateEnding": "2019-01-26", "updatedFromDate": "2023-05-17"}, {"date": "2019-04-26", "symbol": "ASEKY", "eps": 0.84, "epsEstimated": 0.91, "time": "bmo", "revenue": 958051000000, "revenueEstimated": null, "fiscalDateEnding": "2019-01-26", "updatedFromDate": "2023-10-17"}, {"date": "2019-04-26", "symbol": "000546.SZ", "eps": 0.0116, "epsEstimated": null, "time": "bmo", "revenue": 1176030120.47, "revenueEstimated": null, "fiscalDateEnding": "2019-03-30", "updatedFromDate": "2023-05-17"}, {"date": "2019-04-26", "symbol": "000639.SZ", "eps": 0.08571, "epsEstimated": null, "time": "bmo", "revenue": 1382926225.89, "revenueEstimated": null, "fiscalDateEnding": "2019-03-30", "updatedFromDate": "2023-05-17"}, {"date": "2019-04-26", "symbol": "9110.T", "eps": 87.41, "epsEstimated": null, "time": "bmo", "revenue": 38035000000, "revenueEstimated": null, "fiscalDateEnding": "2019-01-26", "updatedFromDate": "2023-10-17"}, {"date": "2019-04-26", "symbol": "000885.SZ", "eps": 0.2679, "epsEstimated": null, "time": "bmo", "revenue": 454920438.63, "revenueEstimated": null, "fiscalDateEnding": "2019-03-30", "updatedFromDate": "2023-05-17"}, {"date": "2019-04-26", "symbol": "000589.SZ", "eps": 0.08088, "epsEstimated": null, "time": "bmo", "revenue": 1607563295.57, "revenueEstimated": null, "fiscalDateEnding": "2019-01-26", "updatedFromDate": "2023-05-17"}, {"date": "2019-04-26", "symbol": "ITOCY", "eps": 1.22, "epsEstimated": null, "time": "amc", "revenue": 2770863000000, "revenueEstimated": null, "fiscalDateEnding": "2019-01-26", "updatedFromDate": "2023-10-17"}, {"date": "2019-04-26", "symbol": "TSSCF", "eps": 0.2, "epsEstimated": 0.14, "time": "bmo", "revenue": null, "revenueEstimated": 10159804.2, "fiscalDateEnding": "2019-03-31", "updatedFromDate": "2023-05-17"}, {"date": "2019-04-26", "symbol": "002069.SZ", "eps": -0.06, "epsEstimated": null, "time": "bmo", "revenue": 558724563.47, "revenueEstimated": null, "fiscalDateEnding": "2019-03-30", "updatedFromDate": "2023-05-17"}, {"date": "2019-04-26", "symbol": "000933.SZ", "eps": 0.029, "epsEstimated": null, "time": "bmo", "revenue": 4554212082.48, "revenueEstimated": null, "fiscalDateEnding": "2019-03-30", "updatedFromDate": "2023-05-17"}, {"date": "2019-04-26", "symbol": "2127.T", "eps": 3.78, "epsEstimated": 4.3, "time": "bmo", "revenue": 8460858000, "revenueEstimated": null, "fiscalDateEnding": "2019-01-26", "updatedFromDate": "2023-10-17"}, {"date": "2019-04-26", "symbol": "AZELIO.ST", "eps": -0.4503, "epsEstimated": null, "time": "bmo", "revenue": 508000, "revenueEstimated": null, "fiscalDateEnding": "2019-03-30", "updatedFromDate": "2023-05-17"}, {"date": "2019-04-26", "symbol": "BTPN.JK", "eps": 68.52, "epsEstimated": null, "time": "bmo", "revenue": 2720918000000, "revenueEstimated": null, "fiscalDateEnding": "2019-03-30", "updatedFromDate": "2023-05-17"}, {"date": "2019-04-26", "symbol": "KNDEF", "eps": null, "epsEstimated": null, "time": "bmo", "revenue": null, "revenueEstimated": null, "fiscalDateEnding": "2019-03-31", "updatedFromDate": "2023-05-17"}, {"date": "2019-04-26", "symbol": "NDEKY", "eps": 0.17, "epsEstimated": null, "time": "bmo", "revenue": 192450000000, "revenueEstimated": null, "fiscalDateEnding": "2019-01-26", "updatedFromDate": "2023-10-17"}, {"date": "2019-04-26", "symbol": "NESTE.HE", "eps": 0.38, "epsEstimated": 0.4, "time": "bmo", "revenue": 3768000000, "revenueEstimated": null, "fiscalDateEnding": "2019-03-30", "updatedFromDate": "2023-05-17"}, {"date": "2019-04-26", "symbol": "000970.SZ", "eps": 0.0415, "epsEstimated": null, "time": "bmo", "revenue": 920516962.32, "revenueEstimated": null, "fiscalDateEnding": "2019-03-30", "updatedFromDate": "2023-05-17"}, {"date": "2019-04-26", "symbol": "002161.SZ", "eps": 0.0698, "epsEstimated": null, "time": "bmo", "revenue": 110166763.9, "revenueEstimated": null, "fiscalDateEnding": "2019-03-30", "updatedFromDate": "2023-05-17"}, {"date": "2019-04-26", "symbol": "000960.SZ", "eps": 0.1163, "epsEstimated": null, "time": "bmo", "revenue": 8956750057.09, "revenueEstimated": null, "fiscalDateEnding": "2019-03-30", "updatedFromDate": "2023-05-17"}, {"date": "2019-04-26", "symbol": "BJBR.JK", "eps": 42.52, "epsEstimated": null, "time": "bmo", "revenue": 1800862000000, "revenueEstimated": null, "fiscalDateEnding": "2019-03-30", "updatedFromDate": "2023-05-17"}, {"date": "2019-04-26", "symbol": "600208.SS", "eps": 0.094, "epsEstimated": null, "time": "bmo", "revenue": 1320852415.2, "revenueEstimated": null, "fiscalDateEnding": "2019-03-30", "updatedFromDate": "2023-05-17"}, {"date": "2019-04-26", "symbol": "300418.SZ", "eps": 0.33, "epsEstimated": null, "time": "bmo", "revenue": 902992716.95, "revenueEstimated": null, "fiscalDateEnding": "2019-01-26", "updatedFromDate": "2023-05-17"}, {"date": "2019-04-26", "symbol": "CIGI", "eps": 0.51, "epsEstimated": 0.64, "time": "bmo", "revenue": 635123000, "revenueEstimated": 772110313.7254901, "fiscalDateEnding": "2019-03-31", "updatedFromDate": "2023-09-29"}, {"date": "2019-04-26", "symbol": "8151.T", "eps": 38.16, "epsEstimated": null, "time": "bmo", "revenue": 8205121000, "revenueEstimated": null, "fiscalDateEnding": "2019-03-30", "updatedFromDate": "2023-05-17"}, {"date": "2019-04-26", "symbol": "6103.T", "eps": 179.11, "epsEstimated": 154.36, "time": "bmo", "revenue": 42649000000, "revenueEstimated": null, "fiscalDateEnding": "2019-01-26", "updatedFromDate": "2023-10-17"}, {"date": "2019-04-26", "symbol": "SCHN.SW", "eps": 1.71, "epsEstimated": 1.89, "time": "bmo", "revenue": 2582000000, "revenueEstimated": null, "fiscalDateEnding": "2019-03-30", "updatedFromDate": "2023-05-17"}, {"date": "2019-04-26", "symbol": "006360.KS", "eps": 1491, "epsEstimated": 1402.04, "time": "bmo", "revenue": 2601905244000, "revenueEstimated": null, "fiscalDateEnding": "2019-03-30", "updatedFromDate": "2023-05-17"}, {"date": "2019-04-26", "symbol": "300684.SZ", "eps": null, "epsEstimated": null, "time": "bmo", "revenue": null, "revenueEstimated": null, "fiscalDateEnding": "2019-03-31", "updatedFromDate": "2023-05-17"}, {"date": "2019-04-26", "symbol": "3504.TW", "eps": 0.05, "epsEstimated": 0.04, "time": "bmo", "revenue": 1256336000, "revenueEstimated": null, "fiscalDateEnding": "2019-03-30", "updatedFromDate": "2023-08-16"}, {"date": "2019-04-26", "symbol": "601098.SS", "eps": 0.17, "epsEstimated": 0.13, "time": "bmo", "revenue": 1839840608.49, "revenueEstimated": null, "fiscalDateEnding": "2019-03-30", "updatedFromDate": "2023-05-17"}, {"date": "2019-04-26", "symbol": "MOC.WA", "eps": -0.07651, "epsEstimated": null, "time": "bmo", "revenue": 1052, "revenueEstimated": null, "fiscalDateEnding": "2019-03-31", "updatedFromDate": "2023-05-17"}, {"date": "2019-04-26", "symbol": "000978.SZ", "eps": -0.005, "epsEstimated": null, "time": "bmo", "revenue": 116205663.91, "revenueEstimated": null, "fiscalDateEnding": "2019-03-30", "updatedFromDate": "2023-05-17"}, {"date": "2019-04-26", "symbol": "TOAOF", "eps": null, "epsEstimated": null, "time": "bmo", "revenue": null, "revenueEstimated": null, "fiscalDateEnding": "2019-09-30", "updatedFromDate": "2023-05-17"}, {"date": "2019-04-26", "symbol": "3778.T", "eps": -1.35321, "epsEstimated": null, "time": "bmo", "revenue": 5555362000, "revenueEstimated": null, "fiscalDateEnding": "2019-01-26", "updatedFromDate": "2023-10-17"}, {"date": "2019-04-26", "symbol": "TORS.ME", "eps": -0.00446, "epsEstimated": null, "time": "bmo", "revenue": 1532119000, "revenueEstimated": null, "fiscalDateEnding": "2019-01-26", "updatedFromDate": "2023-05-17"}, {"date": "2019-04-26", "symbol": "KEMIRA.HE", "eps": 0.2, "epsEstimated": 0.16, "time": "bmo", "revenue": 647800000, "revenueEstimated": null, "fiscalDateEnding": "2019-03-30", "updatedFromDate": "2023-05-17"}, {"date": "2019-04-26", "symbol": "008770.KS", "eps": 1372, "epsEstimated": 971.04, "time": "bmo", "revenue": 1343209924000, "revenueEstimated": null, "fiscalDateEnding": "2019-03-30", "updatedFromDate": "2023-05-17"}, {"date": "2019-04-26", "symbol": "4293.T", "eps": 0.96, "epsEstimated": null, "time": "bmo", "revenue": 4290213000, "revenueEstimated": null, "fiscalDateEnding": "2019-03-30", "updatedFromDate": "2023-05-17"}, {"date": "2019-04-26", "symbol": "002227.SZ", "eps": -0.0091, "epsEstimated": null, "time": "bmo", "revenue": 48254957.24, "revenueEstimated": null, "fiscalDateEnding": "2019-03-30", "updatedFromDate": "2023-05-17"}, {"date": "2019-04-26", "symbol": "ALSAF.PA", "eps": null, "epsEstimated": null, "time": "bmo", "revenue": 1198000, "revenueEstimated": null, "fiscalDateEnding": "2019-01-26", "updatedFromDate": "2023-05-17"}, {"date": "2019-04-26", "symbol": "601989.SS", "eps": 0.02, "epsEstimated": 0.0087, "time": "bmo", "revenue": 6065016102.57, "revenueEstimated": null, "fiscalDateEnding": "2019-03-30", "updatedFromDate": "2023-05-17"}, {"date": "2019-04-26", "symbol": "TCNAF", "eps": null, "epsEstimated": null, "time": "amc", "revenue": null, "revenueEstimated": null, "fiscalDateEnding": "2019-03-31", "updatedFromDate": "2023-05-17"}, {"date": "2019-04-26", "symbol": "3003.T", "eps": 10.09, "epsEstimated": null, "time": "bmo", "revenue": 40858000000, "revenueEstimated": null, "fiscalDateEnding": "2019-03-30", "updatedFromDate": "2023-08-16"}, {"date": "2019-04-26", "symbol": "6762.T", "eps": 148.24, "epsEstimated": 122.05, "time": "bmo", "revenue": 355634000000, "revenueEstimated": null, "fiscalDateEnding": "2019-01-26", "updatedFromDate": "2023-10-16"}, {"date": "2019-04-26", "symbol": "9507.T", "eps": 25.1, "epsEstimated": 5.71, "time": "bmo", "revenue": 170630000000, "revenueEstimated": null, "fiscalDateEnding": "2019-01-26", "updatedFromDate": "2023-10-17"}, {"date": "2019-04-26", "symbol": "6938.T", "eps": -10.99979, "epsEstimated": null, "time": "bmo", "revenue": 2283251000, "revenueEstimated": null, "fiscalDateEnding": "2019-01-26", "updatedFromDate": "2023-10-17"}, {"date": "2019-04-26", "symbol": "CSMG3.SA", "eps": 0.49, "epsEstimated": 0.39, "time": "bmo", "revenue": 1212022000, "revenueEstimated": null, "fiscalDateEnding": "2019-03-30", "updatedFromDate": "2023-05-17"}, {"date": "2019-04-26", "symbol": "600548.SS", "eps": 0.214, "epsEstimated": null, "time": "bmo", "revenue": 1330593040.84, "revenueEstimated": null, "fiscalDateEnding": "2019-03-30", "updatedFromDate": "2023-05-17"}, {"date": "2019-04-26", "symbol": "XOM", "eps": 0.55, "epsEstimated": 0.7, "time": "bmo", "revenue": 61646000000, "revenueEstimated": 78458545454.54544, "fiscalDateEnding": "2019-03-30", "updatedFromDate": "2023-09-29"}, {"date": "2019-04-26", "symbol": "300280.SZ", "eps": 0.0942, "epsEstimated": null, "time": "bmo", "revenue": 120867358.43, "revenueEstimated": null, "fiscalDateEnding": "2019-03-30", "updatedFromDate": "2023-05-17"}, {"date": "2019-04-26", "symbol": "600782.SS", "eps": 0.24, "epsEstimated": null, "time": "bmo", "revenue": 13504558747.12, "revenueEstimated": null, "fiscalDateEnding": "2019-03-30", "updatedFromDate": "2023-05-17"}, {"date": "2019-04-26", "symbol": "SCR.SW", "eps": 0.71, "epsEstimated": 0.46, "time": "bmo", "revenue": 15028000000, "revenueEstimated": null, "fiscalDateEnding": "2019-01-26", "updatedFromDate": "2023-05-17"}, {"date": "2019-04-26", "symbol": "600718.SS", "eps": 0.003, "epsEstimated": null, "time": "bmo", "revenue": 1334848876, "revenueEstimated": null, "fiscalDateEnding": "2019-03-30", "updatedFromDate": "2023-05-17"}, {"date": "2019-04-26", "symbol": "LIGHT.AS", "eps": 0.53, "epsEstimated": 0.41, "time": "bmo", "revenue": 1478000000, "revenueEstimated": null, "fiscalDateEnding": "2019-03-31", "updatedFromDate": "2023-05-17"}, {"date": "2019-04-26", "symbol": "600415.SS", "eps": 0.04, "epsEstimated": null, "time": "bmo", "revenue": 799358553.33, "revenueEstimated": null, "fiscalDateEnding": "2019-03-30", "updatedFromDate": "2023-05-17"}, {"date": "2019-04-26", "symbol": "6135.T", "eps": -18.90112, "epsEstimated": null, "time": "bmo", "revenue": 40193000000, "revenueEstimated": null, "fiscalDateEnding": "2019-01-26", "updatedFromDate": "2023-10-17"}, {"date": "2019-04-26", "symbol": "BEN", "eps": 0.72, "epsEstimated": 0.62, "time": "bmo", "revenue": 1433800000, "revenueEstimated": 1234661111.1111112, "fiscalDateEnding": "2019-03-30", "updatedFromDate": "2023-09-29"}, {"date": "2019-04-26", "symbol": "6981.T", "eps": 60.21, "epsEstimated": 63.62, "time": "bmo", "revenue": 410222000000, "revenueEstimated": null, "fiscalDateEnding": "2019-01-26", "updatedFromDate": "2023-10-17"}, {"date": "2019-04-26", "symbol": "MON.WA", "eps": 0.09, "epsEstimated": null, "time": "bmo", "revenue": 64663000, "revenueEstimated": null, "fiscalDateEnding": "2019-01-26", "updatedFromDate": "2023-05-17"}, {"date": "2019-04-26", "symbol": "BFIN.JK", "eps": 22.51, "epsEstimated": null, "time": "bmo", "revenue": 1222494000000, "revenueEstimated": null, "fiscalDateEnding": "2019-03-30", "updatedFromDate": "2023-05-17"}, {"date": "2019-04-26", "symbol": "601519.SS", "eps": -0.03137, "epsEstimated": null, "time": "bmo", "revenue": 155477223.82, "revenueEstimated": null, "fiscalDateEnding": "2019-06-29", "updatedFromDate": "2023-05-17"}, {"date": "2019-04-26", "symbol": "600006.SS", "eps": 0.058, "epsEstimated": null, "time": "bmo", "revenue": 3116860998.76, "revenueEstimated": null, "fiscalDateEnding": "2019-03-30", "updatedFromDate": "2023-05-17"}, {"date": "2019-04-26", "symbol": "7575.T", "eps": 27.42, "epsEstimated": null, "time": "bmo", "revenue": 13844000000, "revenueEstimated": null, "fiscalDateEnding": "2019-01-26", "updatedFromDate": "2023-10-17"}, {"date": "2019-04-26", "symbol": "603528.SS", "eps": 0.0678, "epsEstimated": null, "time": "bmo", "revenue": 161394504.15, "revenueEstimated": null, "fiscalDateEnding": "2019-03-30", "updatedFromDate": "2023-05-17"}, {"date": "2019-04-26", "symbol": "5959.T", "eps": 14.51, "epsEstimated": null, "time": "bmo", "revenue": 15439000000, "revenueEstimated": null, "fiscalDateEnding": "2019-03-30", "updatedFromDate": "2023-05-17"}, {"date": "2019-04-26", "symbol": "6080.T", "eps": 32.62, "epsEstimated": 17.29, "time": "bmo", "revenue": 3300337000, "revenueEstimated": null, "fiscalDateEnding": "2019-03-30", "updatedFromDate": "2023-05-17"}, {"date": "2019-04-26", "symbol": "8031.T", "eps": 36.91, "epsEstimated": 56.37, "time": "bmo", "revenue": 1782753000000, "revenueEstimated": null, "fiscalDateEnding": "2019-01-26", "updatedFromDate": "2023-10-17"}, {"date": "2019-04-26", "symbol": "300639.SZ", "eps": 0.05327, "epsEstimated": null, "time": "bmo", "revenue": 136858532.28, "revenueEstimated": null, "fiscalDateEnding": "2019-03-30", "updatedFromDate": "2023-05-17"}, {"date": "2019-04-26", "symbol": "603678.SS", "eps": 0.16, "epsEstimated": null, "time": "bmo", "revenue": 464263862.29, "revenueEstimated": null, "fiscalDateEnding": "2019-03-30", "updatedFromDate": "2023-05-17"}, {"date": "2019-04-26", "symbol": "7740.T", "eps": 55.41, "epsEstimated": null, "time": "bmo", "revenue": 15954000000, "revenueEstimated": null, "fiscalDateEnding": "2019-01-26", "updatedFromDate": "2023-05-17"}, {"date": "2019-04-26", "symbol": "5727.T", "eps": 9.32, "epsEstimated": null, "time": "bmo", "revenue": 12109000000, "revenueEstimated": null, "fiscalDateEnding": "2019-01-26", "updatedFromDate": "2023-10-16"}, {"date": "2019-04-26", "symbol": "200429.SZ", "eps": 0.1836, "epsEstimated": null, "time": "bmo", "revenue": 747235987.61, "revenueEstimated": null, "fiscalDateEnding": "2019-06-29", "updatedFromDate": "2023-05-17"}, {"date": "2019-04-26", "symbol": "601992.SS", "eps": 0.04, "epsEstimated": null, "time": "bmo", "revenue": 16010882327.28, "revenueEstimated": null, "fiscalDateEnding": "2019-03-30", "updatedFromDate": "2023-05-17"}, {"date": "2019-04-26", "symbol": "WRN", "eps": -0.01, "epsEstimated": -0.01, "time": "bmo", "revenue": null, "revenueEstimated": null, "fiscalDateEnding": "2019-03-31", "updatedFromDate": "2023-09-29"}, {"date": "2019-04-26", "symbol": "ACCON.ST", "eps": -0.84, "epsEstimated": -0.77, "time": "bmo", "revenue": 550000, "revenueEstimated": null, "fiscalDateEnding": "2019-03-31", "updatedFromDate": "2023-08-17"}, {"date": "2019-04-26", "symbol": "SONY", "eps": 0.62, "epsEstimated": 0.19, "time": "bmo", "revenue": 2127498000000, "revenueEstimated": 2687365894736, "fiscalDateEnding": "2019-03-31", "updatedFromDate": "2023-09-29"}, {"date": "2019-04-26", "symbol": "YAR.OL", "eps": 0.59, "epsEstimated": 0.59, "time": "bmo", "revenue": 2991000000, "revenueEstimated": null, "fiscalDateEnding": "2019-03-30", "updatedFromDate": "2023-05-17"}, {"date": "2019-04-26", "symbol": "4463.T", "eps": -3.69521, "epsEstimated": null, "time": "bmo", "revenue": 11559000000, "revenueEstimated": null, "fiscalDateEnding": "2019-03-31", "updatedFromDate": "2023-10-16"}, {"date": "2019-04-26", "symbol": "5476.T", "eps": -20.06004, "epsEstimated": null, "time": "bmo", "revenue": 9148000000, "revenueEstimated": null, "fiscalDateEnding": "2019-01-26", "updatedFromDate": "2023-10-17"}, {"date": "2019-04-26", "symbol": "6967.T", "eps": -4.31, "epsEstimated": 5.14, "time": "bmo", "revenue": 38250000000, "revenueEstimated": null, "fiscalDateEnding": "2019-01-26", "updatedFromDate": "2023-10-17"}, {"date": "2019-04-26", "symbol": "600055.SS", "eps": 0.011, "epsEstimated": null, "time": "bmo", "revenue": 161833859.81, "revenueEstimated": null, "fiscalDateEnding": "2019-03-30", "updatedFromDate": "2023-05-17"}, {"date": "2019-04-26", "symbol": "7839.T", "eps": 20.75, "epsEstimated": null, "time": "bmo", "revenue": 3681408000, "revenueEstimated": null, "fiscalDateEnding": "2019-03-30", "updatedFromDate": "2023-05-17"}, {"date": "2019-04-26", "symbol": "3085.T", "eps": 15.58, "epsEstimated": null, "time": "bmo", "revenue": 7911000000, "revenueEstimated": null, "fiscalDateEnding": "2019-01-26", "updatedFromDate": "2023-05-17"}, {"date": "2019-04-26", "symbol": "BESIY", "eps": 0.13, "epsEstimated": null, "time": "bmo", "revenue": 81399000, "revenueEstimated": null, "fiscalDateEnding": "2019-03-31", "updatedFromDate": "2023-09-29"}, {"date": "2019-04-26", "symbol": "8035.T", "eps": 390.97, "epsEstimated": 276.33, "time": "bmo", "revenue": 295454000000, "revenueEstimated": null, "fiscalDateEnding": "2019-01-26", "updatedFromDate": "2023-10-17"}, {"date": "2019-04-26", "symbol": "2689.T", "eps": -13.22949, "epsEstimated": null, "time": "bmo", "revenue": 27192947000, "revenueEstimated": null, "fiscalDateEnding": "2019-01-26", "updatedFromDate": "2023-10-17"}, {"date": "2019-04-26", "symbol": "PBHC", "eps": 0.12, "epsEstimated": null, "time": "bmo", "revenue": 7640000, "revenueEstimated": null, "fiscalDateEnding": "2019-03-30", "updatedFromDate": "2023-09-29"}, {"date": "2019-04-26", "symbol": "XJNGF", "eps": 0.06, "epsEstimated": 0.04211, "time": "bmo", "revenue": null, "revenueEstimated": 55333333.333333336, "fiscalDateEnding": "2019-03-31", "updatedFromDate": "2023-05-17"}, {"date": "2019-04-26", "symbol": "063160.KS", "eps": 589, "epsEstimated": null, "time": "bmo", "revenue": 32963249660, "revenueEstimated": null, "fiscalDateEnding": "2019-01-26", "updatedFromDate": "2023-05-17"}, {"date": "2019-04-26", "symbol": "4025.T", "eps": 61.59, "epsEstimated": null, "time": "bmo", "revenue": 8679000000, "revenueEstimated": null, "fiscalDateEnding": "2019-01-26", "updatedFromDate": "2023-05-17"}, {"date": "2019-04-26", "symbol": "WSTTF", "eps": null, "epsEstimated": null, "time": "bmo", "revenue": null, "revenueEstimated": null, "fiscalDateEnding": "2019-03-31", "updatedFromDate": "2023-05-17"}, {"date": "2019-04-26", "symbol": "601058.SS", "eps": 0.07, "epsEstimated": null, "time": "bmo", "revenue": 3367990392.42, "revenueEstimated": null, "fiscalDateEnding": "2019-03-30", "updatedFromDate": "2023-05-17"}, {"date": "2019-04-26", "symbol": "CGEO.L", "eps": 4.02, "epsEstimated": null, "time": "bmo", "revenue": 1473437000, "revenueEstimated": null, "fiscalDateEnding": "2019-03-31", "updatedFromDate": "2023-05-17"}, {"date": "2019-04-26", "symbol": "002419.SZ", "eps": 0.26, "epsEstimated": 0.26, "time": "bmo", "revenue": 5178433662.08, "revenueEstimated": null, "fiscalDateEnding": "2019-03-30", "updatedFromDate": "2023-05-17"}, {"date": "2019-04-26", "symbol": "7061.T", "eps": 6.56, "epsEstimated": null, "time": "bmo", "revenue": null, "revenueEstimated": null, "fiscalDateEnding": "2019-03-31", "updatedFromDate": "2023-05-17"}, {"date": "2019-04-26", "symbol": "6932.T", "eps": 24.84, "epsEstimated": null, "time": "bmo", "revenue": 9903000000, "revenueEstimated": null, "fiscalDateEnding": "2019-01-26", "updatedFromDate": "2023-10-17"}, {"date": "2019-04-26", "symbol": "600009.SS", "eps": 0.72, "epsEstimated": 0.69, "time": "bmo", "revenue": 2680709714.54, "revenueEstimated": null, "fiscalDateEnding": "2019-01-26", "updatedFromDate": "2023-05-17"}, {"date": "2019-04-26", "symbol": "LEA", "eps": 4, "epsEstimated": 4.11, "time": "bmo", "revenue": 5160100000, "revenueEstimated": 5302002750, "fiscalDateEnding": "2019-03-29", "updatedFromDate": "2023-09-29"}, {"date": "2019-04-26", "symbol": "603458.SS", "eps": 0.2244, "epsEstimated": null, "time": "bmo", "revenue": 434954498.04, "revenueEstimated": null, "fiscalDateEnding": "2019-03-30", "updatedFromDate": "2023-05-17"}, {"date": "2019-04-26", "symbol": "600831.SS", "eps": 0.061, "epsEstimated": null, "time": "bmo", "revenue": 739630441.91, "revenueEstimated": null, "fiscalDateEnding": "2019-03-30", "updatedFromDate": "2023-05-17"}, {"date": "2019-04-26", "symbol": "7475.T", "eps": 37.77, "epsEstimated": null, "time": "bmo", "revenue": 22759479000, "revenueEstimated": null, "fiscalDateEnding": "2019-01-26", "updatedFromDate": "2023-10-17"}, {"date": "2019-04-26", "symbol": "7510.T", "eps": 22.77, "epsEstimated": null, "time": "bmo", "revenue": 17153000000, "revenueEstimated": null, "fiscalDateEnding": "2019-01-26", "updatedFromDate": "2023-10-17"}, {"date": "2019-04-26", "symbol": "1959.T", "eps": 199.44, "epsEstimated": 164.1, "time": "bmo", "revenue": 84002000000, "revenueEstimated": null, "fiscalDateEnding": "2019-01-26", "updatedFromDate": "2023-10-17"}, {"date": "2019-04-26", "symbol": "002416.SZ", "eps": 0.076, "epsEstimated": null, "time": "bmo", "revenue": 11384108886.69, "revenueEstimated": null, "fiscalDateEnding": "2019-03-30", "updatedFromDate": "2023-05-17"}, {"date": "2019-04-26", "symbol": "DNZOY", "eps": 0.19, "epsEstimated": null, "time": "bmo", "revenue": 1276620000000, "revenueEstimated": null, "fiscalDateEnding": "2019-01-26", "updatedFromDate": "2023-10-17"}, {"date": "2019-04-26", "symbol": "NPEXF", "eps": 93.22, "epsEstimated": 68.66, "time": "bmo", "revenue": null, "revenueEstimated": null, "fiscalDateEnding": "2019-03-31", "updatedFromDate": "2023-05-17"}, {"date": "2019-04-26", "symbol": "002573.SZ", "eps": 0.0909, "epsEstimated": null, "time": "bmo", "revenue": 764648039.28, "revenueEstimated": null, "fiscalDateEnding": "2019-03-30", "updatedFromDate": "2023-05-17"}, {"date": "2019-04-26", "symbol": "002249.SZ", "eps": -0.01, "epsEstimated": null, "time": "bmo", "revenue": 2086238374.3, "revenueEstimated": null, "fiscalDateEnding": "2019-03-30", "updatedFromDate": "2023-05-17"}, {"date": "2019-04-26", "symbol": "SCHP.SW", "eps": 1.71, "epsEstimated": 1.89, "time": "bmo", "revenue": 2582000000, "revenueEstimated": null, "fiscalDateEnding": "2019-03-30", "updatedFromDate": "2023-05-17"}, {"date": "2019-04-26", "symbol": "ADM", "eps": 0.46, "epsEstimated": 0.6, "time": "bmo", "revenue": 15304000000, "revenueEstimated": 19961739130.434784, "fiscalDateEnding": "2019-03-30", "updatedFromDate": "2023-09-29"}, {"date": "2019-04-26", "symbol": "ENTRA.OL", "eps": 1.46, "epsEstimated": 1.58, "time": "bmo", "revenue": 654000000, "revenueEstimated": null, "fiscalDateEnding": "2019-03-30", "updatedFromDate": "2023-05-17"}, {"date": "2019-04-26", "symbol": "300313.SZ", "eps": -0.027, "epsEstimated": null, "time": "bmo", "revenue": 28785050.87, "revenueEstimated": null, "fiscalDateEnding": "2019-03-30", "updatedFromDate": "2023-05-17"}, {"date": "2019-04-26", "symbol": "ALPHS.PA", "eps": -0.27557, "epsEstimated": null, "time": "bmo", "revenue": 7162237.945, "revenueEstimated": null, "fiscalDateEnding": "2019-01-26", "updatedFromDate": "2023-05-17"}, {"date": "2019-04-26", "symbol": "600559.SS", "eps": 0.1251, "epsEstimated": null, "time": "bmo", "revenue": 1149358971.69, "revenueEstimated": null, "fiscalDateEnding": "2019-03-30", "updatedFromDate": "2023-05-17"}, {"date": "2019-04-26", "symbol": "AZMTF", "eps": null, "epsEstimated": null, "time": "bmo", "revenue": null, "revenueEstimated": null, "fiscalDateEnding": "2019-06-30", "updatedFromDate": "2023-05-17"}, {"date": "2019-04-26", "symbol": "603518.SS", "eps": 0.04444, "epsEstimated": null, "time": "bmo", "revenue": 599047602.68, "revenueEstimated": null, "fiscalDateEnding": "2019-01-26", "updatedFromDate": "2023-05-17"}, {"date": "2019-04-26", "symbol": "300047.SZ", "eps": 0.02011, "epsEstimated": null, "time": "bmo", "revenue": 1004559551.98, "revenueEstimated": null, "fiscalDateEnding": "2019-03-30", "updatedFromDate": "2023-05-17"}, {"date": "2019-04-26", "symbol": "600578.SS", "eps": 0.06, "epsEstimated": null, "time": "bmo", "revenue": 3737597792.89, "revenueEstimated": null, "fiscalDateEnding": "2019-03-30", "updatedFromDate": "2023-05-17"}, {"date": "2019-04-26", "symbol": "600350.SS", "eps": 0.13, "epsEstimated": 0.1, "time": "bmo", "revenue": 1602669691.85, "revenueEstimated": null, "fiscalDateEnding": "2019-03-30", "updatedFromDate": "2023-05-17"}, {"date": "2019-04-26", "symbol": "SAB.MC", "eps": 0.04, "epsEstimated": 0.04, "time": "bmo", "revenue": 1306800000, "revenueEstimated": null, "fiscalDateEnding": "2019-03-30", "updatedFromDate": "2023-08-16"}, {"date": "2019-04-26", "symbol": "JEXYY", "eps": 0.61, "epsEstimated": null, "time": "bmo", "revenue": 2362097802, "revenueEstimated": null, "fiscalDateEnding": "2019-03-31", "updatedFromDate": "2023-09-29"}, {"date": "2019-04-26", "symbol": "012330.KS", "eps": 5100, "epsEstimated": 5510.09, "time": "bmo", "revenue": 9462251000000, "revenueEstimated": null, "fiscalDateEnding": "2019-01-26", "updatedFromDate": "2023-05-17"}, {"date": "2019-04-26", "symbol": "VOT.WA", "eps": 0.3827, "epsEstimated": null, "time": "bmo", "revenue": 33018000, "revenueEstimated": null, "fiscalDateEnding": "2019-01-26", "updatedFromDate": "2023-05-17"}, {"date": "2019-04-26", "symbol": "300095.SZ", "eps": 0.0501, "epsEstimated": null, "time": "bmo", "revenue": 231753081.29, "revenueEstimated": null, "fiscalDateEnding": "2019-03-30", "updatedFromDate": "2023-05-17"}, {"date": "2019-04-27", "symbol": "POWR.JK", "eps": 0.00171, "epsEstimated": null, "time": "bmo", "revenue": 144965634, "revenueEstimated": null, "fiscalDateEnding": "2019-03-30", "updatedFromDate": "2023-05-17"}, {"date": "2019-04-27", "symbol": "002360.SZ", "eps": 0.02, "epsEstimated": null, "time": "bmo", "revenue": 89275005.91, "revenueEstimated": null, "fiscalDateEnding": "2019-03-30", "updatedFromDate": "2023-05-17"}, {"date": "2019-04-27", "symbol": "601116.SS", "eps": 0.0983, "epsEstimated": null, "time": "bmo", "revenue": 1142482928.84, "revenueEstimated": null, "fiscalDateEnding": "2019-03-30", "updatedFromDate": "2023-05-17"}, {"date": "2019-04-27", "symbol": "603327.SS", "eps": 0.1932, "epsEstimated": null, "time": "bmo", "revenue": 288272422.29, "revenueEstimated": null, "fiscalDateEnding": "2019-03-30", "updatedFromDate": "2023-05-17"}, {"date": "2019-04-27", "symbol": "001914.SZ", "eps": 0.0825, "epsEstimated": null, "time": "bmo", "revenue": 1244511681.58, "revenueEstimated": null, "fiscalDateEnding": "2019-03-30", "updatedFromDate": "2023-05-17"}, {"date": "2019-04-27", "symbol": "603998.SS", "eps": 0.0558, "epsEstimated": null, "time": "bmo", "revenue": 238729474.19, "revenueEstimated": null, "fiscalDateEnding": "2019-03-30", "updatedFromDate": "2023-05-17"}, {"date": "2019-04-27", "symbol": "002669.SZ", "eps": 0.109, "epsEstimated": null, "time": "bmo", "revenue": 207299265.94, "revenueEstimated": null, "fiscalDateEnding": "2019-03-30", "updatedFromDate": "2023-05-17"}, {"date": "2019-04-27", "symbol": "601882.SS", "eps": 0.0207, "epsEstimated": null, "time": "bmo", "revenue": 249986433.85, "revenueEstimated": null, "fiscalDateEnding": "2019-03-30", "updatedFromDate": "2023-05-17"}, {"date": "2019-04-27", "symbol": "002829.SZ", "eps": 0.03, "epsEstimated": null, "time": "bmo", "revenue": 79750719.91, "revenueEstimated": null, "fiscalDateEnding": "2019-03-30", "updatedFromDate": "2023-05-17"}, {"date": "2019-04-27", "symbol": "600802.SS", "eps": 0.1583, "epsEstimated": null, "time": "bmo", "revenue": 577410697.2, "revenueEstimated": null, "fiscalDateEnding": "2019-03-30", "updatedFromDate": "2023-05-17"}, {"date": "2019-04-27", "symbol": "002476.SZ", "eps": 0.0057, "epsEstimated": null, "time": "bmo", "revenue": 131616890.14, "revenueEstimated": null, "fiscalDateEnding": "2019-03-30", "updatedFromDate": "2023-05-17"}, {"date": "2019-04-27", "symbol": "603855.SS", "eps": 0.1, "epsEstimated": null, "time": "bmo", "revenue": 356281812.98, "revenueEstimated": null, "fiscalDateEnding": "2019-03-30", "updatedFromDate": "2023-05-17"}, {"date": "2019-04-27", "symbol": "600499.SS", "eps": 0.076, "epsEstimated": null, "time": "bmo", "revenue": 1732376767.87, "revenueEstimated": null, "fiscalDateEnding": "2019-03-30", "updatedFromDate": "2023-05-17"}, {"date": "2019-04-27", "symbol": "PAR.PA", "eps": 2.33, "epsEstimated": null, "time": "bmo", "revenue": 43331000, "revenueEstimated": null, "fiscalDateEnding": "2019-03-31", "updatedFromDate": "2023-05-17"}, {"date": "2019-04-27", "symbol": "603858.SS", "eps": 0.2495, "epsEstimated": null, "time": "bmo", "revenue": 2883113089.09, "revenueEstimated": null, "fiscalDateEnding": "2019-03-30", "updatedFromDate": "2023-05-17"}, {"date": "2019-04-27", "symbol": "603615.SS", "eps": 0.08, "epsEstimated": null, "time": "bmo", "revenue": 200939834.26, "revenueEstimated": null, "fiscalDateEnding": "2019-03-30", "updatedFromDate": "2023-05-17"}, {"date": "2019-04-27", "symbol": "ON", "eps": 0.43, "epsEstimated": 0.4, "time": "bmo", "revenue": 1386600000, "revenueEstimated": 1289860465.1162791, "fiscalDateEnding": "2019-03-28", "updatedFromDate": "2023-09-29"}, {"date": "2019-04-27", "symbol": "603598.SS", "eps": 0.03, "epsEstimated": null, "time": "bmo", "revenue": 480749079.83, "revenueEstimated": null, "fiscalDateEnding": "2019-03-30", "updatedFromDate": "2023-05-17"}, {"date": "2019-04-27", "symbol": "600894.SS", "eps": 0.1492, "epsEstimated": null, "time": "bmo", "revenue": 1142980620.8, "revenueEstimated": null, "fiscalDateEnding": "2019-03-30", "updatedFromDate": "2023-05-17"}, {"date": "2019-04-27", "symbol": "603727.SS", "eps": 0.02, "epsEstimated": null, "time": "bmo", "revenue": 167642028.43, "revenueEstimated": null, "fiscalDateEnding": "2019-03-30", "updatedFromDate": "2023-05-17"}, {"date": "2019-04-27", "symbol": "600919.SS", "eps": 0.3033, "epsEstimated": null, "time": "bmo", "revenue": 11092324000, "revenueEstimated": null, "fiscalDateEnding": "2019-03-30", "updatedFromDate": "2023-05-17"}, {"date": "2019-04-27", "symbol": "002685.SZ", "eps": 0.0409, "epsEstimated": null, "time": "bmo", "revenue": 2539714735.53, "revenueEstimated": null, "fiscalDateEnding": "2019-03-30", "updatedFromDate": "2023-05-17"}, {"date": "2019-04-27", "symbol": "002073.SZ", "eps": 0.02, "epsEstimated": null, "time": "bmo", "revenue": 714056145.36, "revenueEstimated": null, "fiscalDateEnding": "2019-03-30", "updatedFromDate": "2023-05-17"}, {"date": "2019-04-27", "symbol": "TESB.BR", "eps": 0.534, "epsEstimated": null, "time": "bmo", "revenue": 462500000, "revenueEstimated": null, "fiscalDateEnding": "2019-03-31", "updatedFromDate": "2023-05-17"}, {"date": "2019-04-27", "symbol": "603258.SS", "eps": 0.17, "epsEstimated": null, "time": "bmo", "revenue": 135435224.09, "revenueEstimated": null, "fiscalDateEnding": "2019-03-30", "updatedFromDate": "2023-05-17"}, {"date": "2019-04-27", "symbol": "600131.SS", "eps": 0.076, "epsEstimated": null, "time": "bmo", "revenue": 225461391.48, "revenueEstimated": null, "fiscalDateEnding": "2019-03-30", "updatedFromDate": "2023-05-17"}, {"date": "2019-04-27", "symbol": "000526.SZ", "eps": 0.0262, "epsEstimated": null, "time": "bmo", "revenue": 758860135.69, "revenueEstimated": null, "fiscalDateEnding": "2019-03-30", "updatedFromDate": "2023-05-17"}, {"date": "2019-04-27", "symbol": "601598.SS", "eps": 0.08, "epsEstimated": null, "time": "bmo", "revenue": null, "revenueEstimated": null, "fiscalDateEnding": "2019-03-31", "updatedFromDate": "2023-08-16"}, {"date": "2019-04-27", "symbol": "600882.SS", "eps": -0.0113, "epsEstimated": null, "time": "bmo", "revenue": 297960428.17, "revenueEstimated": null, "fiscalDateEnding": "2019-03-31", "updatedFromDate": "2023-08-17"}, {"date": "2019-04-27", "symbol": "603081.SS", "eps": 0.14, "epsEstimated": null, "time": "bmo", "revenue": 379744059.26, "revenueEstimated": null, "fiscalDateEnding": "2019-03-30", "updatedFromDate": "2023-05-17"}, {"date": "2019-04-27", "symbol": "600390.SS", "eps": 0.23, "epsEstimated": null, "time": "bmo", "revenue": 2774175731.63, "revenueEstimated": null, "fiscalDateEnding": "2019-03-30", "updatedFromDate": "2023-05-17"}, {"date": "2019-04-27", "symbol": "T24.SI", "eps": null, "epsEstimated": null, "time": "bmo", "revenue": null, "revenueEstimated": null, "fiscalDateEnding": "2019-03-31", "updatedFromDate": "2023-05-17"}, {"date": "2019-04-27", "symbol": "600556.SS", "eps": -0.0166, "epsEstimated": null, "time": "bmo", "revenue": 5462056.01, "revenueEstimated": null, "fiscalDateEnding": "2019-03-30", "updatedFromDate": "2023-05-17"}, {"date": "2019-04-27", "symbol": "603788.SS", "eps": 0.1948, "epsEstimated": null, "time": "bmo", "revenue": 214973706.38, "revenueEstimated": null, "fiscalDateEnding": "2019-01-27", "updatedFromDate": "2023-05-17"}, {"date": "2019-04-27", "symbol": "002785.SZ", "eps": 0.01565, "epsEstimated": null, "time": "bmo", "revenue": 248989017.97, "revenueEstimated": null, "fiscalDateEnding": "2019-01-27", "updatedFromDate": "2023-05-17"}, {"date": "2019-04-27", "symbol": "000915.SZ", "eps": 0.1, "epsEstimated": null, "time": "bmo", "revenue": 319791327.93, "revenueEstimated": null, "fiscalDateEnding": "2019-03-30", "updatedFromDate": "2023-05-17"}, {"date": "2019-04-27", "symbol": "002052.SZ", "eps": -0.0005, "epsEstimated": null, "time": "bmo", "revenue": 240659704.94, "revenueEstimated": null, "fiscalDateEnding": "2019-06-29", "updatedFromDate": "2023-05-17"}, {"date": "2019-04-27", "symbol": "601869.SS", "eps": 0.33, "epsEstimated": null, "time": "bmo", "revenue": null, "revenueEstimated": null, "fiscalDateEnding": "2019-03-31", "updatedFromDate": "2023-08-16"}, {"date": "2019-04-27", "symbol": "SZEVF", "eps": null, "epsEstimated": 0.13, "time": "bmo", "revenue": null, "revenueEstimated": null, "fiscalDateEnding": "2019-03-31", "updatedFromDate": "2023-05-17"}, {"date": "2019-04-27", "symbol": "002536.SZ", "eps": 0.05333, "epsEstimated": null, "time": "bmo", "revenue": 723109910.23, "revenueEstimated": null, "fiscalDateEnding": "2019-03-30", "updatedFromDate": "2023-05-17"}, {"date": "2019-04-27", "symbol": "002348.SZ", "eps": 0.0193, "epsEstimated": null, "time": "bmo", "revenue": 225885891.1, "revenueEstimated": null, "fiscalDateEnding": "2019-03-30", "updatedFromDate": "2023-05-17"}, {"date": "2019-04-27", "symbol": "002489.SZ", "eps": 0.12, "epsEstimated": null, "time": "bmo", "revenue": 1874235390.53, "revenueEstimated": null, "fiscalDateEnding": "2019-03-30", "updatedFromDate": "2023-05-17"}, {"date": "2019-04-27", "symbol": "300629.SZ", "eps": null, "epsEstimated": null, "time": "bmo", "revenue": null, "revenueEstimated": null, "fiscalDateEnding": "2019-03-31", "updatedFromDate": "2023-05-17"}, {"date": "2019-04-27", "symbol": "AIY.SI", "eps": 0.00587, "epsEstimated": null, "time": "bmo", "revenue": 27189000, "revenueEstimated": null, "fiscalDateEnding": "2019-03-30", "updatedFromDate": "2023-08-16"}, {"date": "2019-04-27", "symbol": "601801.SS", "eps": 0.02, "epsEstimated": null, "time": "bmo", "revenue": 2421154730.59, "revenueEstimated": null, "fiscalDateEnding": "2019-03-30", "updatedFromDate": "2023-05-17"}, {"date": "2019-04-27", "symbol": "600378.SS", "eps": 0.111, "epsEstimated": null, "time": "bmo", "revenue": 1042284598.17, "revenueEstimated": null, "fiscalDateEnding": "2019-03-30", "updatedFromDate": "2023-05-17"}, {"date": "2019-04-27", "symbol": "002392.SZ", "eps": 0.067, "epsEstimated": null, "time": "bmo", "revenue": 791017812.24, "revenueEstimated": null, "fiscalDateEnding": "2019-03-30", "updatedFromDate": "2023-05-17"}, {"date": "2019-04-27", "symbol": "603619.SS", "eps": 0.07, "epsEstimated": null, "time": "bmo", "revenue": 411783514.29, "revenueEstimated": null, "fiscalDateEnding": "2019-03-30", "updatedFromDate": "2023-05-17"}, {"date": "2019-04-27", "symbol": "601615.SS", "eps": 0.04, "epsEstimated": null, "time": "bmo", "revenue": 1745910591.84, "revenueEstimated": null, "fiscalDateEnding": "2019-03-31", "updatedFromDate": "2023-08-16"}, {"date": "2019-04-27", "symbol": "002970.SZ", "eps": 0.13, "epsEstimated": null, "time": "bmo", "revenue": 268839430.36, "revenueEstimated": null, "fiscalDateEnding": "2019-03-30", "updatedFromDate": "2023-05-17"}, {"date": "2019-04-27", "symbol": "002533.SZ", "eps": 0.068, "epsEstimated": null, "time": "bmo", "revenue": 1162103278.1, "revenueEstimated": null, "fiscalDateEnding": "2019-03-30", "updatedFromDate": "2023-05-17"}, {"date": "2019-04-27", "symbol": "002488.SZ", "eps": 0.02326, "epsEstimated": null, "time": "bmo", "revenue": 622195754.58, "revenueEstimated": null, "fiscalDateEnding": "2019-01-27", "updatedFromDate": "2023-05-17"}, {"date": "2019-04-27", "symbol": "603626.SS", "eps": 0.03, "epsEstimated": null, "time": "bmo", "revenue": 460615684.2, "revenueEstimated": null, "fiscalDateEnding": "2019-03-30", "updatedFromDate": "2023-05-17"}, {"date": "2019-04-27", "symbol": "603755.SS", "eps": 0.2, "epsEstimated": null, "time": "bmo", "revenue": 54415052.99, "revenueEstimated": null, "fiscalDateEnding": "2019-03-30", "updatedFromDate": "2023-08-16"}, {"date": "2019-04-27", "symbol": "002160.SZ", "eps": -0.0255, "epsEstimated": null, "time": "bmo", "revenue": 1043097271.43, "revenueEstimated": null, "fiscalDateEnding": "2019-03-30", "updatedFromDate": "2023-05-17"}, {"date": "2019-04-27", "symbol": "002446.SZ", "eps": 0.07, "epsEstimated": null, "time": "bmo", "revenue": 404543670.67, "revenueEstimated": null, "fiscalDateEnding": "2019-03-30", "updatedFromDate": "2023-05-17"}, {"date": "2019-04-27", "symbol": "200045.SZ", "eps": null, "epsEstimated": null, "time": "bmo", "revenue": null, "revenueEstimated": null, "fiscalDateEnding": "2019-03-31", "updatedFromDate": "2023-05-31"}, {"date": "2019-04-27", "symbol": "000926.SZ", "eps": 0.2078, "epsEstimated": null, "time": "bmo", "revenue": 1659552888.13, "revenueEstimated": null, "fiscalDateEnding": "2019-01-27", "updatedFromDate": "2023-05-17"}, {"date": "2019-04-27", "symbol": "603203.SS", "eps": 0.1833, "epsEstimated": null, "time": "bmo", "revenue": 102446316.28, "revenueEstimated": null, "fiscalDateEnding": "2019-03-30", "updatedFromDate": "2023-05-17"}, {"date": "2019-04-27", "symbol": "600963.SS", "eps": 0.0335, "epsEstimated": null, "time": "bmo", "revenue": 1725538910.23, "revenueEstimated": null, "fiscalDateEnding": "2019-01-27", "updatedFromDate": "2023-05-17"}, {"date": "2019-04-27", "symbol": "600516.SS", "eps": 0.19, "epsEstimated": null, "time": "bmo", "revenue": 1801003212.57, "revenueEstimated": null, "fiscalDateEnding": "2019-03-30", "updatedFromDate": "2023-08-16"}, {"date": "2019-04-27", "symbol": "000950.SZ", "eps": 0.08, "epsEstimated": null, "time": "bmo", "revenue": 7909446755.05, "revenueEstimated": null, "fiscalDateEnding": "2019-03-30", "updatedFromDate": "2023-05-17"}, {"date": "2019-04-27", "symbol": "002887.SZ", "eps": 0.1333, "epsEstimated": null, "time": "bmo", "revenue": 135385289.87, "revenueEstimated": null, "fiscalDateEnding": "2019-03-30", "updatedFromDate": "2023-05-17"}, {"date": "2019-04-27", "symbol": "600373.SS", "eps": 0.36, "epsEstimated": 0.39, "time": "bmo", "revenue": 3064163588.22, "revenueEstimated": null, "fiscalDateEnding": "2019-01-27", "updatedFromDate": "2023-05-17"}, {"date": "2019-04-27", "symbol": "600449.SS", "eps": -0.12, "epsEstimated": null, "time": "bmo", "revenue": 475238496.56, "revenueEstimated": null, "fiscalDateEnding": "2019-03-30", "updatedFromDate": "2023-05-17"}, {"date": "2019-04-27", "symbol": "300035.SZ", "eps": null, "epsEstimated": null, "time": "bmo", "revenue": null, "revenueEstimated": null, "fiscalDateEnding": "2019-03-31", "updatedFromDate": "2023-05-31"}, {"date": "2019-04-27", "symbol": "000785.SZ", "eps": 0.18, "epsEstimated": null, "time": "bmo", "revenue": 1092219960.53, "revenueEstimated": null, "fiscalDateEnding": "2019-03-30", "updatedFromDate": "2023-05-17"}, {"date": "2019-04-27", "symbol": "BEST.JK", "eps": 9.89, "epsEstimated": null, "time": "bmo", "revenue": 247280482909, "revenueEstimated": null, "fiscalDateEnding": "2019-03-31", "updatedFromDate": "2023-05-17"}, {"date": "2019-04-27", "symbol": "600483.SS", "eps": 0.12, "epsEstimated": null, "time": "bmo", "revenue": 1804370835.04, "revenueEstimated": null, "fiscalDateEnding": "2019-03-30", "updatedFromDate": "2023-05-17"}, {"date": "2019-04-27", "symbol": "000806.SZ", "eps": -0.0113, "epsEstimated": null, "time": "bmo", "revenue": 160729578.07, "revenueEstimated": null, "fiscalDateEnding": "2019-03-30", "updatedFromDate": "2023-05-17"}, {"date": "2019-04-27", "symbol": "002325.SZ", "eps": 0.06, "epsEstimated": null, "time": "bmo", "revenue": 1193182514.52, "revenueEstimated": null, "fiscalDateEnding": "2019-03-30", "updatedFromDate": "2023-05-17"}, {"date": "2019-04-27", "symbol": "5DD.SI", "eps": null, "epsEstimated": null, "time": "bmo", "revenue": null, "revenueEstimated": null, "fiscalDateEnding": "2019-06-30", "updatedFromDate": "2023-05-17"}, {"date": "2019-04-27", "symbol": "000655.SZ", "eps": 0.05, "epsEstimated": null, "time": "bmo", "revenue": 288107820.23, "revenueEstimated": null, "fiscalDateEnding": "2019-03-30", "updatedFromDate": "2023-05-17"}, {"date": "2019-04-27", "symbol": "600966.SS", "eps": 0.0916, "epsEstimated": null, "time": "bmo", "revenue": 2170504514.6, "revenueEstimated": null, "fiscalDateEnding": "2019-03-30", "updatedFromDate": "2023-05-17"}, {"date": "2019-04-27", "symbol": "000045.SZ", "eps": 0.0203, "epsEstimated": null, "time": "bmo", "revenue": 592839958.12, "revenueEstimated": null, "fiscalDateEnding": "2019-03-30", "updatedFromDate": "2023-05-17"}, {"date": "2019-04-27", "symbol": "600436.SS", "eps": 0.67, "epsEstimated": 0.46, "time": "bmo", "revenue": 1484289264.63, "revenueEstimated": null, "fiscalDateEnding": "2019-03-30", "updatedFromDate": "2023-05-17"}, {"date": "2019-04-27", "symbol": "601878.SS", "eps": 0.08, "epsEstimated": null, "time": "bmo", "revenue": 1245871605.67, "revenueEstimated": null, "fiscalDateEnding": "2019-03-30", "updatedFromDate": "2023-05-17"}, {"date": "2019-04-27", "symbol": "600077.SS", "eps": -0.01, "epsEstimated": null, "time": "bmo", "revenue": 248323981.23, "revenueEstimated": null, "fiscalDateEnding": "2019-03-30", "updatedFromDate": "2023-05-17"}, {"date": "2019-04-27", "symbol": "002151.SZ", "eps": -0.03, "epsEstimated": null, "time": "bmo", "revenue": 591162950.32, "revenueEstimated": null, "fiscalDateEnding": "2019-03-30", "updatedFromDate": "2023-05-17"}, {"date": "2019-04-27", "symbol": "603228.SS", "eps": 0.2296, "epsEstimated": null, "time": "bmo", "revenue": 1316225801.31, "revenueEstimated": null, "fiscalDateEnding": "2019-03-30", "updatedFromDate": "2023-05-17"}, {"date": "2019-04-27", "symbol": "002429.SZ", "eps": 0.042, "epsEstimated": null, "time": "bmo", "revenue": 2466216429.3, "revenueEstimated": null, "fiscalDateEnding": "2019-03-30", "updatedFromDate": "2023-05-17"}, {"date": "2019-04-27", "symbol": "300128.SZ", "eps": null, "epsEstimated": null, "time": "bmo", "revenue": null, "revenueEstimated": null, "fiscalDateEnding": "2019-03-31", "updatedFromDate": "2023-05-31"}, {"date": "2019-04-27", "symbol": "300097.SZ", "eps": null, "epsEstimated": null, "time": "bmo", "revenue": null, "revenueEstimated": null, "fiscalDateEnding": "2019-03-31", "updatedFromDate": "2023-05-31"}, {"date": "2019-04-27", "symbol": "000917.SZ", "eps": 0.01, "epsEstimated": null, "time": "bmo", "revenue": 1424982164.67, "revenueEstimated": null, "fiscalDateEnding": "2019-03-30", "updatedFromDate": "2023-05-17"}, {"date": "2019-04-27", "symbol": "300569.SZ", "eps": null, "epsEstimated": null, "time": "bmo", "revenue": null, "revenueEstimated": null, "fiscalDateEnding": "2019-03-31", "updatedFromDate": "2023-05-17"}, {"date": "2019-04-27", "symbol": "600673.SS", "eps": 0.151, "epsEstimated": null, "time": "bmo", "revenue": 3914829094.57, "revenueEstimated": null, "fiscalDateEnding": "2019-03-30", "updatedFromDate": "2023-05-17"}, {"date": "2019-04-27", "symbol": "000813.SZ", "eps": 0.0545, "epsEstimated": null, "time": "bmo", "revenue": 480934229.19, "revenueEstimated": null, "fiscalDateEnding": "2019-03-30", "updatedFromDate": "2023-05-17"}, {"date": "2019-04-27", "symbol": "000881.SZ", "eps": 0.0172, "epsEstimated": null, "time": "bmo", "revenue": 1194343418.58, "revenueEstimated": null, "fiscalDateEnding": "2019-03-30", "updatedFromDate": "2023-05-17"}, {"date": "2019-04-27", "symbol": "300435.SZ", "eps": 0.06, "epsEstimated": null, "time": "bmo", "revenue": 135813372.53, "revenueEstimated": null, "fiscalDateEnding": "2019-03-30", "updatedFromDate": "2023-05-17"}, {"date": "2019-04-27", "symbol": "002123.SZ", "eps": 0.07, "epsEstimated": null, "time": "bmo", "revenue": 592403331.86, "revenueEstimated": null, "fiscalDateEnding": "2019-03-30", "updatedFromDate": "2023-05-17"}, {"date": "2019-04-27", "symbol": "300118.SZ", "eps": null, "epsEstimated": null, "time": "bmo", "revenue": null, "revenueEstimated": null, "fiscalDateEnding": "2019-03-31", "updatedFromDate": "2023-05-31"}, {"date": "2019-04-27", "symbol": "600662.SS", "eps": 0.1453, "epsEstimated": null, "time": "bmo", "revenue": 954726714.81, "revenueEstimated": null, "fiscalDateEnding": "2019-03-30", "updatedFromDate": "2023-05-17"}, {"date": "2019-04-28", "symbol": "000338.SZ", "eps": 0.33, "epsEstimated": 0.22, "time": "bmo", "revenue": 45650863177.93, "revenueEstimated": null, "fiscalDateEnding": "2019-01-28", "updatedFromDate": "2023-05-17"}, {"date": "2019-04-28", "symbol": "002659.SZ", "eps": -0.04, "epsEstimated": null, "time": "bmo", "revenue": 80489943.53, "revenueEstimated": null, "fiscalDateEnding": "2019-03-30", "updatedFromDate": "2023-05-17"}, {"date": "2019-04-28", "symbol": "603968.SS", "eps": 0.25, "epsEstimated": null, "time": "bmo", "revenue": 539452967.94, "revenueEstimated": null, "fiscalDateEnding": "2019-03-30", "updatedFromDate": "2023-05-17"}, {"date": "2019-04-28", "symbol": "603305.SS", "eps": 0.09, "epsEstimated": null, "time": "bmo", "revenue": 251559868.55, "revenueEstimated": null, "fiscalDateEnding": "2019-03-30", "updatedFromDate": "2023-08-16"}, {"date": "2019-04-28", "symbol": "002176.SZ", "eps": 0.02, "epsEstimated": null, "time": "bmo", "revenue": 595239225.83, "revenueEstimated": null, "fiscalDateEnding": "2019-03-30", "updatedFromDate": "2023-05-17"}, {"date": "2019-04-28", "symbol": "FLMNY", "eps": 0.54, "epsEstimated": 0.54, "time": "bmo", "revenue": null, "revenueEstimated": null, "fiscalDateEnding": "2019-03-31", "updatedFromDate": "2023-05-17"}, {"date": "2019-04-28", "symbol": "FLMNF", "eps": 0.54, "epsEstimated": 0.54, "time": "bmo", "revenue": null, "revenueEstimated": null, "fiscalDateEnding": "2019-03-31", "updatedFromDate": "2023-05-17"}, {"date": "2019-04-28", "symbol": "HYPE3.SA", "eps": 0.51, "epsEstimated": 0.51, "time": "bmo", "revenue": 383578000, "revenueEstimated": null, "fiscalDateEnding": "2019-03-31", "updatedFromDate": "2023-05-17"}, {"date": "2019-04-28", "symbol": "SCVUF", "eps": 9.72, "epsEstimated": 9.24, "time": "bmo", "revenue": null, "revenueEstimated": null, "fiscalDateEnding": "2019-03-31", "updatedFromDate": "2023-05-17"}, {"date": "2019-04-28", "symbol": "RYLPF", "eps": 0.29, "epsEstimated": 0.2, "time": "bmo", "revenue": null, "revenueEstimated": null, "fiscalDateEnding": "2019-03-31", "updatedFromDate": "2023-05-17"}, {"date": "2019-04-28", "symbol": "002318.SZ", "eps": 0.084, "epsEstimated": null, "time": "bmo", "revenue": 1011148818.72, "revenueEstimated": null, "fiscalDateEnding": "2019-03-30", "updatedFromDate": "2023-05-17"}, {"date": "2019-04-28", "symbol": "603358.SS", "eps": 0.08571, "epsEstimated": null, "time": "bmo", "revenue": 885535450.63, "revenueEstimated": null, "fiscalDateEnding": "2019-03-30", "updatedFromDate": "2023-05-17"}, {"date": "2019-04-28", "symbol": "BBAJF", "eps": 1.19, "epsEstimated": 1.14, "time": "bmo", "revenue": null, "revenueEstimated": null, "fiscalDateEnding": "2019-03-31", "updatedFromDate": "2023-05-17"}, {"date": "2019-04-28", "symbol": "300026.SZ", "eps": null, "epsEstimated": null, "time": "bmo", "revenue": null, "revenueEstimated": null, "fiscalDateEnding": "2019-03-31", "updatedFromDate": "2023-05-31"}, {"date": "2019-04-28", "symbol": "002607.SZ", "eps": 0.02, "epsEstimated": null, "time": "bmo", "revenue": 1311632662.04, "revenueEstimated": null, "fiscalDateEnding": "2019-03-30", "updatedFromDate": "2023-08-16"}, {"date": "2019-04-28", "symbol": "601658.SS", "eps": 0.1873, "epsEstimated": null, "time": "bmo", "revenue": 50240750000, "revenueEstimated": null, "fiscalDateEnding": "2019-01-28", "updatedFromDate": "2023-08-16"}, {"date": "2019-04-28", "symbol": "SCVPF", "eps": 9.72, "epsEstimated": 9.24, "time": "bmo", "revenue": null, "revenueEstimated": null, "fiscalDateEnding": "2019-03-31", "updatedFromDate": "2023-08-16"}, {"date": "2019-04-28", "symbol": "000651.SZ", "eps": 0.85, "epsEstimated": 0.98, "time": "bmo", "revenue": 41005301371.33, "revenueEstimated": null, "fiscalDateEnding": "2019-03-30", "updatedFromDate": "2023-08-16"}, {"date": "2019-04-28", "symbol": "BBAJIOO.MX", "eps": 1.19, "epsEstimated": 1.14, "time": "bmo", "revenue": 3594000000, "revenueEstimated": null, "fiscalDateEnding": "2019-03-30", "updatedFromDate": "2023-08-16"}, {"date": "2019-04-28", "symbol": "000581.SZ", "eps": 0.68, "epsEstimated": 0.73, "time": "bmo", "revenue": 2270130717.54, "revenueEstimated": null, "fiscalDateEnding": "2019-03-30", "updatedFromDate": "2023-08-16"}, {"date": "2019-04-28", "symbol": "002413.SZ", "eps": 0.01, "epsEstimated": null, "time": "bmo", "revenue": 173442486.09, "revenueEstimated": null, "fiscalDateEnding": "2019-03-30", "updatedFromDate": "2023-05-17"}, {"date": "2019-04-28", "symbol": "000060.SZ", "eps": 0.07, "epsEstimated": null, "time": "bmo", "revenue": 4109370056.71, "revenueEstimated": null, "fiscalDateEnding": "2019-03-30", "updatedFromDate": "2023-05-17"}, {"date": "2019-04-28", "symbol": "002197.SZ", "eps": 0.01, "epsEstimated": null, "time": "bmo", "revenue": 253239451.7, "revenueEstimated": null, "fiscalDateEnding": "2019-03-30", "updatedFromDate": "2023-05-17"}, {"date": "2019-04-28", "symbol": "002625.SZ", "eps": 0.004, "epsEstimated": null, "time": "bmo", "revenue": 80990452.72, "revenueEstimated": null, "fiscalDateEnding": "2019-03-30", "updatedFromDate": "2023-05-17"}, {"date": "2019-04-28", "symbol": "PBBIF", "eps": 0.75, "epsEstimated": 1.84, "time": "bmo", "revenue": null, "revenueEstimated": null, "fiscalDateEnding": "2019-03-31", "updatedFromDate": "2023-05-17"}, {"date": "2019-04-28", "symbol": "GZPHF", "eps": 0.87, "epsEstimated": 0.5, "time": "bmo", "revenue": null, "revenueEstimated": null, "fiscalDateEnding": "2019-03-31", "updatedFromDate": "2023-05-17"}, {"date": "2019-04-28", "symbol": "002206.SZ", "eps": 0.07, "epsEstimated": null, "time": "bmo", "revenue": 948833709.55, "revenueEstimated": null, "fiscalDateEnding": "2019-03-30", "updatedFromDate": "2023-05-17"}, {"date": "2019-04-28", "symbol": "002402.SZ", "eps": 0.0716, "epsEstimated": null, "time": "bmo", "revenue": 768589391.38, "revenueEstimated": null, "fiscalDateEnding": "2019-03-30", "updatedFromDate": "2023-05-17"}, {"date": "2019-04-28", "symbol": "600031.SS", "eps": 0.41, "epsEstimated": 0.33, "time": "bmo", "revenue": 21294618000, "revenueEstimated": null, "fiscalDateEnding": "2019-03-31", "updatedFromDate": "2023-08-17"}, {"date": "2019-04-28", "symbol": "AAB.TO", "eps": -0.0094, "epsEstimated": null, "time": "bmo", "revenue": -443753, "revenueEstimated": null, "fiscalDateEnding": "2019-01-28", "updatedFromDate": "2023-10-17"}, {"date": "2019-04-28", "symbol": "600536.SS", "eps": -0.21, "epsEstimated": null, "time": "bmo", "revenue": 1007082826.38, "revenueEstimated": null, "fiscalDateEnding": "2019-03-30", "updatedFromDate": "2023-05-17"}, {"date": "2019-04-28", "symbol": "002867.SZ", "eps": 0.27, "epsEstimated": null, "time": "bmo", "revenue": 1097425280.14, "revenueEstimated": null, "fiscalDateEnding": "2019-03-30", "updatedFromDate": "2023-08-16"}, {"date": "2019-04-28", "symbol": "1970.HK", "eps": 0.03024, "epsEstimated": null, "time": "bmo", "revenue": 31073500, "revenueEstimated": null, "fiscalDateEnding": "2019-01-28", "updatedFromDate": "2023-05-17"}, {"date": "2019-04-28", "symbol": "0874.HK", "eps": 0.87, "epsEstimated": 0.5, "time": "bmo", "revenue": 18055312257.27, "revenueEstimated": null, "fiscalDateEnding": "2019-03-30", "updatedFromDate": "2023-08-16"}, {"date": "2019-04-28", "symbol": "002135.SZ", "eps": 0.09586, "epsEstimated": null, "time": "bmo", "revenue": 2295905547.39, "revenueEstimated": null, "fiscalDateEnding": "2019-01-28", "updatedFromDate": "2023-05-17"}, {"date": "2019-04-28", "symbol": "300174.SZ", "eps": null, "epsEstimated": null, "time": "bmo", "revenue": null, "revenueEstimated": null, "fiscalDateEnding": "2019-03-31", "updatedFromDate": "2023-05-31"}, {"date": "2019-04-28", "symbol": "300317.SZ", "eps": null, "epsEstimated": null, "time": "bmo", "revenue": null, "revenueEstimated": null, "fiscalDateEnding": "2019-03-31", "updatedFromDate": "2023-05-31"}, {"date": "2019-04-28", "symbol": "600590.SS", "eps": 0.064, "epsEstimated": null, "time": "bmo", "revenue": 1235600294.08, "revenueEstimated": null, "fiscalDateEnding": "2019-03-30", "updatedFromDate": "2023-05-17"}, {"date": "2019-04-28", "symbol": "002757.SZ", "eps": 0.1835, "epsEstimated": null, "time": "bmo", "revenue": 326728125.33, "revenueEstimated": null, "fiscalDateEnding": "2019-03-30", "updatedFromDate": "2023-05-17"}, {"date": "2019-04-28", "symbol": "AMRPF", "eps": 1794.06, "epsEstimated": 2553.13, "time": "bmo", "revenue": null, "revenueEstimated": null, "fiscalDateEnding": "2019-03-31", "updatedFromDate": "2023-05-17"}, {"date": "2019-04-28", "symbol": "002153.SZ", "eps": 0.05, "epsEstimated": null, "time": "bmo", "revenue": 701308267.4, "revenueEstimated": null, "fiscalDateEnding": "2019-03-30", "updatedFromDate": "2023-08-16"}, {"date": "2019-04-28", "symbol": "CVVTF", "eps": 0.98, "epsEstimated": 0.96, "time": "bmo", "revenue": null, "revenueEstimated": null, "fiscalDateEnding": "2019-03-31", "updatedFromDate": "2023-05-17"}, {"date": "2019-04-28", "symbol": "002039.SZ", "eps": 0.2843, "epsEstimated": null, "time": "bmo", "revenue": 530123961.6, "revenueEstimated": null, "fiscalDateEnding": "2019-01-28", "updatedFromDate": "2023-05-17"}, {"date": "2019-04-28", "symbol": "603681.SS", "eps": 0.21, "epsEstimated": null, "time": "bmo", "revenue": 395431181.44, "revenueEstimated": null, "fiscalDateEnding": "2019-03-30", "updatedFromDate": "2023-05-17"}, {"date": "2019-04-28", "symbol": "002127.SZ", "eps": 0.05, "epsEstimated": null, "time": "bmo", "revenue": 824328152.3, "revenueEstimated": null, "fiscalDateEnding": "2019-03-30", "updatedFromDate": "2023-05-17"}, {"date": "2019-04-28", "symbol": "002120.SZ", "eps": 0.2, "epsEstimated": 0.23, "time": "bmo", "revenue": 6684599615.38, "revenueEstimated": null, "fiscalDateEnding": "2019-03-30", "updatedFromDate": "2023-08-16"}, {"date": "2019-04-28", "symbol": "ACEHF", "eps": 13.87, "epsEstimated": 13.52, "time": "bmo", "revenue": null, "revenueEstimated": null, "fiscalDateEnding": "2019-03-31", "updatedFromDate": "2023-05-17"}, {"date": "2019-04-28", "symbol": "AABVF", "eps": null, "epsEstimated": null, "time": "bmo", "revenue": null, "revenueEstimated": null, "fiscalDateEnding": "2019-09-30", "updatedFromDate": "2023-05-17"}, {"date": "2019-04-28", "symbol": "002439.SZ", "eps": -0.04, "epsEstimated": 0.12, "time": "bmo", "revenue": 347101346.28, "revenueEstimated": null, "fiscalDateEnding": "2019-03-30", "updatedFromDate": "2023-08-16"}, {"date": "2019-04-28", "symbol": "WML.V", "eps": -0.07215, "epsEstimated": null, "time": "bmo", "revenue": null, "revenueEstimated": null, "fiscalDateEnding": "2019-02-28", "updatedFromDate": "2023-05-17"}, {"date": "2019-04-28", "symbol": "1080.SR", "eps": 0.61, "epsEstimated": 0.62, "time": "bmo", "revenue": 1619520000, "revenueEstimated": null, "fiscalDateEnding": "2019-03-30", "updatedFromDate": "2023-05-17"}, {"date": "2019-04-28", "symbol": "000858.SZ", "eps": 1.67, "epsEstimated": 1.58, "time": "bmo", "revenue": 17590253203.22, "revenueEstimated": null, "fiscalDateEnding": "2019-03-30", "updatedFromDate": "2023-08-16"}, {"date": "2019-04-28", "symbol": "002621.SZ", "eps": 0.02101, "epsEstimated": null, "time": "bmo", "revenue": 123693349.23, "revenueEstimated": null, "fiscalDateEnding": "2019-03-30", "updatedFromDate": "2023-05-17"}, {"date": "2019-04-28", "symbol": "601717.SS", "eps": 0.218, "epsEstimated": null, "time": "bmo", "revenue": 6353938114.62, "revenueEstimated": null, "fiscalDateEnding": "2019-03-30", "updatedFromDate": "2023-05-17"}, {"date": "2019-04-28", "symbol": "600332.SS", "eps": 0.87, "epsEstimated": 0.48, "time": "bmo", "revenue": 15285515497.1, "revenueEstimated": null, "fiscalDateEnding": "2019-01-28", "updatedFromDate": "2023-05-17"}, {"date": "2019-04-28", "symbol": "600338.SS", "eps": 0.2, "epsEstimated": null, "time": "bmo", "revenue": 425757640.75, "revenueEstimated": null, "fiscalDateEnding": "2019-03-30", "updatedFromDate": "2023-05-17"}, {"date": "2019-04-28", "symbol": "ASLN", "eps": 0.67, "epsEstimated": 0.9, "time": "bmo", "revenue": 3000000, "revenueEstimated": null, "fiscalDateEnding": "2019-03-31", "updatedFromDate": "2023-09-29"}, {"date": "2019-04-28", "symbol": "300770.SZ", "eps": null, "epsEstimated": null, "time": "bmo", "revenue": null, "revenueEstimated": null, "fiscalDateEnding": "2019-03-31", "updatedFromDate": "2023-05-17"}, {"date": "2019-04-28", "symbol": "IIP-UN.TO", "eps": 0.1281, "epsEstimated": null, "time": "bmo", "revenue": 33731000, "revenueEstimated": null, "fiscalDateEnding": "2019-03-31", "updatedFromDate": "2023-10-16"}, {"date": "2019-04-28", "symbol": "IMXCF", "eps": null, "epsEstimated": null, "time": "bmo", "revenue": null, "revenueEstimated": null, "fiscalDateEnding": "2019-03-31", "updatedFromDate": "2023-05-17"}, {"date": "2019-04-28", "symbol": "000786.SZ", "eps": 0.19, "epsEstimated": null, "time": "bmo", "revenue": 2426959306.69, "revenueEstimated": null, "fiscalDateEnding": "2019-03-30", "updatedFromDate": "2023-05-17"}, {"date": "2019-04-28", "symbol": "600855.SS", "eps": -0.07106, "epsEstimated": null, "time": "bmo", "revenue": 473452918.68, "revenueEstimated": null, "fiscalDateEnding": "2019-01-28", "updatedFromDate": "2023-05-17"}, {"date": "2019-04-28", "symbol": "601077.SS", "eps": 0.2374, "epsEstimated": null, "time": "bmo", "revenue": 26587570000, "revenueEstimated": null, "fiscalDateEnding": "2019-01-28", "updatedFromDate": "2023-05-17"}, {"date": "2019-04-28", "symbol": "000965.SZ", "eps": -0.02, "epsEstimated": null, "time": "bmo", "revenue": 50656945.11, "revenueEstimated": null, "fiscalDateEnding": "2019-03-30", "updatedFromDate": "2023-05-17"}, {"date": "2019-04-28", "symbol": "IVTBF", "eps": null, "epsEstimated": null, "time": "bmo", "revenue": null, "revenueEstimated": null, "fiscalDateEnding": "2019-03-31", "updatedFromDate": "2023-05-17"}, {"date": "2019-04-28", "symbol": "603728.SS", "eps": 0.0564, "epsEstimated": null, "time": "bmo", "revenue": 436906772.68, "revenueEstimated": null, "fiscalDateEnding": "2019-03-30", "updatedFromDate": "2023-05-17"}, {"date": "2019-04-28", "symbol": "RAFLF", "eps": 0.01, "epsEstimated": 0.0125, "time": "bmo", "revenue": null, "revenueEstimated": null, "fiscalDateEnding": "2019-03-31", "updatedFromDate": "2023-08-16"}, {"date": "2019-04-28", "symbol": "000932.SZ", "eps": 0.2588, "epsEstimated": null, "time": "bmo", "revenue": 23731208002.26, "revenueEstimated": null, "fiscalDateEnding": "2019-03-30", "updatedFromDate": "2023-05-17"}, {"date": "2019-04-28", "symbol": "4007.SR", "eps": 0.2, "epsEstimated": 0.26, "time": "bmo", "revenue": 229679724, "revenueEstimated": null, "fiscalDateEnding": "2019-03-30", "updatedFromDate": "2023-05-17"}, {"date": "2019-04-28", "symbol": "STBBF", "eps": null, "epsEstimated": null, "time": "bmo", "revenue": null, "revenueEstimated": null, "fiscalDateEnding": "2019-03-31", "updatedFromDate": "2023-05-17"}, {"date": "2019-04-28", "symbol": "MREO", "eps": null, "epsEstimated": null, "time": "bmo", "revenue": null, "revenueEstimated": null, "fiscalDateEnding": "2019-01-28", "updatedFromDate": "2023-08-16"}, {"date": "2019-04-28", "symbol": "DFCH.L", "eps": -0.07262, "epsEstimated": null, "time": "bmo", "revenue": 1104750, "revenueEstimated": null, "fiscalDateEnding": "2019-01-28", "updatedFromDate": "2023-05-17"}, {"date": "2019-04-28", "symbol": "600704.SS", "eps": 0.1906, "epsEstimated": null, "time": "bmo", "revenue": 72352016796.85, "revenueEstimated": null, "fiscalDateEnding": "2019-03-30", "updatedFromDate": "2023-05-17"}, {"date": "2019-04-28", "symbol": "000807.SZ", "eps": 0.02, "epsEstimated": null, "time": "bmo", "revenue": 5073183115.17, "revenueEstimated": null, "fiscalDateEnding": "2019-03-30", "updatedFromDate": "2023-05-17"}, {"date": "2019-04-28", "symbol": "002313.SZ", "eps": 0.02, "epsEstimated": null, "time": "bmo", "revenue": 1413017626.65, "revenueEstimated": null, "fiscalDateEnding": "2019-03-30", "updatedFromDate": "2023-05-17"}, {"date": "2019-04-28", "symbol": "603360.SS", "eps": 0.1214, "epsEstimated": null, "time": "bmo", "revenue": 137087304.22, "revenueEstimated": null, "fiscalDateEnding": "2019-03-30", "updatedFromDate": "2023-05-17"}, {"date": "2019-04-28", "symbol": "002428.SZ", "eps": -0.01023, "epsEstimated": null, "time": "bmo", "revenue": 126628912.34, "revenueEstimated": null, "fiscalDateEnding": "2019-01-28", "updatedFromDate": "2023-05-17"}, {"date": "2019-04-28", "symbol": "DBSDF", "eps": 0.65, "epsEstimated": 0.59, "time": "bmo", "revenue": null, "revenueEstimated": null, "fiscalDateEnding": "2019-03-31", "updatedFromDate": "2023-05-17"}, {"date": "2019-04-28", "symbol": "002440.SZ", "eps": 0.23, "epsEstimated": 0.39, "time": "bmo", "revenue": 1801783493.87, "revenueEstimated": null, "fiscalDateEnding": "2019-03-30", "updatedFromDate": "2023-08-16"}, {"date": "2019-04-28", "symbol": "603612.SS", "eps": 0.02, "epsEstimated": null, "time": "bmo", "revenue": 860812331.31, "revenueEstimated": null, "fiscalDateEnding": "2019-03-30", "updatedFromDate": "2023-05-17"}, {"date": "2019-04-28", "symbol": "603037.SS", "eps": 0.38, "epsEstimated": null, "time": "bmo", "revenue": 138538479.29, "revenueEstimated": null, "fiscalDateEnding": "2019-03-30", "updatedFromDate": "2023-05-17"}, {"date": "2019-04-28", "symbol": "002791.SZ", "eps": 0.02, "epsEstimated": null, "time": "bmo", "revenue": 801177553.29, "revenueEstimated": null, "fiscalDateEnding": "2019-03-30", "updatedFromDate": "2023-08-16"}, {"date": "2019-04-28", "symbol": "603326.SS", "eps": 0.002, "epsEstimated": null, "time": "bmo", "revenue": 184936386.58, "revenueEstimated": null, "fiscalDateEnding": "2019-03-30", "updatedFromDate": "2023-05-17"}, {"date": "2019-04-28", "symbol": "601198.SS", "eps": 0.2, "epsEstimated": null, "time": "bmo", "revenue": 1027232616.85, "revenueEstimated": null, "fiscalDateEnding": "2019-03-30", "updatedFromDate": "2023-05-17"}, {"date": "2019-04-28", "symbol": "PBLOF", "eps": 0.07, "epsEstimated": 0.08, "time": "bmo", "revenue": null, "revenueEstimated": null, "fiscalDateEnding": "2019-03-31", "updatedFromDate": "2023-05-17"}, {"date": "2019-04-28", "symbol": "002542.SZ", "eps": 0.03, "epsEstimated": null, "time": "bmo", "revenue": 769418131.75, "revenueEstimated": null, "fiscalDateEnding": "2019-03-30", "updatedFromDate": "2023-05-17"}, {"date": "2019-04-28", "symbol": "002839.SZ", "eps": 0.1083, "epsEstimated": null, "time": "bmo", "revenue": 826939293.97, "revenueEstimated": null, "fiscalDateEnding": "2019-03-30", "updatedFromDate": "2023-05-17"}, {"date": "2019-04-28", "symbol": "SAPLF", "eps": null, "epsEstimated": null, "time": "bmo", "revenue": null, "revenueEstimated": null, "fiscalDateEnding": "2019-06-30", "updatedFromDate": "2023-10-17"}, {"date": "2019-04-28", "symbol": "603990.SS", "eps": -0.02747, "epsEstimated": null, "time": "bmo", "revenue": 40950266.98, "revenueEstimated": null, "fiscalDateEnding": "2019-03-30", "updatedFromDate": "2023-05-17"}, {"date": "2019-04-28", "symbol": "600466.SS", "eps": 0.1408, "epsEstimated": null, "time": "bmo", "revenue": 5767101864.58, "revenueEstimated": null, "fiscalDateEnding": "2019-03-30", "updatedFromDate": "2023-05-17"}, {"date": "2019-04-28", "symbol": "600010.SS", "eps": 0.0107, "epsEstimated": null, "time": "bmo", "revenue": 13442297134.47, "revenueEstimated": null, "fiscalDateEnding": "2019-03-30", "updatedFromDate": "2023-05-17"}, {"date": "2019-04-28", "symbol": "600733.SS", "eps": 0.0098, "epsEstimated": null, "time": "bmo", "revenue": 3127143446.66, "revenueEstimated": null, "fiscalDateEnding": "2019-03-30", "updatedFromDate": "2023-05-17"}, {"date": "2019-04-28", "symbol": "002558.SZ", "eps": 0.14, "epsEstimated": null, "time": "bmo", "revenue": 680154408.7, "revenueEstimated": null, "fiscalDateEnding": "2019-03-30", "updatedFromDate": "2023-05-17"}, {"date": "2019-04-28", "symbol": "603730.SS", "eps": 0.2152, "epsEstimated": null, "time": "bmo", "revenue": 1246992529.23, "revenueEstimated": null, "fiscalDateEnding": "2019-03-30", "updatedFromDate": "2023-05-17"}, {"date": "2019-04-28", "symbol": "002377.SZ", "eps": 0.0832, "epsEstimated": null, "time": "bmo", "revenue": 1018276868.64, "revenueEstimated": null, "fiscalDateEnding": "2019-03-30", "updatedFromDate": "2023-05-17"}, {"date": "2019-04-28", "symbol": "601020.SS", "eps": 0.04, "epsEstimated": null, "time": "bmo", "revenue": 71989381.71, "revenueEstimated": null, "fiscalDateEnding": "2019-03-30", "updatedFromDate": "2023-05-17"}, {"date": "2019-04-28", "symbol": "1030.SR", "eps": 0.5, "epsEstimated": null, "time": "bmo", "revenue": 710374000, "revenueEstimated": null, "fiscalDateEnding": "2019-03-30", "updatedFromDate": "2023-05-17"}, {"date": "2019-04-28", "symbol": "603669.SS", "eps": 0.05102, "epsEstimated": null, "time": "bmo", "revenue": 365163048.64, "revenueEstimated": null, "fiscalDateEnding": "2019-03-30", "updatedFromDate": "2023-05-17"}, {"date": "2019-04-28", "symbol": "300792.SZ", "eps": null, "epsEstimated": null, "time": "bmo", "revenue": null, "revenueEstimated": null, "fiscalDateEnding": "2019-03-31", "updatedFromDate": "2023-05-17"}, {"date": "2019-04-28", "symbol": "600502.SS", "eps": 0.07, "epsEstimated": null, "time": "bmo", "revenue": 7180728197.09, "revenueEstimated": null, "fiscalDateEnding": "2019-03-30", "updatedFromDate": "2023-05-17"}, {"date": "2019-04-28", "symbol": "603378.SS", "eps": -0.04138, "epsEstimated": null, "time": "bmo", "revenue": 259052331.45, "revenueEstimated": null, "fiscalDateEnding": "2019-03-30", "updatedFromDate": "2023-05-17"}, {"date": "2019-04-28", "symbol": "UBOPF", "eps": null, "epsEstimated": null, "time": "bmo", "revenue": null, "revenueEstimated": null, "fiscalDateEnding": "2019-03-31", "updatedFromDate": "2023-05-17"}, {"date": "2019-04-28", "symbol": "QATI.QA", "eps": null, "epsEstimated": null, "time": "bmo", "revenue": null, "revenueEstimated": null, "fiscalDateEnding": "2019-03-31", "updatedFromDate": "2023-05-17"}, {"date": "2019-04-28", "symbol": "601366.SS", "eps": 0.11, "epsEstimated": null, "time": "bmo", "revenue": 3594497726.51, "revenueEstimated": null, "fiscalDateEnding": "2019-03-30", "updatedFromDate": "2023-05-17"}, {"date": "2019-04-28", "symbol": "002277.SZ", "eps": 0.1189, "epsEstimated": null, "time": "bmo", "revenue": 1693725861.72, "revenueEstimated": null, "fiscalDateEnding": "2019-03-30", "updatedFromDate": "2023-05-17"}, {"date": "2019-04-28", "symbol": "MLLUY", "eps": 0.27, "epsEstimated": null, "time": "bmo", "revenue": 63106772000, "revenueEstimated": null, "fiscalDateEnding": "2019-03-31", "updatedFromDate": "2023-09-29"}, {"date": "2019-04-28", "symbol": "600369.SS", "eps": 0.07, "epsEstimated": null, "time": "bmo", "revenue": 1092740679.09, "revenueEstimated": null, "fiscalDateEnding": "2019-03-30", "updatedFromDate": "2023-05-17"}, {"date": "2019-04-28", "symbol": "601916.SS", "eps": null, "epsEstimated": null, "time": "bmo", "revenue": null, "revenueEstimated": null, "fiscalDateEnding": "2019-01-28", "updatedFromDate": "2023-05-17"}, {"date": "2019-04-28", "symbol": "LITH.V", "eps": -0.00687, "epsEstimated": null, "time": "bmo", "revenue": 26132, "revenueEstimated": null, "fiscalDateEnding": "2019-03-31", "updatedFromDate": "2023-10-16"}, {"date": "2019-04-28", "symbol": "002001.SZ", "eps": 0.24, "epsEstimated": 0.25, "time": "bmo", "revenue": 1836045098.57, "revenueEstimated": null, "fiscalDateEnding": "2019-03-30", "updatedFromDate": "2023-05-17"}, {"date": "2019-04-28", "symbol": "2010.SR", "eps": 1.14, "epsEstimated": 1.32, "time": "bmo", "revenue": 35866814000, "revenueEstimated": null, "fiscalDateEnding": "2019-01-28", "updatedFromDate": "2023-05-17"}, {"date": "2019-04-28", "symbol": "000899.SZ", "eps": 0.087, "epsEstimated": null, "time": "bmo", "revenue": 651643761.95, "revenueEstimated": null, "fiscalDateEnding": "2019-03-30", "updatedFromDate": "2023-05-17"}, {"date": "2019-04-28", "symbol": "603066.SS", "eps": 0.0478, "epsEstimated": null, "time": "bmo", "revenue": 138111432.6, "revenueEstimated": null, "fiscalDateEnding": "2019-03-30", "updatedFromDate": "2023-05-17"}, {"date": "2019-04-28", "symbol": "GLPEF", "eps": 0.12, "epsEstimated": 0.15, "time": "bmo", "revenue": null, "revenueEstimated": null, "fiscalDateEnding": "2019-03-31", "updatedFromDate": "2023-05-17"}, {"date": "2019-04-28", "symbol": "600648.SS", "eps": 0.09279, "epsEstimated": null, "time": "bmo", "revenue": 1703064725.53, "revenueEstimated": null, "fiscalDateEnding": "2019-01-28", "updatedFromDate": "2023-05-17"}, {"date": "2019-04-28", "symbol": "000034.SZ", "eps": 0.3994, "epsEstimated": null, "time": "bmo", "revenue": 20580468169.73, "revenueEstimated": null, "fiscalDateEnding": "2019-01-28", "updatedFromDate": "2023-05-17"}, {"date": "2019-04-28", "symbol": "603809.SS", "eps": 0.1196, "epsEstimated": null, "time": "bmo", "revenue": 248713209.59, "revenueEstimated": null, "fiscalDateEnding": "2019-03-30", "updatedFromDate": "2023-05-17"}, {"date": "2019-04-28", "symbol": "600117.SS", "eps": 0.02, "epsEstimated": null, "time": "bmo", "revenue": 1886374826.03, "revenueEstimated": null, "fiscalDateEnding": "2019-03-30", "updatedFromDate": "2023-05-17"}, {"date": "2019-04-28", "symbol": "200581.SZ", "eps": null, "epsEstimated": null, "time": "bmo", "revenue": null, "revenueEstimated": null, "fiscalDateEnding": "2019-03-31", "updatedFromDate": "2023-08-16"}, {"date": "2019-04-28", "symbol": "BSMAF", "eps": 0.06, "epsEstimated": 0.08, "time": "bmo", "revenue": null, "revenueEstimated": null, "fiscalDateEnding": "2019-03-31", "updatedFromDate": "2023-05-17"}, {"date": "2019-04-28", "symbol": "603508.SS", "eps": 2.64, "epsEstimated": null, "time": "bmo", "revenue": 398509129.5, "revenueEstimated": null, "fiscalDateEnding": "2019-03-30", "updatedFromDate": "2023-05-17"}]}