{"result": [{"date": "2019-02-25", "symbol": "MLYNF", "eps": 0.21, "epsEstimated": 0.2, "time": "bmo", "revenue": null, "revenueEstimated": null, "fiscalDateEnding": "2018-12-31", "updatedFromDate": "2023-05-17"}, {"date": "2019-02-25", "symbol": "002591.SZ", "eps": 0.0382, "epsEstimated": null, "time": "bmo", "revenue": 125671650.65, "revenueEstimated": null, "fiscalDateEnding": "2018-12-30", "updatedFromDate": "2023-05-17"}, {"date": "2019-02-25", "symbol": "FCT.MI", "eps": null, "epsEstimated": null, "time": "bmo", "revenue": null, "revenueEstimated": null, "fiscalDateEnding": "2018-12-31", "updatedFromDate": "2023-05-17"}, {"date": "2019-02-25", "symbol": "BWXT", "eps": 0.74, "epsEstimated": 0.59, "time": "amc", "revenue": 477998000, "revenueEstimated": 381106513.5135135, "fiscalDateEnding": "2018-12-30", "updatedFromDate": "2023-09-29"}, {"date": "2019-02-25", "symbol": "XNCR", "eps": -0.32, "epsEstimated": -0.53, "time": "amc", "revenue": 11564000, "revenueEstimated": 17707375, "fiscalDateEnding": "2018-12-30", "updatedFromDate": "2023-09-29"}, {"date": "2019-02-25", "symbol": "UOLGF", "eps": 0.11, "epsEstimated": 0.15, "time": "bmo", "revenue": null, "revenueEstimated": null, "fiscalDateEnding": "2018-12-31", "updatedFromDate": "2023-05-17"}, {"date": "2019-02-25", "symbol": "LYSFF", "eps": 1.41, "epsEstimated": 1.4, "time": "bmo", "revenue": null, "revenueEstimated": null, "fiscalDateEnding": "2018-12-31", "updatedFromDate": "2023-05-17"}, {"date": "2019-02-25", "symbol": "NHHEF", "eps": null, "epsEstimated": null, "time": "bmo", "revenue": null, "revenueEstimated": null, "fiscalDateEnding": "2018-12-31", "updatedFromDate": "2023-05-17"}, {"date": "2019-02-25", "symbol": "ICHBF", "eps": 2, "epsEstimated": 2.15, "time": "bmo", "revenue": null, "revenueEstimated": 122442500, "fiscalDateEnding": "2018-12-31", "updatedFromDate": "2023-05-17"}, {"date": "2019-02-25", "symbol": "MYTEF", "eps": 0.02, "epsEstimated": 0.07, "time": "bmo", "revenue": null, "revenueEstimated": null, "fiscalDateEnding": "2018-12-31", "updatedFromDate": "2023-05-17"}, {"date": "2019-02-25", "symbol": "CIHPF", "eps": null, "epsEstimated": null, "time": "bmo", "revenue": null, "revenueEstimated": null, "fiscalDateEnding": "2018-12-31", "updatedFromDate": "2023-05-17"}, {"date": "2019-02-25", "symbol": "NESR", "eps": 0.21, "epsEstimated": 0.29, "time": "bmo", "revenue": 203010000, "revenueEstimated": 280347142.85714287, "fiscalDateEnding": "2018-12-31", "updatedFromDate": "2023-11-01"}, {"date": "2019-02-25", "symbol": "GMDA", "eps": 0.91, "epsEstimated": 0.44, "time": "bmo", "revenue": null, "revenueEstimated": null, "fiscalDateEnding": "2018-12-31", "updatedFromDate": "2023-09-29"}, {"date": "2019-02-25", "symbol": "CO", "eps": 0.07, "epsEstimated": null, "time": "amc", "revenue": 254178000, "revenueEstimated": null, "fiscalDateEnding": "2018-12-31", "updatedFromDate": "2023-09-29"}, {"date": "2019-02-25", "symbol": "009440.KS", "eps": -28.37065, "epsEstimated": null, "time": "bmo", "revenue": 147261369000, "revenueEstimated": null, "fiscalDateEnding": "2018-11-25", "updatedFromDate": "2023-05-17"}, {"date": "2019-02-25", "symbol": "CRSP", "eps": -0.92, "epsEstimated": -0.83, "time": "bmo", "revenue": 115000, "revenueEstimated": 97500, "fiscalDateEnding": "2018-12-30", "updatedFromDate": "2023-09-29"}, {"date": "2019-02-25", "symbol": "OFIX", "eps": 0.55, "epsEstimated": 0.48, "time": "amc", "revenue": 121078000, "revenueEstimated": 105668072.7272727, "fiscalDateEnding": "2018-12-30", "updatedFromDate": "2023-09-29"}, {"date": "2019-02-25", "symbol": "002317.SZ", "eps": 0.11, "epsEstimated": 0.14, "time": "bmo", "revenue": 614266791.99, "revenueEstimated": null, "fiscalDateEnding": "2018-11-25", "updatedFromDate": "2023-05-17"}, {"date": "2019-02-25", "symbol": "BHK.SI", "eps": null, "epsEstimated": null, "time": "bmo", "revenue": null, "revenueEstimated": null, "fiscalDateEnding": "2018-12-31", "updatedFromDate": "2023-05-17"}, {"date": "2019-02-25", "symbol": "028300.KQ", "eps": 349.93, "epsEstimated": null, "time": "bmo", "revenue": null, "revenueEstimated": null, "fiscalDateEnding": "2018-12-31", "updatedFromDate": "2023-05-17"}, {"date": "2019-02-25", "symbol": "NEX", "eps": 0.11, "epsEstimated": 0.01188, "time": "bmo", "revenue": 486549000, "revenueEstimated": 44231727.272727236, "fiscalDateEnding": "2018-12-30", "updatedFromDate": "2023-09-29"}, {"date": "2019-02-25", "symbol": "002007.SZ", "eps": 0.21, "epsEstimated": 0.18, "time": "bmo", "revenue": 1180995968.5, "revenueEstimated": null, "fiscalDateEnding": "2018-12-30", "updatedFromDate": "2023-05-17"}, {"date": "2019-02-25", "symbol": "GPOPF", "eps": null, "epsEstimated": null, "time": "bmo", "revenue": null, "revenueEstimated": null, "fiscalDateEnding": "2018-12-31", "updatedFromDate": "2023-05-17"}, {"date": "2019-02-25", "symbol": "PLZ-UN.TO", "eps": 0.01027, "epsEstimated": null, "time": "bmo", "revenue": 26068000, "revenueEstimated": null, "fiscalDateEnding": "2018-12-31", "updatedFromDate": "2023-10-16"}, {"date": "2019-02-25", "symbol": "LABB.MX", "eps": 0.25, "epsEstimated": 0.22, "time": "bmo", "revenue": null, "revenueEstimated": null, "fiscalDateEnding": "2018-12-31", "updatedFromDate": "2023-05-17"}, {"date": "2019-02-25", "symbol": "SSSAF", "eps": null, "epsEstimated": null, "time": "bmo", "revenue": null, "revenueEstimated": null, "fiscalDateEnding": "2018-12-31", "updatedFromDate": "2023-05-17"}, {"date": "2019-02-25", "symbol": "ICHB.MX", "eps": 2, "epsEstimated": 2.15, "time": "bmo", "revenue": null, "revenueEstimated": null, "fiscalDateEnding": "2018-12-31", "updatedFromDate": "2023-05-17"}, {"date": "2019-02-25", "symbol": "JBT", "eps": 1.65, "epsEstimated": 1.38, "time": "amc", "revenue": 537300000, "revenueEstimated": 449378181.8181818, "fiscalDateEnding": "2018-12-30", "updatedFromDate": "2023-09-29"}, {"date": "2019-02-25", "symbol": "STORY-B.ST", "eps": -0.61, "epsEstimated": -0.91, "time": "bmo", "revenue": 436620000, "revenueEstimated": null, "fiscalDateEnding": "2018-12-31", "updatedFromDate": "2023-05-17"}, {"date": "2019-02-25", "symbol": "006200.KS", "eps": -41.78752, "epsEstimated": null, "time": "bmo", "revenue": 49381424810, "revenueEstimated": null, "fiscalDateEnding": "2018-12-30", "updatedFromDate": "2023-05-17"}, {"date": "2019-02-25", "symbol": "PLAN", "eps": -0.13, "epsEstimated": -0.18, "time": "bmo", "revenue": 69250000, "revenueEstimated": 95884615.38461538, "fiscalDateEnding": "2019-01-30", "updatedFromDate": "2023-05-17"}, {"date": "2019-02-25", "symbol": "OCINF", "eps": -0.08, "epsEstimated": 0.24, "time": "bmo", "revenue": 3252500000, "revenueEstimated": null, "fiscalDateEnding": "2018-12-31", "updatedFromDate": "2023-08-17"}, {"date": "2019-02-25", "symbol": "HT", "eps": -0.09, "epsEstimated": 0.58, "time": "amc", "revenue": 133736000, "revenueEstimated": 208033777.77777782, "fiscalDateEnding": "2018-12-30", "updatedFromDate": "2023-09-29"}, {"date": "2019-02-25", "symbol": "002727.SZ", "eps": 0.18, "epsEstimated": 0.24, "time": "bmo", "revenue": 2587593676.71, "revenueEstimated": null, "fiscalDateEnding": "2018-11-25", "updatedFromDate": "2023-05-17"}, {"date": "2019-02-25", "symbol": "ZLDSF", "eps": 0.24, "epsEstimated": 0.27, "time": "bmo", "revenue": null, "revenueEstimated": null, "fiscalDateEnding": "2018-12-31", "updatedFromDate": "2023-05-17"}, {"date": "2019-02-25", "symbol": "MDP.TO", "eps": -0.02, "epsEstimated": -0.3, "time": "bmo", "revenue": 12386312.131742, "revenueEstimated": null, "fiscalDateEnding": "2018-11-25", "updatedFromDate": "2023-10-16"}, {"date": "2019-02-25", "symbol": "FN.TO", "eps": 0.67, "epsEstimated": 0.66, "time": "bmo", "revenue": null, "revenueEstimated": null, "fiscalDateEnding": "2018-12-31", "updatedFromDate": "2023-05-17"}, {"date": "2019-02-25", "symbol": "2101.TW", "eps": -0.00399, "epsEstimated": -0.00182, "time": "bmo", "revenue": 2451246000, "revenueEstimated": null, "fiscalDateEnding": "2018-12-30", "updatedFromDate": "2023-05-17"}, {"date": "2019-02-25", "symbol": "CRD.A", "eps": 0.32, "epsEstimated": null, "time": "amc", "revenue": null, "revenueEstimated": null, "fiscalDateEnding": "2018-12-31", "updatedFromDate": "2023-09-29"}, {"date": "2019-02-25", "symbol": "002678.SZ", "eps": 0.01455, "epsEstimated": null, "time": "bmo", "revenue": 422726415.4, "revenueEstimated": null, "fiscalDateEnding": "2018-12-30", "updatedFromDate": "2023-05-17"}, {"date": "2019-02-25", "symbol": "WHART.BK", "eps": 0.1508, "epsEstimated": null, "time": "bmo", "revenue": 506937554, "revenueEstimated": null, "fiscalDateEnding": "2018-12-31", "updatedFromDate": "2023-08-25"}, {"date": "2019-02-25", "symbol": "MFRVF", "eps": -0.75, "epsEstimated": -0.57, "time": "bmo", "revenue": null, "revenueEstimated": 843599.9999999999, "fiscalDateEnding": "2018-12-31", "updatedFromDate": "2023-05-17"}, {"date": "2019-02-25", "symbol": "BH-A", "eps": 24.53, "epsEstimated": -4.94, "time": "bmo", "revenue": 195348000, "revenueEstimated": 1224642148, "fiscalDateEnding": "2018-12-30", "updatedFromDate": "2023-10-16"}, {"date": "2019-02-25", "symbol": "BSQR", "eps": -0.14, "epsEstimated": null, "time": "amc", "revenue": 16839000, "revenueEstimated": null, "fiscalDateEnding": "2018-12-30", "updatedFromDate": "2023-09-29"}, {"date": "2019-02-25", "symbol": "BH", "eps": 122.53, "epsEstimated": -4.94, "time": "bmo", "revenue": 195348000, "revenueEstimated": 39340363.636363626, "fiscalDateEnding": "2018-12-30", "updatedFromDate": "2023-09-29"}, {"date": "2019-02-25", "symbol": "REVSF", "eps": null, "epsEstimated": null, "time": "bmo", "revenue": null, "revenueEstimated": null, "fiscalDateEnding": "2018-12-31", "updatedFromDate": "2023-05-17"}, {"date": "2019-02-25", "symbol": "GREEN.ST", "eps": -0.67052, "epsEstimated": null, "time": "bmo", "revenue": null, "revenueEstimated": null, "fiscalDateEnding": "2018-11-25", "updatedFromDate": "2023-05-17"}, {"date": "2019-02-25", "symbol": "KPG.AX", "eps": 0.02206, "epsEstimated": null, "time": "bmo", "revenue": 11588616.5, "revenueEstimated": null, "fiscalDateEnding": "2018-11-25", "updatedFromDate": "2023-10-17"}, {"date": "2019-02-25", "symbol": "DOHOL.IS", "eps": null, "epsEstimated": null, "time": "bmo", "revenue": null, "revenueEstimated": null, "fiscalDateEnding": "2018-12-31", "updatedFromDate": "2023-05-17"}, {"date": "2019-02-25", "symbol": "FRGI", "eps": 0.08, "epsEstimated": 0.07, "time": "amc", "revenue": 167638000, "revenueEstimated": 125728500, "fiscalDateEnding": "2018-12-29", "updatedFromDate": "2023-10-10"}, {"date": "2019-02-25", "symbol": "AERI", "eps": -0.92, "epsEstimated": -0.87, "time": "amc", "revenue": 14456000, "revenueEstimated": 13670347.826086957, "fiscalDateEnding": "2018-12-30", "updatedFromDate": "2023-05-17"}, {"date": "2019-02-25", "symbol": "HSII", "eps": 0.58, "epsEstimated": 0.35, "time": "amc", "revenue": 190967000, "revenueEstimated": 162049140, "fiscalDateEnding": "2018-12-30", "updatedFromDate": "2023-09-29"}, {"date": "2019-02-25", "symbol": "ASURB.MX", "eps": 4.86, "epsEstimated": 3.64, "time": "bmo", "revenue": 3924230000, "revenueEstimated": null, "fiscalDateEnding": "2018-12-30", "updatedFromDate": "2023-05-17"}, {"date": "2019-02-25", "symbol": "300357.SZ", "eps": 0.08317, "epsEstimated": null, "time": "bmo", "revenue": 115051001.36, "revenueEstimated": null, "fiscalDateEnding": "2018-12-30", "updatedFromDate": "2023-05-17"}, {"date": "2019-02-25", "symbol": "BKPKF", "eps": 2.85, "epsEstimated": 2.51, "time": "bmo", "revenue": null, "revenueEstimated": null, "fiscalDateEnding": "2018-12-31", "updatedFromDate": "2023-05-17"}, {"date": "2019-02-25", "symbol": "BFSAF", "eps": 0.8, "epsEstimated": 0.63, "time": "bmo", "revenue": null, "revenueEstimated": null, "fiscalDateEnding": "2018-12-31", "updatedFromDate": "2023-05-17"}, {"date": "2019-02-25", "symbol": "DIZTF", "eps": null, "epsEstimated": null, "time": "bmo", "revenue": null, "revenueEstimated": null, "fiscalDateEnding": "2018-12-31", "updatedFromDate": "2023-05-17"}, {"date": "2019-02-25", "symbol": "002942.SZ", "eps": 0.1209, "epsEstimated": null, "time": "bmo", "revenue": 259598297.69, "revenueEstimated": null, "fiscalDateEnding": "2018-12-30", "updatedFromDate": "2023-05-17"}, {"date": "2019-02-25", "symbol": "PYYIF", "eps": null, "epsEstimated": null, "time": "bmo", "revenue": null, "revenueEstimated": null, "fiscalDateEnding": "2018-12-31", "updatedFromDate": "2023-05-17"}, {"date": "2019-02-25", "symbol": "300363.SZ", "eps": 0.04877, "epsEstimated": null, "time": "bmo", "revenue": 348177038.99, "revenueEstimated": null, "fiscalDateEnding": "2018-12-30", "updatedFromDate": "2023-05-17"}, {"date": "2019-02-25", "symbol": "ETSY", "eps": 0.32, "epsEstimated": 0.21, "time": "amc", "revenue": 200028000, "revenueEstimated": 131268375, "fiscalDateEnding": "2018-12-30", "updatedFromDate": "2023-09-29"}, {"date": "2019-02-25", "symbol": "GNMLF", "eps": 0.25, "epsEstimated": 0.22, "time": "bmo", "revenue": null, "revenueEstimated": null, "fiscalDateEnding": "2018-12-31", "updatedFromDate": "2023-05-17"}, {"date": "2019-02-25", "symbol": "603826.SS", "eps": 0.0868, "epsEstimated": null, "time": "bmo", "revenue": 146794764.15, "revenueEstimated": null, "fiscalDateEnding": "2018-12-30", "updatedFromDate": "2023-05-17"}, {"date": "2019-02-25", "symbol": "IIP-UN.TO", "eps": 0.3986, "epsEstimated": null, "time": "bmo", "revenue": 34062000, "revenueEstimated": null, "fiscalDateEnding": "2018-12-31", "updatedFromDate": "2023-10-16"}, {"date": "2019-02-25", "symbol": "R22.WA", "eps": 0.1496, "epsEstimated": null, "time": "bmo", "revenue": 37243000, "revenueEstimated": null, "fiscalDateEnding": "2018-12-31", "updatedFromDate": "2023-10-16"}, {"date": "2019-02-25", "symbol": "HTZZ", "eps": -0.48, "epsEstimated": -0.78, "time": "bmo", "revenue": null, "revenueEstimated": null, "fiscalDateEnding": "2018-12-29", "updatedFromDate": "2023-05-17"}, {"date": "2019-02-25", "symbol": "CRI", "eps": 2.84, "epsEstimated": 2.56, "time": "bmo", "revenue": 1086379000, "revenueEstimated": 979271211.2676057, "fiscalDateEnding": "2018-12-28", "updatedFromDate": "2023-09-29"}, {"date": "2019-02-25", "symbol": "HLIO", "eps": 0.41, "epsEstimated": 0.4, "time": "bmo", "revenue": 138723000, "revenueEstimated": 135339512.19512197, "fiscalDateEnding": "2018-12-28", "updatedFromDate": "2023-09-29"}, {"date": "2019-02-25", "symbol": "DRH-PA", "eps": 0.12, "epsEstimated": 0.11, "time": "bmo", "revenue": null, "revenueEstimated": null, "fiscalDateEnding": "2018-12-30", "updatedFromDate": "2023-05-17"}, {"date": "2019-02-25", "symbol": "QTS", "eps": -0.02, "epsEstimated": 0.07, "time": "amc", "revenue": 112337000, "revenueEstimated": 393179500, "fiscalDateEnding": "2018-12-30", "updatedFromDate": "2023-05-17"}, {"date": "2019-02-25", "symbol": "AUTO.JK", "eps": 40.84, "epsEstimated": null, "time": "bmo", "revenue": 3855790000000, "revenueEstimated": null, "fiscalDateEnding": "2018-12-30", "updatedFromDate": "2023-05-17"}, {"date": "2019-02-25", "symbol": "300625.SZ", "eps": null, "epsEstimated": null, "time": "bmo", "revenue": null, "revenueEstimated": null, "fiscalDateEnding": "2018-12-31", "updatedFromDate": "2023-05-17"}, {"date": "2019-02-25", "symbol": "DLTTF", "eps": null, "epsEstimated": null, "time": "bmo", "revenue": null, "revenueEstimated": null, "fiscalDateEnding": "2018-12-31", "updatedFromDate": "2023-05-17"}, {"date": "2019-02-25", "symbol": "COVTY", "eps": 0.31, "epsEstimated": null, "time": "bmo", "revenue": 3272000000, "revenueEstimated": null, "fiscalDateEnding": "2018-12-31", "updatedFromDate": "2023-09-29"}, {"date": "2019-02-25", "symbol": "SCBGF", "eps": null, "epsEstimated": null, "time": "bmo", "revenue": null, "revenueEstimated": null, "fiscalDateEnding": "2018-12-31", "updatedFromDate": "2023-05-17"}, {"date": "2019-02-25", "symbol": "300487.SZ", "eps": 0.01972, "epsEstimated": null, "time": "bmo", "revenue": 631986783.73, "revenueEstimated": null, "fiscalDateEnding": "2018-12-31", "updatedFromDate": "2023-08-25"}, {"date": "2019-02-25", "symbol": "VBIV", "eps": -8.41, "epsEstimated": -5.71, "time": "bmo", "revenue": 2684000, "revenueEstimated": 1821285.714285714, "fiscalDateEnding": "2018-12-30", "updatedFromDate": "2023-09-29"}, {"date": "2019-02-25", "symbol": "SPCG.BK", "eps": 0.741, "epsEstimated": null, "time": "bmo", "revenue": 1653073000, "revenueEstimated": null, "fiscalDateEnding": "2018-12-31", "updatedFromDate": "2023-08-25"}, {"date": "2019-02-25", "symbol": "KOS.L", "eps": 0.09, "epsEstimated": null, "time": "bmo", "revenue": 301446000, "revenueEstimated": null, "fiscalDateEnding": "2018-12-31", "updatedFromDate": "2023-08-25"}, {"date": "2019-02-25", "symbol": "UPBD", "eps": 0.32, "epsEstimated": 0.2, "time": "bmo", "revenue": 661750000, "revenueEstimated": null, "fiscalDateEnding": "2018-12-31", "updatedFromDate": "2023-09-29"}, {"date": "2019-02-25", "symbol": "PIKQF", "eps": null, "epsEstimated": null, "time": "bmo", "revenue": null, "revenueEstimated": null, "fiscalDateEnding": "2018-12-31", "updatedFromDate": "2023-05-17"}, {"date": "2019-02-25", "symbol": "CADUA.MX", "eps": 0.8, "epsEstimated": null, "time": "bmo", "revenue": null, "revenueEstimated": null, "fiscalDateEnding": "2018-12-31", "updatedFromDate": "2023-05-31"}, {"date": "2019-02-25", "symbol": "GFAMSAA.MX", "eps": -0.15, "epsEstimated": -0.00882, "time": "bmo", "revenue": null, "revenueEstimated": null, "fiscalDateEnding": "2018-12-31", "updatedFromDate": "2023-05-31"}, {"date": "2019-02-25", "symbol": "GPROFUT.MX", "eps": null, "epsEstimated": null, "time": "bmo", "revenue": null, "revenueEstimated": null, "fiscalDateEnding": "2018-12-31", "updatedFromDate": "2023-05-31"}, {"date": "2019-02-25", "symbol": "PODD", "eps": 0.16, "epsEstimated": 0.07, "time": "amc", "revenue": 164907000, "revenueEstimated": 116612806.5, "fiscalDateEnding": "2018-12-30", "updatedFromDate": "2023-09-29"}, {"date": "2019-02-25", "symbol": "PINFRAL.MX", "eps": null, "epsEstimated": null, "time": "bmo", "revenue": null, "revenueEstimated": null, "fiscalDateEnding": "2018-12-31", "updatedFromDate": "2023-05-31"}, {"date": "2019-02-25", "symbol": "POCHTECB.MX", "eps": null, "epsEstimated": null, "time": "bmo", "revenue": null, "revenueEstimated": null, "fiscalDateEnding": "2018-12-31", "updatedFromDate": "2023-05-31"}, {"date": "2019-02-25", "symbol": "BFFAF", "eps": 0.66, "epsEstimated": 0.62, "time": "bmo", "revenue": null, "revenueEstimated": null, "fiscalDateEnding": "2018-12-31", "updatedFromDate": "2023-05-17"}, {"date": "2019-02-25", "symbol": "VINTE.MX", "eps": 1.03, "epsEstimated": 0.77, "time": "bmo", "revenue": null, "revenueEstimated": null, "fiscalDateEnding": "2018-12-31", "updatedFromDate": "2023-05-31"}, {"date": "2019-02-25", "symbol": "JT", "eps": 0.24, "epsEstimated": -0.08, "time": "bmo", "revenue": 742100000, "revenueEstimated": 59030681.81818185, "fiscalDateEnding": "2018-12-31", "updatedFromDate": "2023-09-29"}, {"date": "2019-02-25", "symbol": "SKM", "eps": 1.14, "epsEstimated": null, "time": "bmo", "revenue": 4351707000000, "revenueEstimated": null, "fiscalDateEnding": "2018-12-31", "updatedFromDate": "2023-09-29"}, {"date": "2019-02-25", "symbol": "TRTX", "eps": 0.43, "epsEstimated": 0.43, "time": "amc", "revenue": 36239000, "revenueEstimated": 72160000, "fiscalDateEnding": "2018-12-30", "updatedFromDate": "2023-09-29"}, {"date": "2019-02-25", "symbol": "KEGX", "eps": 59.5, "epsEstimated": 60.1, "time": "bmo", "revenue": 117253000, "revenueEstimated": 118435383.1932773, "fiscalDateEnding": "2018-12-30", "updatedFromDate": "2023-09-29"}, {"date": "2019-02-25", "symbol": "AUTL", "eps": 0.52, "epsEstimated": 0.66, "time": "bmo", "revenue": 296000, "revenueEstimated": 358787, "fiscalDateEnding": "2018-12-31", "updatedFromDate": "2023-09-29"}, {"date": "2019-02-25", "symbol": "XO.BK", "eps": 0.1664, "epsEstimated": null, "time": "bmo", "revenue": 302224000, "revenueEstimated": null, "fiscalDateEnding": "2018-11-25", "updatedFromDate": "2023-05-17"}, {"date": "2019-02-25", "symbol": "300127.SZ", "eps": null, "epsEstimated": null, "time": "bmo", "revenue": null, "revenueEstimated": null, "fiscalDateEnding": "2018-12-31", "updatedFromDate": "2023-05-31"}, {"date": "2019-02-25", "symbol": "NGHC", "eps": 0.3, "epsEstimated": 0.29, "time": "bmo", "revenue": 1186765000, "revenueEstimated": 1147206166.6666667, "fiscalDateEnding": "2018-12-30", "updatedFromDate": "2023-05-17"}, {"date": "2019-02-25", "symbol": "AGOAF", "eps": null, "epsEstimated": null, "time": "bmo", "revenue": null, "revenueEstimated": null, "fiscalDateEnding": "2018-12-31", "updatedFromDate": "2023-05-17"}, {"date": "2019-02-25", "symbol": "012160.KS", "eps": -67.52038, "epsEstimated": null, "time": "bmo", "revenue": 62328529040, "revenueEstimated": null, "fiscalDateEnding": "2018-12-30", "updatedFromDate": "2023-05-17"}, {"date": "2019-02-25", "symbol": "AMATAV.BK", "eps": -0.02, "epsEstimated": null, "time": "bmo", "revenue": 119094000, "revenueEstimated": null, "fiscalDateEnding": "2018-11-25", "updatedFromDate": "2023-05-17"}, {"date": "2019-02-25", "symbol": "092220.KS", "eps": -13.72328, "epsEstimated": null, "time": "bmo", "revenue": 45399207230, "revenueEstimated": null, "fiscalDateEnding": "2018-12-30", "updatedFromDate": "2023-05-17"}, {"date": "2019-02-25", "symbol": "MWTCF", "eps": null, "epsEstimated": null, "time": "bmo", "revenue": null, "revenueEstimated": null, "fiscalDateEnding": "2018-12-31", "updatedFromDate": "2023-05-17"}, {"date": "2019-02-25", "symbol": "BH.A", "eps": 121.83, "epsEstimated": null, "time": "bmo", "revenue": null, "revenueEstimated": null, "fiscalDateEnding": "2018-12-31", "updatedFromDate": "2023-09-29"}, {"date": "2019-02-25", "symbol": "300122.SZ", "eps": 0.228, "epsEstimated": null, "time": "bmo", "revenue": 1733428496.26, "revenueEstimated": null, "fiscalDateEnding": "2018-12-30", "updatedFromDate": "2023-05-17"}, {"date": "2019-02-25", "symbol": "ASTVF", "eps": 4.75, "epsEstimated": 2.48, "time": "bmo", "revenue": null, "revenueEstimated": null, "fiscalDateEnding": "2018-12-31", "updatedFromDate": "2023-05-17"}, {"date": "2019-02-25", "symbol": "SAFE", "eps": 3.31, "epsEstimated": 1.38, "time": "bmo", "revenue": 14813000, "revenueEstimated": 7406500, "fiscalDateEnding": "2018-12-30", "updatedFromDate": "2023-09-29"}, {"date": "2019-02-25", "symbol": "RCKY", "eps": 0.48, "epsEstimated": 0.44, "time": "amc", "revenue": 67186000, "revenueEstimated": 61587093.333333336, "fiscalDateEnding": "2018-12-30", "updatedFromDate": "2023-09-29"}, {"date": "2019-02-25", "symbol": "DBMXF", "eps": 0.21, "epsEstimated": 0.16, "time": "bmo", "revenue": null, "revenueEstimated": null, "fiscalDateEnding": "2018-12-31", "updatedFromDate": "2023-05-17"}, {"date": "2019-02-25", "symbol": "PEB", "eps": -1.16, "epsEstimated": 0.32, "time": "amc", "revenue": 235642000, "revenueEstimated": 65456111.11111109, "fiscalDateEnding": "2018-12-30", "updatedFromDate": "2023-09-29"}, {"date": "2019-02-25", "symbol": "IGL.AX", "eps": -0.03407, "epsEstimated": null, "time": "bmo", "revenue": 172884500, "revenueEstimated": null, "fiscalDateEnding": "2018-11-25", "updatedFromDate": "2023-10-17"}, {"date": "2019-02-25", "symbol": "SHUR.BR", "eps": 0.4203, "epsEstimated": null, "time": "bmo", "revenue": 64264500, "revenueEstimated": null, "fiscalDateEnding": "2018-11-25", "updatedFromDate": "2023-10-16"}, {"date": "2019-02-25", "symbol": "002803.SZ", "eps": 0.2481, "epsEstimated": null, "time": "bmo", "revenue": 650756736.05, "revenueEstimated": null, "fiscalDateEnding": "2018-12-30", "updatedFromDate": "2023-05-17"}, {"date": "2019-02-25", "symbol": "BDOUF", "eps": 2.55, "epsEstimated": 2.28, "time": "bmo", "revenue": null, "revenueEstimated": 67237647.05882353, "fiscalDateEnding": "2018-12-31", "updatedFromDate": "2023-05-17"}, {"date": "2019-02-25", "symbol": "NOA", "eps": 0.1, "epsEstimated": 0.14, "time": "amc", "revenue": 131001000, "revenueEstimated": 168429857, "fiscalDateEnding": "2018-12-31", "updatedFromDate": "2023-11-28"}, {"date": "2019-02-25", "symbol": "KNKZF", "eps": -0.68, "epsEstimated": -1.25, "time": "bmo", "revenue": null, "revenueEstimated": 606617.6470588235, "fiscalDateEnding": "2019-03-31", "updatedFromDate": "2023-05-17"}, {"date": "2019-02-25", "symbol": "002793.SZ", "eps": 0.07747, "epsEstimated": null, "time": "bmo", "revenue": 275097838.26, "revenueEstimated": null, "fiscalDateEnding": "2018-12-30", "updatedFromDate": "2023-05-17"}, {"date": "2019-02-25", "symbol": "YAL.AX", "eps": 0.136, "epsEstimated": null, "time": "bmo", "revenue": 1091250000, "revenueEstimated": null, "fiscalDateEnding": "2018-11-25", "updatedFromDate": "2023-05-17"}, {"date": "2019-02-25", "symbol": "603179.SS", "eps": 0.1846, "epsEstimated": null, "time": "bmo", "revenue": 754337694.58, "revenueEstimated": null, "fiscalDateEnding": "2018-11-25", "updatedFromDate": "2023-05-17"}, {"date": "2019-02-25", "symbol": "029960.KQ", "eps": null, "epsEstimated": null, "time": "bmo", "revenue": null, "revenueEstimated": null, "fiscalDateEnding": "2018-12-31", "updatedFromDate": "2023-05-17"}, {"date": "2019-02-25", "symbol": "600803.SS", "eps": 0.23, "epsEstimated": 0.35, "time": "bmo", "revenue": 3140439536.99, "revenueEstimated": null, "fiscalDateEnding": "2018-11-25", "updatedFromDate": "2023-05-17"}, {"date": "2019-02-25", "symbol": "PNMXO", "eps": null, "epsEstimated": null, "time": "bmo", "revenue": null, "revenueEstimated": null, "fiscalDateEnding": "2018-12-30", "updatedFromDate": "2023-05-17"}, {"date": "2019-02-25", "symbol": "ALM.MC", "eps": 0.04, "epsEstimated": 0.12, "time": "bmo", "revenue": 224400000, "revenueEstimated": null, "fiscalDateEnding": "2018-11-25", "updatedFromDate": "2023-05-17"}, {"date": "2019-02-25", "symbol": "002741.SZ", "eps": 0.01016, "epsEstimated": null, "time": "bmo", "revenue": 325482136.03, "revenueEstimated": null, "fiscalDateEnding": "2018-12-30", "updatedFromDate": "2023-05-17"}, {"date": "2019-02-25", "symbol": "STIL.ST", "eps": 1.27, "epsEstimated": null, "time": "bmo", "revenue": 42117000, "revenueEstimated": null, "fiscalDateEnding": "2018-12-30", "updatedFromDate": "2023-05-17"}, {"date": "2019-02-25", "symbol": "UNI.TO", "eps": -0.05014, "epsEstimated": null, "time": "bmo", "revenue": 16945840, "revenueEstimated": null, "fiscalDateEnding": "2018-12-31", "updatedFromDate": "2023-10-16"}, {"date": "2019-02-25", "symbol": "FBM", "eps": 0.16, "epsEstimated": 0.11, "time": "bmo", "revenue": 516159000, "revenueEstimated": 354859312.5, "fiscalDateEnding": "2018-12-30", "updatedFromDate": "2023-05-17"}, {"date": "2019-02-25", "symbol": "LDL", "eps": 0.52, "epsEstimated": 0.48, "time": "amc", "revenue": 209938000, "revenueEstimated": 193788923.07692307, "fiscalDateEnding": "2018-12-30", "updatedFromDate": "2023-05-17"}, {"date": "2019-02-25", "symbol": "APTS", "eps": 0.06, "epsEstimated": -0.44, "time": "amc", "revenue": 106280000, "revenueEstimated": 779386666.6666667, "fiscalDateEnding": "2018-12-30", "updatedFromDate": "2023-05-17"}, {"date": "2019-02-25", "symbol": "ASRMF", "eps": 4.86, "epsEstimated": 3.64, "time": "bmo", "revenue": null, "revenueEstimated": null, "fiscalDateEnding": "2018-12-31", "updatedFromDate": "2023-05-17"}, {"date": "2019-02-25", "symbol": "MGY", "eps": 0.21, "epsEstimated": 0.29, "time": "bmo", "revenue": 255055000, "revenueEstimated": 351676095.2380952, "fiscalDateEnding": "2018-12-30", "updatedFromDate": "2023-09-29"}, {"date": "2019-02-25", "symbol": "APLE", "eps": 0.15, "epsEstimated": 0.14, "time": "amc", "revenue": 295255000, "revenueEstimated": 275571333.3333334, "fiscalDateEnding": "2018-12-30", "updatedFromDate": "2023-09-29"}, {"date": "2019-02-25", "symbol": "NCNNF", "eps": null, "epsEstimated": null, "time": "bmo", "revenue": null, "revenueEstimated": null, "fiscalDateEnding": "2018-12-31", "updatedFromDate": "2023-05-17"}, {"date": "2019-02-25", "symbol": "AG", "eps": -0.05, "epsEstimated": -0.04815, "time": "bmo", "revenue": 75499000, "revenueEstimated": 74128000, "fiscalDateEnding": "2018-12-31", "updatedFromDate": "2023-09-29"}, {"date": "2019-02-25", "symbol": "015860.KS", "eps": -113, "epsEstimated": -55, "time": "bmo", "revenue": 257440758130, "revenueEstimated": null, "fiscalDateEnding": "2018-12-30", "updatedFromDate": "2023-05-17"}, {"date": "2019-02-25", "symbol": "NSA-PA", "eps": -0.16, "epsEstimated": 0.21, "time": "bmo", "revenue": 89298000, "revenueEstimated": null, "fiscalDateEnding": "2018-12-30", "updatedFromDate": "2023-05-17"}, {"date": "2019-02-25", "symbol": "STAR", "eps": 0.53, "epsEstimated": 0.31, "time": "bmo", "revenue": 140166000, "revenueEstimated": 100716052.5, "fiscalDateEnding": "2018-12-30", "updatedFromDate": "2023-05-17"}, {"date": "2019-02-25", "symbol": "IIPZF", "eps": 0.29, "epsEstimated": null, "time": "bmo", "revenue": 127286000, "revenueEstimated": null, "fiscalDateEnding": "2018-12-31", "updatedFromDate": "2023-09-29"}, {"date": "2019-02-25", "symbol": "MCS.BK", "eps": 0.1535, "epsEstimated": null, "time": "bmo", "revenue": 434094000, "revenueEstimated": null, "fiscalDateEnding": "2018-11-25", "updatedFromDate": "2023-05-17"}, {"date": "2019-02-25", "symbol": "EXTN", "eps": -0.14, "epsEstimated": 0.11, "time": "amc", "revenue": 332153000, "revenueEstimated": 260977357.1428571, "fiscalDateEnding": "2018-12-30", "updatedFromDate": "2023-05-17"}, {"date": "2019-02-25", "symbol": "EKH.BK", "eps": 0.04123, "epsEstimated": null, "time": "bmo", "revenue": 168595447, "revenueEstimated": null, "fiscalDateEnding": "2018-12-30", "updatedFromDate": "2023-08-16"}, {"date": "2019-02-25", "symbol": "CLDT", "eps": -0.01, "epsEstimated": 0.36, "time": "bmo", "revenue": 77045000, "revenueEstimated": 221097000, "fiscalDateEnding": "2018-12-30", "updatedFromDate": "2023-09-29"}, {"date": "2019-02-25", "symbol": "TWOU", "eps": 0.23, "epsEstimated": 0.21, "time": "amc", "revenue": 115095000, "revenueEstimated": 105086739.13043478, "fiscalDateEnding": "2018-12-30", "updatedFromDate": "2023-09-29"}, {"date": "2019-02-25", "symbol": "GSM", "eps": -0.05, "epsEstimated": -0.05, "time": "amc", "revenue": 603519000, "revenueEstimated": 603519000, "fiscalDateEnding": "2018-12-31", "updatedFromDate": "2023-09-29"}, {"date": "2019-02-25", "symbol": "FGWLF", "eps": null, "epsEstimated": null, "time": "bmo", "revenue": null, "revenueEstimated": null, "fiscalDateEnding": "2018-12-31", "updatedFromDate": "2023-05-17"}, {"date": "2019-02-25", "symbol": "HLFBF", "eps": null, "epsEstimated": null, "time": "bmo", "revenue": null, "revenueEstimated": null, "fiscalDateEnding": "2018-12-31", "updatedFromDate": "2023-05-17"}, {"date": "2019-02-25", "symbol": "CORT", "eps": 0.18, "epsEstimated": 0.15, "time": "amc", "revenue": 66831000, "revenueEstimated": 55692500, "fiscalDateEnding": "2018-12-30", "updatedFromDate": "2023-09-29"}, {"date": "2019-02-25", "symbol": "PWH.AX", "eps": 0.0326, "epsEstimated": null, "time": "bmo", "revenue": 16432750, "revenueEstimated": null, "fiscalDateEnding": "2018-11-25", "updatedFromDate": "2023-10-17"}, {"date": "2019-02-25", "symbol": "CPN.BK", "eps": 0.57, "epsEstimated": 0.68, "time": "bmo", "revenue": 9399431383, "revenueEstimated": null, "fiscalDateEnding": "2018-12-30", "updatedFromDate": "2023-05-17"}, {"date": "2019-02-25", "symbol": "PEB-PF", "eps": -0.36, "epsEstimated": 0.1, "time": "bmo", "revenue": null, "revenueEstimated": null, "fiscalDateEnding": "2018-12-30", "updatedFromDate": "2023-05-17"}, {"date": "2019-02-25", "symbol": "VNG.BK", "eps": -0.14584, "epsEstimated": null, "time": "bmo", "revenue": 2365570000, "revenueEstimated": null, "fiscalDateEnding": "2018-11-25", "updatedFromDate": "2023-05-17"}, {"date": "2019-02-25", "symbol": "LSI", "eps": 1.32, "epsEstimated": 0.52, "time": "amc", "revenue": 129109000, "revenueEstimated": 54468030.3030303, "fiscalDateEnding": "2018-12-30", "updatedFromDate": "2023-09-29"}, {"date": "2019-02-25", "symbol": "PAZRF", "eps": null, "epsEstimated": null, "time": "amc", "revenue": null, "revenueEstimated": null, "fiscalDateEnding": "2018-12-31", "updatedFromDate": "2023-05-17"}, {"date": "2019-02-25", "symbol": "CRD-B", "eps": 0.3, "epsEstimated": 0.24, "time": "bmo", "revenue": 274520000, "revenueEstimated": 205890000, "fiscalDateEnding": "2018-12-30", "updatedFromDate": "2023-05-17"}, {"date": "2019-02-25", "symbol": "PINFRA.MX", "eps": 3.85, "epsEstimated": 3.11, "time": "bmo", "revenue": null, "revenueEstimated": null, "fiscalDateEnding": "2018-12-31", "updatedFromDate": "2023-05-17"}, {"date": "2019-02-25", "symbol": "CUOTF", "eps": null, "epsEstimated": null, "time": "bmo", "revenue": null, "revenueEstimated": null, "fiscalDateEnding": "2018-12-31", "updatedFromDate": "2023-05-17"}, {"date": "2019-02-25", "symbol": "558.SI", "eps": 0.01051, "epsEstimated": null, "time": "bmo", "revenue": 28602000, "revenueEstimated": null, "fiscalDateEnding": "2018-11-25", "updatedFromDate": "2023-05-17"}, {"date": "2019-02-25", "symbol": "EPR-PG", "eps": 0.72, "epsEstimated": 0.85, "time": "bmo", "revenue": 166487000, "revenueEstimated": null, "fiscalDateEnding": "2018-12-30", "updatedFromDate": "2023-05-17"}, {"date": "2019-02-25", "symbol": "CRD.B", "eps": 0.3, "epsEstimated": 0.24, "time": "amc", "revenue": null, "revenueEstimated": null, "fiscalDateEnding": "2018-12-31", "updatedFromDate": "2023-09-29"}, {"date": "2019-02-25", "symbol": "PCSGH.BK", "eps": 0.06508, "epsEstimated": null, "time": "bmo", "revenue": 1413944000, "revenueEstimated": null, "fiscalDateEnding": "2018-11-25", "updatedFromDate": "2023-05-17"}, {"date": "2019-02-25", "symbol": "068270.KS", "eps": 326.8, "epsEstimated": 484.6, "time": "bmo", "revenue": 242550743800, "revenueEstimated": null, "fiscalDateEnding": "2018-12-30", "updatedFromDate": "2023-05-17"}, {"date": "2019-02-25", "symbol": "101160.KQ", "eps": null, "epsEstimated": null, "time": "bmo", "revenue": null, "revenueEstimated": null, "fiscalDateEnding": "2018-12-31", "updatedFromDate": "2023-05-17"}, {"date": "2019-02-25", "symbol": "002768.SZ", "eps": 0.3927, "epsEstimated": null, "time": "bmo", "revenue": 1383290996.83, "revenueEstimated": null, "fiscalDateEnding": "2018-12-30", "updatedFromDate": "2023-05-17"}, {"date": "2019-02-25", "symbol": "FNCNF", "eps": null, "epsEstimated": null, "time": "bmo", "revenue": null, "revenueEstimated": null, "fiscalDateEnding": "2018-12-31", "updatedFromDate": "2023-05-17"}, {"date": "2019-02-25", "symbol": "BNTC", "eps": null, "epsEstimated": null, "time": "bmo", "revenue": null, "revenueEstimated": null, "fiscalDateEnding": "2018-12-29", "updatedFromDate": "2023-09-29"}, {"date": "2019-02-25", "symbol": "RRC", "eps": 0.21, "epsEstimated": 0.18, "time": "amc", "revenue": 971939000, "revenueEstimated": 601676523.8095238, "fiscalDateEnding": "2018-12-30", "updatedFromDate": "2023-09-29"}, {"date": "2019-02-25", "symbol": "PALAF", "eps": null, "epsEstimated": null, "time": "bmo", "revenue": null, "revenueEstimated": null, "fiscalDateEnding": "2018-11-25", "updatedFromDate": "2023-10-17"}, {"date": "2019-02-25", "symbol": "FR.TO", "eps": -0.05, "epsEstimated": -0.06, "time": "bmo", "revenue": 75499000, "revenueEstimated": null, "fiscalDateEnding": "2018-12-31", "updatedFromDate": "2023-10-16"}, {"date": "2019-02-25", "symbol": "RWC.AX", "eps": 0.0285, "epsEstimated": null, "time": "bmo", "revenue": 290602750, "revenueEstimated": null, "fiscalDateEnding": "2018-11-25", "updatedFromDate": "2023-10-16"}, {"date": "2019-02-25", "symbol": "WAB", "eps": 0.97, "epsEstimated": 1.02, "time": "bmo", "revenue": 1117876000, "revenueEstimated": 1175498474.2268043, "fiscalDateEnding": "2018-12-30", "updatedFromDate": "2023-09-29"}, {"date": "2019-02-25", "symbol": "ABGOF", "eps": -0.00764, "epsEstimated": null, "time": "bmo", "revenue": 330000000, "revenueEstimated": null, "fiscalDateEnding": "2019-03-30", "updatedFromDate": "2023-05-17"}, {"date": "2019-02-25", "symbol": "SHAK", "eps": 0.06, "epsEstimated": 0.03083, "time": "amc", "revenue": 124265000, "revenueEstimated": 62132500, "fiscalDateEnding": "2018-12-25", "updatedFromDate": "2023-09-29"}, {"date": "2019-02-25", "symbol": "AWR", "eps": 0.37, "epsEstimated": 0.38, "time": "amc", "revenue": 111005000, "revenueEstimated": 114005135.13513513, "fiscalDateEnding": "2018-12-30", "updatedFromDate": "2023-09-29"}, {"date": "2019-02-25", "symbol": "THC", "eps": 0.51, "epsEstimated": 0.24, "time": "amc", "revenue": 4619000000, "revenueEstimated": 4593224328.1875, "fiscalDateEnding": "2018-12-30", "updatedFromDate": "2023-09-29"}, {"date": "2019-02-25", "symbol": "KOS", "eps": -0.09, "epsEstimated": 0.05, "time": "bmo", "revenue": 301446000, "revenueEstimated": 66988000.00000003, "fiscalDateEnding": "2018-12-30", "updatedFromDate": "2023-09-29"}, {"date": "2019-02-25", "symbol": "002916.SZ", "eps": 0.4784, "epsEstimated": null, "time": "bmo", "revenue": 2265337614.11, "revenueEstimated": null, "fiscalDateEnding": "2018-12-30", "updatedFromDate": "2023-05-17"}, {"date": "2019-02-25", "symbol": "163560.KS", "eps": 136.59, "epsEstimated": null, "time": "bmo", "revenue": 62110362460, "revenueEstimated": null, "fiscalDateEnding": "2018-12-30", "updatedFromDate": "2023-05-17"}, {"date": "2019-02-25", "symbol": "CDEV", "eps": 0.12, "epsEstimated": 0.16, "time": "amc", "revenue": 222504000, "revenueEstimated": 296672000.00000006, "fiscalDateEnding": "2018-12-30", "updatedFromDate": "2023-05-17"}, {"date": "2019-02-25", "symbol": "GRFFF", "eps": 0.61, "epsEstimated": 0.63, "time": "bmo", "revenue": null, "revenueEstimated": 405141.6393442623, "fiscalDateEnding": "2018-12-31", "updatedFromDate": "2023-05-17"}, {"date": "2019-02-25", "symbol": "300691.SZ", "eps": 0.08, "epsEstimated": null, "time": "bmo", "revenue": null, "revenueEstimated": null, "fiscalDateEnding": "2018-12-31", "updatedFromDate": "2023-05-17"}, {"date": "2019-02-25", "symbol": "SYKE", "eps": 0.58, "epsEstimated": 0.66, "time": "amc", "revenue": 415198000, "revenueEstimated": 472466689.6551724, "fiscalDateEnding": "2018-12-30", "updatedFromDate": "2023-05-17"}, {"date": "2019-02-25", "symbol": "RPH.BK", "eps": 0.05618, "epsEstimated": null, "time": "bmo", "revenue": 204560271, "revenueEstimated": null, "fiscalDateEnding": "2018-11-25", "updatedFromDate": "2023-05-17"}, {"date": "2019-02-25", "symbol": "NSA", "eps": -0.16, "epsEstimated": 0.35, "time": "bmo", "revenue": 89298000, "revenueEstimated": 117203625, "fiscalDateEnding": "2018-12-30", "updatedFromDate": "2023-09-29"}, {"date": "2019-02-25", "symbol": "EXK", "eps": -0.02, "epsEstimated": -0.0145, "time": "bmo", "revenue": 33833000, "revenueEstimated": 56388333.33333334, "fiscalDateEnding": "2018-12-31", "updatedFromDate": "2023-09-29"}, {"date": "2019-02-25", "symbol": "1809.HK", "eps": null, "epsEstimated": null, "time": "bmo", "revenue": null, "revenueEstimated": null, "fiscalDateEnding": "2018-11-25", "updatedFromDate": "2023-05-17"}, {"date": "2019-02-25", "symbol": "XPRO", "eps": 0.36, "epsEstimated": 0.37, "time": "bmo", "revenue": null, "revenueEstimated": null, "fiscalDateEnding": "2018-12-29", "updatedFromDate": "2023-09-29"}, {"date": "2019-02-25", "symbol": "INKP.JK", "eps": 0.01315, "epsEstimated": null, "time": "bmo", "revenue": 827935000, "revenueEstimated": null, "fiscalDateEnding": "2018-12-30", "updatedFromDate": "2023-05-17"}, {"date": "2019-02-25", "symbol": "HTZGQ", "eps": -0.48, "epsEstimated": -0.78, "time": "bmo", "revenue": 2295000000, "revenueEstimated": 3177692307, "fiscalDateEnding": "2018-12-30", "updatedFromDate": "2023-05-17"}, {"date": "2019-02-25", "symbol": "CAPL", "eps": 0.22, "epsEstimated": 0.14, "time": "amc", "revenue": 547242000, "revenueEstimated": 348244909.0909091, "fiscalDateEnding": "2018-12-30", "updatedFromDate": "2023-09-29"}, {"date": "2019-02-25", "symbol": "PBPB", "eps": 0.05, "epsEstimated": 0.02, "time": "amc", "revenue": 102378000, "revenueEstimated": 40951200, "fiscalDateEnding": "2018-12-29", "updatedFromDate": "2023-09-29"}, {"date": "2019-02-25", "symbol": "002674.SZ", "eps": 0.2006, "epsEstimated": null, "time": "bmo", "revenue": 536752764.61, "revenueEstimated": null, "fiscalDateEnding": "2018-12-30", "updatedFromDate": "2023-05-17"}, {"date": "2019-02-25", "symbol": "PYOIF", "eps": 3.85, "epsEstimated": 3.11, "time": "bmo", "revenue": null, "revenueEstimated": null, "fiscalDateEnding": "2018-12-31", "updatedFromDate": "2023-05-17"}, {"date": "2019-02-25", "symbol": "EDR.TO", "eps": -0.03, "epsEstimated": -0.05, "time": "bmo", "revenue": 33833000, "revenueEstimated": null, "fiscalDateEnding": "2018-12-31", "updatedFromDate": "2023-10-16"}, {"date": "2019-02-25", "symbol": "002494.SZ", "eps": 0.01192, "epsEstimated": null, "time": "bmo", "revenue": 154021392.04, "revenueEstimated": null, "fiscalDateEnding": "2018-12-30", "updatedFromDate": "2023-05-17"}, {"date": "2019-02-25", "symbol": "002918.SZ", "eps": 0.24, "epsEstimated": null, "time": "bmo", "revenue": 929736068.79, "revenueEstimated": null, "fiscalDateEnding": "2018-12-30", "updatedFromDate": "2023-05-17"}, {"date": "2019-02-25", "symbol": "BSM", "eps": 0.72, "epsEstimated": 0.27, "time": "amc", "revenue": 246047000, "revenueEstimated": 92267625, "fiscalDateEnding": "2018-12-30", "updatedFromDate": "2023-09-29"}, {"date": "2019-02-25", "symbol": "DRH", "eps": 0.12, "epsEstimated": 0.11, "time": "amc", "revenue": 223407000, "revenueEstimated": 204789750.00000003, "fiscalDateEnding": "2018-12-30", "updatedFromDate": "2023-09-29"}, {"date": "2019-02-25", "symbol": "OKE", "eps": 0.7, "epsEstimated": 0.73, "time": "amc", "revenue": 3136700000, "revenueEstimated": 3271130000, "fiscalDateEnding": "2018-12-30", "updatedFromDate": "2023-09-29"}, {"date": "2019-02-25", "symbol": "BPAC11.SA", "eps": 0.63, "epsEstimated": 0.68, "time": "bmo", "revenue": null, "revenueEstimated": null, "fiscalDateEnding": "2018-12-31", "updatedFromDate": "2023-05-17"}, {"date": "2019-02-25", "symbol": "600785.SS", "eps": -0.11523, "epsEstimated": null, "time": "bmo", "revenue": 1914053785.34, "revenueEstimated": null, "fiscalDateEnding": "2018-12-30", "updatedFromDate": "2023-05-17"}, {"date": "2019-02-25", "symbol": "IMMU", "eps": -0.5, "epsEstimated": -0.34, "time": "bmo", "revenue": null, "revenueEstimated": null, "fiscalDateEnding": "2018-12-29", "updatedFromDate": "2023-05-17"}, {"date": "2019-02-25", "symbol": "002167.SZ", "eps": -0.00716, "epsEstimated": null, "time": "bmo", "revenue": 80544887.44, "revenueEstimated": null, "fiscalDateEnding": "2018-12-30", "updatedFromDate": "2023-05-17"}, {"date": "2019-02-25", "symbol": "2633.TW", "eps": 0.36, "epsEstimated": 0.34, "time": "bmo", "revenue": 11743688000, "revenueEstimated": null, "fiscalDateEnding": "2018-12-30", "updatedFromDate": "2023-05-17"}, {"date": "2019-02-25", "symbol": "300725.SZ", "eps": 0.2116, "epsEstimated": null, "time": "bmo", "revenue": 139132186.65, "revenueEstimated": null, "fiscalDateEnding": "2018-12-30", "updatedFromDate": "2023-05-17"}, {"date": "2019-02-25", "symbol": "002293.SZ", "eps": 0.1938, "epsEstimated": null, "time": "bmo", "revenue": 1361127089.53, "revenueEstimated": null, "fiscalDateEnding": "2018-12-30", "updatedFromDate": "2023-05-17"}, {"date": "2019-02-25", "symbol": "STAR-PI", "eps": 0.53, "epsEstimated": 0.31, "time": "bmo", "revenue": 140166000, "revenueEstimated": null, "fiscalDateEnding": "2018-12-30", "updatedFromDate": "2023-05-17"}, {"date": "2019-02-25", "symbol": "002215.SZ", "eps": 0.03614, "epsEstimated": null, "time": "bmo", "revenue": 883214937.51, "revenueEstimated": null, "fiscalDateEnding": "2018-12-30", "updatedFromDate": "2023-05-17"}, {"date": "2019-02-25", "symbol": "NGHCP", "eps": 0.3, "epsEstimated": 0.29, "time": "bmo", "revenue": 1186765000, "revenueEstimated": 1147206166.6666667, "fiscalDateEnding": "2018-09-30", "updatedFromDate": "2023-05-17"}, {"date": "2019-02-25", "symbol": "APLUF", "eps": null, "epsEstimated": null, "time": "bmo", "revenue": null, "revenueEstimated": null, "fiscalDateEnding": "2018-12-31", "updatedFromDate": "2023-05-17"}, {"date": "2019-02-25", "symbol": "PLOW", "eps": 0.62, "epsEstimated": 0.55, "time": "amc", "revenue": 151825000, "revenueEstimated": 134683467.7419355, "fiscalDateEnding": "2018-12-30", "updatedFromDate": "2023-09-29"}, {"date": "2019-02-25", "symbol": "PYLON.BK", "eps": 0.08042, "epsEstimated": null, "time": "bmo", "revenue": 388309768, "revenueEstimated": null, "fiscalDateEnding": "2018-12-30", "updatedFromDate": "2023-08-16"}, {"date": "2019-02-25", "symbol": "SELEC.IS", "eps": null, "epsEstimated": null, "time": "bmo", "revenue": null, "revenueEstimated": null, "fiscalDateEnding": "2018-12-31", "updatedFromDate": "2023-05-17"}, {"date": "2019-02-25", "symbol": "300033.SZ", "eps": 0.569, "epsEstimated": null, "time": "bmo", "revenue": 477123330.13, "revenueEstimated": null, "fiscalDateEnding": "2018-12-30", "updatedFromDate": "2023-08-16"}, {"date": "2019-02-25", "symbol": "002761.SZ", "eps": -0.00575, "epsEstimated": null, "time": "bmo", "revenue": 294074574.74, "revenueEstimated": null, "fiscalDateEnding": "2018-12-30", "updatedFromDate": "2023-05-17"}, {"date": "2019-02-25", "symbol": "002582.SZ", "eps": 0.04928, "epsEstimated": null, "time": "bmo", "revenue": 1387078343.68, "revenueEstimated": null, "fiscalDateEnding": "2018-12-30", "updatedFromDate": "2023-05-17"}, {"date": "2019-02-25", "symbol": "DORM", "eps": 1.1, "epsEstimated": 1.1, "time": "bmo", "revenue": 260341000, "revenueEstimated": 260342000, "fiscalDateEnding": "2018-12-28", "updatedFromDate": "2023-09-29"}, {"date": "2019-02-25", "symbol": "ATH-PC", "eps": 1.23, "epsEstimated": 1.2, "time": "bmo", "revenue": 1147000000, "revenueEstimated": 1118325000, "fiscalDateEnding": "2018-09-30", "updatedFromDate": "2023-05-17"}, {"date": "2019-02-25", "symbol": "EVER", "eps": -0.15, "epsEstimated": -0.23, "time": "amc", "revenue": 39779000, "revenueEstimated": 41150689, "fiscalDateEnding": "2018-12-30", "updatedFromDate": "2023-09-29"}, {"date": "2019-02-25", "symbol": "MOS", "eps": 0.77, "epsEstimated": 0.57, "time": "amc", "revenue": 2520500000, "revenueEstimated": 1865824675.324675, "fiscalDateEnding": "2018-12-30", "updatedFromDate": "2023-09-29"}, {"date": "2019-02-25", "symbol": "002820.KS", "eps": -352.46986, "epsEstimated": null, "time": "bmo", "revenue": 118635228000, "revenueEstimated": null, "fiscalDateEnding": "2019-03-31", "updatedFromDate": "2023-05-17"}, {"date": "2019-02-25", "symbol": "HTZ", "eps": 0.48, "epsEstimated": 0.78, "time": "amc", "revenue": 2294000000, "revenueEstimated": 3729375000, "fiscalDateEnding": "2018-12-30", "updatedFromDate": "2023-09-29"}, {"date": "2019-02-25", "symbol": "SPG.JO", "eps": null, "epsEstimated": null, "time": "bmo", "revenue": null, "revenueEstimated": null, "fiscalDateEnding": "2019-03-31", "updatedFromDate": "2023-10-16"}, {"date": "2019-02-25", "symbol": "KAMN", "eps": 1.22, "epsEstimated": 0.94, "time": "amc", "revenue": 500911000, "revenueEstimated": 166549409.8360656, "fiscalDateEnding": "2018-12-30", "updatedFromDate": "2023-09-29"}, {"date": "2019-02-25", "symbol": "002250.SZ", "eps": 0.16, "epsEstimated": null, "time": "bmo", "revenue": 1263716353.33, "revenueEstimated": null, "fiscalDateEnding": "2018-11-25", "updatedFromDate": "2023-05-17"}, {"date": "2019-02-25", "symbol": "NHH.MC", "eps": -0.03646, "epsEstimated": null, "time": "bmo", "revenue": 350076000, "revenueEstimated": null, "fiscalDateEnding": "2018-11-25", "updatedFromDate": "2023-05-17"}, {"date": "2019-02-25", "symbol": "300144.SZ", "eps": 0.06, "epsEstimated": 0.06, "time": "bmo", "revenue": 740280166.59, "revenueEstimated": null, "fiscalDateEnding": "2018-12-30", "updatedFromDate": "2023-08-16"}, {"date": "2019-02-25", "symbol": "003200.KS", "eps": 375, "epsEstimated": null, "time": "bmo", "revenue": 120305016000, "revenueEstimated": null, "fiscalDateEnding": "2018-11-25", "updatedFromDate": "2023-05-17"}, {"date": "2019-02-25", "symbol": "DDS", "eps": 3.22, "epsEstimated": 2.8, "time": "bmo", "revenue": 1423600000, "revenueEstimated": 1698647086.9565217, "fiscalDateEnding": "2018-11-25", "updatedFromDate": "2023-10-10"}, {"date": "2019-02-25", "symbol": "LABFF", "eps": 0.04, "epsEstimated": 0.005, "time": "bmo", "revenue": null, "revenueEstimated": null, "fiscalDateEnding": "2018-12-31", "updatedFromDate": "2023-05-17"}, {"date": "2019-02-25", "symbol": "0807.HK", "eps": 0.06537, "epsEstimated": null, "time": "bmo", "revenue": 1388482000, "revenueEstimated": null, "fiscalDateEnding": "2018-12-30", "updatedFromDate": "2023-05-17"}, {"date": "2019-02-25", "symbol": "VCYT", "eps": -0.08, "epsEstimated": -0.13, "time": "amc", "revenue": 29529000, "revenueEstimated": 48281250, "fiscalDateEnding": "2018-11-25", "updatedFromDate": "2023-10-10"}, {"date": "2019-02-25", "symbol": "AP4.SI", "eps": 0.02221, "epsEstimated": null, "time": "bmo", "revenue": 257445000, "revenueEstimated": null, "fiscalDateEnding": "2018-12-31", "updatedFromDate": "2023-05-17"}, {"date": "2019-02-25", "symbol": "0331.HK", "eps": 0.172, "epsEstimated": null, "time": "bmo", "revenue": 1220529750, "revenueEstimated": null, "fiscalDateEnding": "2018-11-25", "updatedFromDate": "2023-10-16"}, {"date": "2019-02-25", "symbol": "010420.KS", "eps": 25, "epsEstimated": null, "time": "bmo", "revenue": 71008897680, "revenueEstimated": null, "fiscalDateEnding": "2018-12-30", "updatedFromDate": "2023-05-17"}, {"date": "2019-02-25", "symbol": "ALSN", "eps": 1.14, "epsEstimated": 0.98, "time": "amc", "revenue": 647000000, "revenueEstimated": 556192982.4561404, "fiscalDateEnding": "2018-12-30", "updatedFromDate": "2023-09-29"}, {"date": "2019-02-25", "symbol": "ATH-PB", "eps": 1.23, "epsEstimated": 1.2, "time": "bmo", "revenue": null, "revenueEstimated": null, "fiscalDateEnding": "2018-09-30", "updatedFromDate": "2023-05-17"}, {"date": "2019-02-25", "symbol": "EPR", "eps": 0.72, "epsEstimated": 0.85, "time": "amc", "revenue": 166487000, "revenueEstimated": 755462291.6666666, "fiscalDateEnding": "2018-12-30", "updatedFromDate": "2023-09-29"}, {"date": "2019-02-25", "symbol": "GCHEF", "eps": 0.44, "epsEstimated": 0.59, "time": "bmo", "revenue": null, "revenueEstimated": 11585454.545454545, "fiscalDateEnding": "2018-12-31", "updatedFromDate": "2023-05-17"}, {"date": "2019-02-25", "symbol": "PSPSF", "eps": 0.9, "epsEstimated": null, "time": "bmo", "revenue": null, "revenueEstimated": null, "fiscalDateEnding": "2018-12-31", "updatedFromDate": "2023-05-17"}, {"date": "2019-02-25", "symbol": "HNI", "eps": 0.97, "epsEstimated": 0.96, "time": "amc", "revenue": 598092000, "revenueEstimated": 591926103.0927836, "fiscalDateEnding": "2018-12-28", "updatedFromDate": "2023-09-29"}, {"date": "2019-02-25", "symbol": "AWI", "eps": 0.8, "epsEstimated": 0.83, "time": "bmo", "revenue": 238900000, "revenueEstimated": 247858749.99999997, "fiscalDateEnding": "2018-12-30", "updatedFromDate": "2023-09-29"}, {"date": "2019-02-25", "symbol": "038540.KQ", "eps": 652.74, "epsEstimated": null, "time": "bmo", "revenue": null, "revenueEstimated": null, "fiscalDateEnding": "2018-12-31", "updatedFromDate": "2023-05-17"}, {"date": "2019-02-25", "symbol": "NLS", "eps": 0.05, "epsEstimated": 0.04222, "time": "amc", "revenue": 61708000, "revenueEstimated": 92307999.99999999, "fiscalDateEnding": "2018-11-25", "updatedFromDate": "2023-10-10"}, {"date": "2019-02-25", "symbol": "300260.SZ", "eps": null, "epsEstimated": null, "time": "bmo", "revenue": null, "revenueEstimated": null, "fiscalDateEnding": "2018-12-31", "updatedFromDate": "2023-05-17"}, {"date": "2019-02-25", "symbol": "ICCH", "eps": 0.21, "epsEstimated": null, "time": "bmo", "revenue": 12902476, "revenueEstimated": null, "fiscalDateEnding": "2018-12-30", "updatedFromDate": "2023-09-29"}, {"date": "2019-02-25", "symbol": "JWCAF", "eps": null, "epsEstimated": null, "time": "bmo", "revenue": null, "revenueEstimated": null, "fiscalDateEnding": "2019-03-31", "updatedFromDate": "2023-05-17"}, {"date": "2019-02-25", "symbol": "RP", "eps": 0.39, "epsEstimated": 0.38, "time": "amc", "revenue": 226974000, "revenueEstimated": 221154153.84615386, "fiscalDateEnding": "2018-12-30", "updatedFromDate": "2023-05-17"}, {"date": "2019-02-25", "symbol": "068760.KQ", "eps": -88.06, "epsEstimated": null, "time": "bmo", "revenue": null, "revenueEstimated": null, "fiscalDateEnding": "2018-12-31", "updatedFromDate": "2023-05-17"}, {"date": "2019-02-25", "symbol": "AWAEF", "eps": null, "epsEstimated": null, "time": "bmo", "revenue": null, "revenueEstimated": null, "fiscalDateEnding": "2018-12-31", "updatedFromDate": "2023-05-17"}, {"date": "2019-02-25", "symbol": "002039.SZ", "eps": 0.0224, "epsEstimated": null, "time": "bmo", "revenue": 314179523.52, "revenueEstimated": null, "fiscalDateEnding": "2018-11-25", "updatedFromDate": "2023-05-17"}, {"date": "2019-02-25", "symbol": "NOA.TO", "eps": 0.1, "epsEstimated": 0.13, "time": "bmo", "revenue": 131001000, "revenueEstimated": null, "fiscalDateEnding": "2018-12-31", "updatedFromDate": "2023-10-16"}, {"date": "2019-02-25", "symbol": "MEDXF", "eps": -0.1, "epsEstimated": -0.3, "time": "bmo", "revenue": 10587934.186472, "revenueEstimated": null, "fiscalDateEnding": "2018-12-31", "updatedFromDate": "2023-11-28"}, {"date": "2019-02-25", "symbol": "002043.SZ", "eps": 0.08045, "epsEstimated": null, "time": "bmo", "revenue": 1196985795.08, "revenueEstimated": null, "fiscalDateEnding": "2018-12-30", "updatedFromDate": "2023-05-17"}, {"date": "2019-02-25", "symbol": "MRKZ.ME", "eps": 0.0122, "epsEstimated": null, "time": "bmo", "revenue": 13306312000, "revenueEstimated": null, "fiscalDateEnding": "2018-11-25", "updatedFromDate": "2023-05-17"}, {"date": "2019-02-25", "symbol": "BINV.ST", "eps": -2.2, "epsEstimated": -2.69, "time": "bmo", "revenue": 10377000, "revenueEstimated": null, "fiscalDateEnding": "2018-12-30", "updatedFromDate": "2023-05-17"}, {"date": "2019-02-25", "symbol": "002673.SZ", "eps": -0.04, "epsEstimated": null, "time": "bmo", "revenue": 613697856.05, "revenueEstimated": null, "fiscalDateEnding": "2018-12-30", "updatedFromDate": "2023-05-17"}, {"date": "2019-02-25", "symbol": "KEGXD", "eps": -59.5, "epsEstimated": -60.1, "time": "bmo", "revenue": null, "revenueEstimated": null, "fiscalDateEnding": "2018-12-31", "updatedFromDate": "2023-05-17"}, {"date": "2019-02-25", "symbol": "BSGR.AS", "eps": 0.1791, "epsEstimated": null, "time": "bmo", "revenue": 494704250, "revenueEstimated": null, "fiscalDateEnding": "2018-11-25", "updatedFromDate": "2023-05-17"}, {"date": "2019-02-25", "symbol": "0685.HK", "eps": 0.00189, "epsEstimated": null, "time": "bmo", "revenue": 72898000, "revenueEstimated": null, "fiscalDateEnding": "2018-11-25", "updatedFromDate": "2023-10-17"}, {"date": "2019-02-25", "symbol": "JYSKF", "eps": 5.56, "epsEstimated": 5.91, "time": "bmo", "revenue": null, "revenueEstimated": null, "fiscalDateEnding": "2018-12-31", "updatedFromDate": "2023-05-17"}, {"date": "2019-02-25", "symbol": "GHC", "eps": 14.18, "epsEstimated": 15.63, "time": "bmo", "revenue": 689087000, "revenueEstimated": 759550762.3413259, "fiscalDateEnding": "2018-12-30", "updatedFromDate": "2023-09-29"}, {"date": "2019-02-25", "symbol": "HT-PE", "eps": -0.09, "epsEstimated": -0.14, "time": "bmo", "revenue": 133736000, "revenueEstimated": null, "fiscalDateEnding": "2018-12-30", "updatedFromDate": "2023-05-17"}, {"date": "2019-02-25", "symbol": "KDH.BK", "eps": 0.788, "epsEstimated": null, "time": "bmo", "revenue": 206250449, "revenueEstimated": null, "fiscalDateEnding": "2018-12-31", "updatedFromDate": "2023-05-17"}, {"date": "2019-02-25", "symbol": "RLIA.MC", "eps": null, "epsEstimated": null, "time": "bmo", "revenue": null, "revenueEstimated": null, "fiscalDateEnding": "2018-12-31", "updatedFromDate": "2023-05-17"}, {"date": "2019-02-25", "symbol": "SKCZF", "eps": null, "epsEstimated": null, "time": "bmo", "revenue": null, "revenueEstimated": null, "fiscalDateEnding": "2018-12-31", "updatedFromDate": "2023-05-17"}, {"date": "2019-02-25", "symbol": "NSLYF", "eps": null, "epsEstimated": null, "time": "bmo", "revenue": null, "revenueEstimated": null, "fiscalDateEnding": "2018-12-31", "updatedFromDate": "2023-05-17"}, {"date": "2019-02-25", "symbol": "PTEEF", "eps": null, "epsEstimated": null, "time": "bmo", "revenue": null, "revenueEstimated": null, "fiscalDateEnding": "2019-06-30", "updatedFromDate": "2023-09-29"}, {"date": "2019-02-25", "symbol": "MEDP", "eps": 0.76, "epsEstimated": 0.67, "time": "amc", "revenue": 192115000, "revenueEstimated": 169364539.47368422, "fiscalDateEnding": "2018-12-30", "updatedFromDate": "2023-09-29"}, {"date": "2019-02-25", "symbol": "PR", "eps": 0.12, "epsEstimated": 0.16, "time": "amc", "revenue": 222504000, "revenueEstimated": 296672000, "fiscalDateEnding": "2018-12-31", "updatedFromDate": "2023-09-29"}, {"date": "2019-02-25", "symbol": "002463.SZ", "eps": 0.1017, "epsEstimated": null, "time": "bmo", "revenue": 1648019249, "revenueEstimated": null, "fiscalDateEnding": "2018-12-30", "updatedFromDate": "2023-08-16"}, {"date": "2019-02-25", "symbol": "ICHI.BK", "eps": 0.01, "epsEstimated": 0.02, "time": "bmo", "revenue": 1312289430, "revenueEstimated": null, "fiscalDateEnding": "2018-12-31", "updatedFromDate": "2023-08-17"}, {"date": "2019-02-25", "symbol": "CHDRAUIB.MX", "eps": 0.44, "epsEstimated": 0.59, "time": "bmo", "revenue": null, "revenueEstimated": null, "fiscalDateEnding": "2018-12-31", "updatedFromDate": "2023-08-16"}, {"date": "2019-02-25", "symbol": "0968.HK", "eps": 0.06034, "epsEstimated": null, "time": "bmo", "revenue": 1998518000, "revenueEstimated": null, "fiscalDateEnding": "2018-11-25", "updatedFromDate": "2023-08-16"}, {"date": "2019-02-25", "symbol": "AIXXF", "eps": 0.16, "epsEstimated": 0.12, "time": "bmo", "revenue": null, "revenueEstimated": null, "fiscalDateEnding": "2018-12-31", "updatedFromDate": "2023-08-16"}, {"date": "2019-02-25", "symbol": "RCII", "eps": 0.32, "epsEstimated": 0.2, "time": "amc", "revenue": 661750000, "revenueEstimated": 413593750, "fiscalDateEnding": "2018-12-30", "updatedFromDate": "2023-08-16"}, {"date": "2019-02-25", "symbol": "MOGU", "eps": -4.92, "epsEstimated": -0.78, "time": "bmo", "revenue": 367204000, "revenueEstimated": 485456135.59322035, "fiscalDateEnding": "2018-12-31", "updatedFromDate": "2023-09-29"}, {"date": "2019-02-25", "symbol": "GRPBF", "eps": 0.35, "epsEstimated": 0.24, "time": "bmo", "revenue": null, "revenueEstimated": 3421714.285714286, "fiscalDateEnding": "2018-12-31", "updatedFromDate": "2023-08-16"}, {"date": "2019-02-25", "symbol": "PNL.AS", "eps": 0.22, "epsEstimated": 0.16, "time": "bmo", "revenue": 794000000, "revenueEstimated": null, "fiscalDateEnding": "2018-12-30", "updatedFromDate": "2023-08-16"}, {"date": "2019-02-25", "symbol": "1COV.F", "eps": 0.41, "epsEstimated": 0.59, "time": "bmo", "revenue": 3272000000, "revenueEstimated": null, "fiscalDateEnding": "2018-12-30", "updatedFromDate": "2023-08-16"}, {"date": "2019-02-25", "symbol": "BPAC3.SA", "eps": 0.05102, "epsEstimated": null, "time": "bmo", "revenue": 1786903000, "revenueEstimated": null, "fiscalDateEnding": "2018-12-30", "updatedFromDate": "2023-08-16"}, {"date": "2019-02-25", "symbol": "002555.SZ", "eps": -0.1, "epsEstimated": 0.19, "time": "bmo", "revenue": 2097865252.78, "revenueEstimated": null, "fiscalDateEnding": "2018-12-30", "updatedFromDate": "2023-08-16"}, {"date": "2019-02-25", "symbol": "CRDA", "eps": null, "epsEstimated": null, "time": "bmo", "revenue": null, "revenueEstimated": null, "fiscalDateEnding": "2018-12-31", "updatedFromDate": "2023-08-16"}, {"date": "2019-02-25", "symbol": "CRD-A", "eps": 0.22, "epsEstimated": null, "time": "bmo", "revenue": 274520000, "revenueEstimated": null, "fiscalDateEnding": "2018-12-30", "updatedFromDate": "2023-08-16"}, {"date": "2019-02-25", "symbol": "300751.SZ", "eps": 0.4298, "epsEstimated": null, "time": "bmo", "revenue": 207405017.87, "revenueEstimated": null, "fiscalDateEnding": "2018-12-30", "updatedFromDate": "2023-08-16"}, {"date": "2019-02-25", "symbol": "SAHOL.IS", "eps": 0.21, "epsEstimated": 0.43, "time": "bmo", "revenue": 4817064000, "revenueEstimated": null, "fiscalDateEnding": "2018-12-31", "updatedFromDate": "2023-08-16"}, {"date": "2019-02-25", "symbol": "300595.SZ", "eps": 0.08, "epsEstimated": 0.06, "time": "bmo", "revenue": 128261542.95, "revenueEstimated": null, "fiscalDateEnding": "2018-12-30", "updatedFromDate": "2023-08-16"}, {"date": "2019-02-25", "symbol": "PIA.MI", "eps": -0.00077, "epsEstimated": null, "time": "bmo", "revenue": 295806000, "revenueEstimated": null, "fiscalDateEnding": "2018-12-31", "updatedFromDate": "2023-08-16"}, {"date": "2019-02-25", "symbol": "SDRL", "eps": 1.89, "epsEstimated": 1.93, "time": "bmo", "revenue": 292000000, "revenueEstimated": null, "fiscalDateEnding": "2018-12-30", "updatedFromDate": "2023-09-29"}, {"date": "2019-02-25", "symbol": "USYNF", "eps": null, "epsEstimated": null, "time": "bmo", "revenue": null, "revenueEstimated": null, "fiscalDateEnding": "2019-03-31", "updatedFromDate": "2023-08-16"}, {"date": "2019-02-25", "symbol": "XINXF", "eps": 1.15, "epsEstimated": 0.97, "time": "bmo", "revenue": null, "revenueEstimated": null, "fiscalDateEnding": "2018-12-31", "updatedFromDate": "2023-08-16"}, {"date": "2019-02-25", "symbol": "DDD.BK", "eps": 0.02218, "epsEstimated": null, "time": "bmo", "revenue": 266273784, "revenueEstimated": null, "fiscalDateEnding": "2018-12-30", "updatedFromDate": "2023-08-16"}, {"date": "2019-02-25", "symbol": "PESAF", "eps": -0.03, "epsEstimated": 1.29, "time": "bmo", "revenue": null, "revenueEstimated": null, "fiscalDateEnding": "2018-12-31", "updatedFromDate": "2023-08-16"}, {"date": "2019-02-25", "symbol": "002508.SZ", "eps": 0.48, "epsEstimated": 0.55, "time": "bmo", "revenue": 2030996006.28, "revenueEstimated": null, "fiscalDateEnding": "2018-12-30", "updatedFromDate": "2023-08-16"}, {"date": "2019-02-25", "symbol": "BSL.SI", "eps": 0.01, "epsEstimated": 0.00769, "time": "bmo", "revenue": null, "revenueEstimated": null, "fiscalDateEnding": "2018-12-31", "updatedFromDate": "2023-08-16"}, {"date": "2019-02-25", "symbol": "3030.SR", "eps": 0.82, "epsEstimated": 0.59, "time": "bmo", "revenue": 303802000, "revenueEstimated": null, "fiscalDateEnding": "2018-12-30", "updatedFromDate": "2023-08-16"}, {"date": "2019-02-25", "symbol": "002242.SZ", "eps": 0.2416, "epsEstimated": null, "time": "bmo", "revenue": 2730575940.91, "revenueEstimated": null, "fiscalDateEnding": "2018-12-30", "updatedFromDate": "2023-08-16"}, {"date": "2019-02-25", "symbol": "002271.SZ", "eps": 0.18, "epsEstimated": null, "time": "bmo", "revenue": 4745100274.31, "revenueEstimated": null, "fiscalDateEnding": "2018-12-30", "updatedFromDate": "2023-08-16"}, {"date": "2019-02-25", "symbol": "ORI.BK", "eps": 0.38, "epsEstimated": 0.42, "time": "bmo", "revenue": 5874461127, "revenueEstimated": null, "fiscalDateEnding": "2018-12-30", "updatedFromDate": "2023-08-16"}, {"date": "2019-02-25", "symbol": "NTG.CO", "eps": -6.20196, "epsEstimated": null, "time": "bmo", "revenue": -3273139000, "revenueEstimated": null, "fiscalDateEnding": "2018-12-31", "updatedFromDate": "2023-08-16"}, {"date": "2019-02-25", "symbol": "300702.SZ", "eps": 0.0316, "epsEstimated": null, "time": "bmo", "revenue": 1466956381.9, "revenueEstimated": null, "fiscalDateEnding": "2018-12-31", "updatedFromDate": "2023-08-25"}, {"date": "2019-02-25", "symbol": "CEY.L", "eps": -0.04, "epsEstimated": -0.012, "time": "bmo", "revenue": null, "revenueEstimated": null, "fiscalDateEnding": "2018-11-25", "updatedFromDate": "2023-10-16"}, {"date": "2019-02-25", "symbol": "GULF.BK", "eps": 0.05, "epsEstimated": 0.06, "time": "bmo", "revenue": 5267713862, "revenueEstimated": null, "fiscalDateEnding": "2018-12-31", "updatedFromDate": "2023-08-16"}, {"date": "2019-02-25", "symbol": "FRAGUAB.MX", "eps": null, "epsEstimated": null, "time": "bmo", "revenue": null, "revenueEstimated": null, "fiscalDateEnding": "2018-12-31", "updatedFromDate": "2023-08-16"}, {"date": "2019-02-25", "symbol": "OCI.AS", "eps": -0.08, "epsEstimated": 0.24, "time": "bmo", "revenue": 941500000, "revenueEstimated": null, "fiscalDateEnding": "2018-12-30", "updatedFromDate": "2023-08-16"}, {"date": "2019-02-25", "symbol": "DANHOS13.MX", "eps": 0.61, "epsEstimated": 0.63, "time": "bmo", "revenue": null, "revenueEstimated": null, "fiscalDateEnding": "2018-12-31", "updatedFromDate": "2023-08-16"}, {"date": "2019-02-25", "symbol": "ATH", "eps": 1.23, "epsEstimated": 1.2, "time": "amc", "revenue": 1147000000, "revenueEstimated": 2008780487.804878, "fiscalDateEnding": "2018-12-30", "updatedFromDate": "2023-08-16"}, {"date": "2019-02-25", "symbol": "002035.SZ", "eps": 0.29, "epsEstimated": null, "time": "bmo", "revenue": 1449136389.07, "revenueEstimated": null, "fiscalDateEnding": "2018-12-30", "updatedFromDate": "2023-08-16"}, {"date": "2019-02-25", "symbol": "CHAYO.BK", "eps": 0.02184, "epsEstimated": null, "time": "bmo", "revenue": 71010268, "revenueEstimated": null, "fiscalDateEnding": "2018-12-30", "updatedFromDate": "2023-08-16"}, {"date": "2019-02-25", "symbol": "OV8.SI", "eps": null, "epsEstimated": null, "time": "bmo", "revenue": null, "revenueEstimated": null, "fiscalDateEnding": "2018-12-31", "updatedFromDate": "2023-08-16"}, {"date": "2019-02-25", "symbol": "FNLIF", "eps": 0.67, "epsEstimated": 0.66, "time": "bmo", "revenue": null, "revenueEstimated": 14185074.626865672, "fiscalDateEnding": "2018-12-30", "updatedFromDate": "2023-08-16"}, {"date": "2019-02-25", "symbol": "CIE.MC", "eps": -0.02791, "epsEstimated": null, "time": "bmo", "revenue": 757373750, "revenueEstimated": null, "fiscalDateEnding": "2018-12-30", "updatedFromDate": "2023-08-16"}, {"date": "2019-02-25", "symbol": "PRM.BK", "eps": 0.06147, "epsEstimated": null, "time": "bmo", "revenue": 1159233000, "revenueEstimated": null, "fiscalDateEnding": "2018-12-30", "updatedFromDate": "2023-08-16"}, {"date": "2019-02-25", "symbol": "PIAGF", "eps": null, "epsEstimated": null, "time": "bmo", "revenue": null, "revenueEstimated": null, "fiscalDateEnding": "2018-12-31", "updatedFromDate": "2023-08-16"}, {"date": "2019-02-25", "symbol": "RJH.BK", "eps": 0.2337, "epsEstimated": null, "time": "bmo", "revenue": 393994313.18, "revenueEstimated": null, "fiscalDateEnding": "2018-12-31", "updatedFromDate": "2023-08-16"}, {"date": "2019-02-25", "symbol": "002216.SZ", "eps": 0.0154, "epsEstimated": null, "time": "bmo", "revenue": 1347216800.64, "revenueEstimated": null, "fiscalDateEnding": "2018-12-30", "updatedFromDate": "2023-08-16"}, {"date": "2019-02-25", "symbol": "XENT", "eps": -0.16, "epsEstimated": -0.16, "time": "amc", "revenue": 32783000, "revenueEstimated": 32783000, "fiscalDateEnding": "2018-12-30", "updatedFromDate": "2023-08-16"}, {"date": "2019-02-25", "symbol": "AESANDES.SN", "eps": 0.00097, "epsEstimated": 0.02431, "time": "bmo", "revenue": 660219000, "revenueEstimated": null, "fiscalDateEnding": "2018-12-30", "updatedFromDate": "2023-08-16"}, {"date": "2019-02-25", "symbol": "TQM.BK", "eps": 0.54, "epsEstimated": 0.41, "time": "bmo", "revenue": 698746669, "revenueEstimated": null, "fiscalDateEnding": "2018-12-30", "updatedFromDate": "2023-08-16"}, {"date": "2019-02-25", "symbol": "002475.SZ", "eps": 0.15, "epsEstimated": 0.14, "time": "bmo", "revenue": 13718743775, "revenueEstimated": null, "fiscalDateEnding": "2018-12-30", "updatedFromDate": "2023-08-16"}, {"date": "2019-02-25", "symbol": "300316.SZ", "eps": 0.1, "epsEstimated": 0.2, "time": "bmo", "revenue": 646065124.79, "revenueEstimated": null, "fiscalDateEnding": "2018-12-30", "updatedFromDate": "2023-08-16"}, {"date": "2019-02-26", "symbol": "MCOT.BK", "eps": 0.0144, "epsEstimated": null, "time": "bmo", "revenue": 685860177, "revenueEstimated": null, "fiscalDateEnding": "2018-12-31", "updatedFromDate": "2023-05-17"}, {"date": "2019-02-26", "symbol": "JMT.BK", "eps": 0.14, "epsEstimated": 0.16, "time": "bmo", "revenue": 537226418, "revenueEstimated": null, "fiscalDateEnding": "2018-12-31", "updatedFromDate": "2023-08-16"}, {"date": "2019-02-26", "symbol": "CELC", "eps": -0.15, "epsEstimated": -0.2, "time": "amc", "revenue": null, "revenueEstimated": null, "fiscalDateEnding": "2018-12-30", "updatedFromDate": "2023-09-29"}, {"date": "2019-02-26", "symbol": "AUCT.BK", "eps": 0.08592, "epsEstimated": null, "time": "bmo", "revenue": 203449151, "revenueEstimated": null, "fiscalDateEnding": "2018-12-31", "updatedFromDate": "2023-05-17"}, {"date": "2019-02-26", "symbol": "WPK.TO", "eps": 0.41, "epsEstimated": 0.45, "time": "bmo", "revenue": 222138000, "revenueEstimated": null, "fiscalDateEnding": "2018-12-30", "updatedFromDate": "2023-05-17"}, {"date": "2019-02-26", "symbol": "002081.SZ", "eps": 0.2, "epsEstimated": 0.27, "time": "bmo", "revenue": 6549381198.2, "revenueEstimated": null, "fiscalDateEnding": "2018-12-30", "updatedFromDate": "2023-08-16"}, {"date": "2019-02-26", "symbol": "ENC.MC", "eps": 0.15, "epsEstimated": null, "time": "bmo", "revenue": null, "revenueEstimated": null, "fiscalDateEnding": "2018-12-31", "updatedFromDate": "2023-08-16"}, {"date": "2019-02-26", "symbol": "002468.SZ", "eps": 0.2892, "epsEstimated": null, "time": "bmo", "revenue": 5909680540.81, "revenueEstimated": null, "fiscalDateEnding": "2018-12-30", "updatedFromDate": "2023-08-16"}, {"date": "2019-02-26", "symbol": "JYSK.CO", "eps": 5.56, "epsEstimated": 5.91, "time": "bmo", "revenue": 2010000000, "revenueEstimated": null, "fiscalDateEnding": "2018-12-30", "updatedFromDate": "2023-07-24"}, {"date": "2019-02-26", "symbol": "ECAOF", "eps": null, "epsEstimated": null, "time": "bmo", "revenue": null, "revenueEstimated": null, "fiscalDateEnding": "2019-06-30", "updatedFromDate": "2023-05-17"}, {"date": "2019-02-26", "symbol": "PSI.TO", "eps": 0.24, "epsEstimated": 0.22, "time": "bmo", "revenue": 81965000, "revenueEstimated": null, "fiscalDateEnding": "2018-12-30", "updatedFromDate": "2023-05-17"}, {"date": "2019-02-26", "symbol": "BMO", "eps": 1.76, "epsEstimated": 1.69, "time": "bmo", "revenue": 6488000000, "revenueEstimated": 6195747747, "fiscalDateEnding": "2019-01-31", "updatedFromDate": "2023-09-29"}, {"date": "2019-02-26", "symbol": "BWEN", "eps": -0.41, "epsEstimated": -0.27, "time": "bmo", "revenue": 27187000, "revenueEstimated": 34203000, "fiscalDateEnding": "2018-12-30", "updatedFromDate": "2023-09-29"}, {"date": "2019-02-26", "symbol": "UMSBF", "eps": null, "epsEstimated": null, "time": "bmo", "revenue": null, "revenueEstimated": null, "fiscalDateEnding": "2018-12-31", "updatedFromDate": "2023-05-17"}, {"date": "2019-02-26", "symbol": "SE", "eps": -0.94, "epsEstimated": -0.85, "time": "amc", "revenue": 283224000, "revenueEstimated": 202728757.89473686, "fiscalDateEnding": "2018-12-31", "updatedFromDate": "2023-09-29"}, {"date": "2019-02-26", "symbol": "PTABF", "eps": null, "epsEstimated": null, "time": "bmo", "revenue": null, "revenueEstimated": null, "fiscalDateEnding": "2018-12-31", "updatedFromDate": "2023-05-17"}, {"date": "2019-02-26", "symbol": "IDKFF", "eps": null, "epsEstimated": null, "time": "amc", "revenue": null, "revenueEstimated": null, "fiscalDateEnding": "2019-03-31", "updatedFromDate": "2023-05-17"}, {"date": "2019-02-26", "symbol": "SIMINN.IC", "eps": null, "epsEstimated": null, "time": "bmo", "revenue": null, "revenueEstimated": null, "fiscalDateEnding": "2018-12-31", "updatedFromDate": "2023-08-14"}, {"date": "2019-02-26", "symbol": "SKEL.IC", "eps": null, "epsEstimated": null, "time": "bmo", "revenue": null, "revenueEstimated": null, "fiscalDateEnding": "2018-12-31", "updatedFromDate": "2023-08-14"}, {"date": "2019-02-26", "symbol": "TRC.BK", "eps": -0.28094, "epsEstimated": null, "time": "bmo", "revenue": 672401811, "revenueEstimated": null, "fiscalDateEnding": "2018-12-30", "updatedFromDate": "2023-05-17"}, {"date": "2019-02-26", "symbol": "INN-PE", "eps": 0.03, "epsEstimated": 0.01, "time": "bmo", "revenue": 132509000, "revenueEstimated": null, "fiscalDateEnding": "2018-12-30", "updatedFromDate": "2023-05-17"}, {"date": "2019-02-26", "symbol": "RNDB", "eps": -0.29, "epsEstimated": -0.07, "time": "bmo", "revenue": 7459000, "revenueEstimated": 2343793.1034482764, "fiscalDateEnding": "2018-12-30", "updatedFromDate": "2023-05-17"}, {"date": "2019-02-26", "symbol": "WLL", "eps": -3.75, "epsEstimated": 39.4, "time": "bmo", "revenue": 473233000, "revenueEstimated": 4972101386.666666, "fiscalDateEnding": "2018-12-30", "updatedFromDate": "2023-05-17"}, {"date": "2019-02-26", "symbol": "O10.SI", "eps": null, "epsEstimated": null, "time": "bmo", "revenue": null, "revenueEstimated": null, "fiscalDateEnding": "2018-12-31", "updatedFromDate": "2023-05-17"}, {"date": "2019-02-26", "symbol": "002920.SZ", "eps": 0.1368, "epsEstimated": null, "time": "bmo", "revenue": 1347380568.37, "revenueEstimated": null, "fiscalDateEnding": "2018-12-31", "updatedFromDate": "2023-08-25"}, {"date": "2019-02-26", "symbol": "BRIN-B.ST", "eps": 0.21, "epsEstimated": 0.32, "time": "bmo", "revenue": 66000000, "revenueEstimated": null, "fiscalDateEnding": "2018-11-26", "updatedFromDate": "2023-05-17"}, {"date": "2019-02-26", "symbol": "192400.KS", "eps": 86.6, "epsEstimated": null, "time": "bmo", "revenue": 137151552000, "revenueEstimated": null, "fiscalDateEnding": "2018-11-26", "updatedFromDate": "2023-05-17"}, {"date": "2019-02-26", "symbol": "SPZRF", "eps": null, "epsEstimated": null, "time": "bmo", "revenue": null, "revenueEstimated": null, "fiscalDateEnding": "2018-12-31", "updatedFromDate": "2023-05-17"}, {"date": "2019-02-26", "symbol": "002597.SZ", "eps": 0.32, "epsEstimated": 0.72, "time": "bmo", "revenue": 787949196.73, "revenueEstimated": null, "fiscalDateEnding": "2018-12-30", "updatedFromDate": "2023-05-17"}, {"date": "2019-02-26", "symbol": "U14.SI", "eps": 0.11, "epsEstimated": 0.15, "time": "bmo", "revenue": 741214000, "revenueEstimated": null, "fiscalDateEnding": "2018-11-26", "updatedFromDate": "2023-08-16"}, {"date": "2019-02-26", "symbol": "SGR-UN.TO", "eps": -0.26681, "epsEstimated": null, "time": "bmo", "revenue": 36301000, "revenueEstimated": null, "fiscalDateEnding": "2018-12-30", "updatedFromDate": "2023-05-17"}, {"date": "2019-02-26", "symbol": "ZYXI", "eps": 0.07, "epsEstimated": 0.07, "time": "bmo", "revenue": 9337000, "revenueEstimated": 8169875.000000001, "fiscalDateEnding": "2018-12-30", "updatedFromDate": "2023-09-29"}, {"date": "2019-02-26", "symbol": "CGBD", "eps": 0.47, "epsEstimated": 0.4, "time": "amc", "revenue": 1001000, "revenueEstimated": 49122361.702127665, "fiscalDateEnding": "2018-12-30", "updatedFromDate": "2023-09-29"}, {"date": "2019-02-26", "symbol": "EDRVF", "eps": 0.23, "epsEstimated": 0.1, "time": "bmo", "revenue": null, "revenueEstimated": null, "fiscalDateEnding": "2018-12-31", "updatedFromDate": "2023-05-17"}, {"date": "2019-02-26", "symbol": "ADYYF", "eps": null, "epsEstimated": 1.39, "time": "bmo", "revenue": null, "revenueEstimated": null, "fiscalDateEnding": "2018-12-31", "updatedFromDate": "2023-05-17"}, {"date": "2019-02-26", "symbol": "RHBAF", "eps": null, "epsEstimated": null, "time": "bmo", "revenue": null, "revenueEstimated": null, "fiscalDateEnding": "2018-12-31", "updatedFromDate": "2023-05-17"}, {"date": "2019-02-26", "symbol": "002430.SZ", "eps": 0.21, "epsEstimated": null, "time": "bmo", "revenue": 1933493016.5, "revenueEstimated": null, "fiscalDateEnding": "2018-12-30", "updatedFromDate": "2023-05-17"}, {"date": "2019-02-26", "symbol": "002368.SZ", "eps": 0.4274, "epsEstimated": null, "time": "bmo", "revenue": 2132100279.81, "revenueEstimated": null, "fiscalDateEnding": "2018-12-30", "updatedFromDate": "2023-05-17"}, {"date": "2019-02-26", "symbol": "036710.KQ", "eps": null, "epsEstimated": null, "time": "bmo", "revenue": null, "revenueEstimated": null, "fiscalDateEnding": "2018-12-31", "updatedFromDate": "2023-05-17"}, {"date": "2019-02-26", "symbol": "GTY", "eps": 0.32, "epsEstimated": 0.33, "time": "amc", "revenue": 35054000, "revenueEstimated": 36149437.5, "fiscalDateEnding": "2018-12-30", "updatedFromDate": "2023-09-29"}, {"date": "2019-02-26", "symbol": "GEOVF", "eps": null, "epsEstimated": null, "time": "bmo", "revenue": null, "revenueEstimated": null, "fiscalDateEnding": "2018-12-31", "updatedFromDate": "2023-08-16"}, {"date": "2019-02-26", "symbol": "RVNC", "eps": -1.12, "epsEstimated": -0.94, "time": "amc", "revenue": 487000, "revenueEstimated": 408732.1428571428, "fiscalDateEnding": "2018-12-30", "updatedFromDate": "2023-09-29"}, {"date": "2019-02-26", "symbol": "PEN.OL", "eps": 0.03, "epsEstimated": 1.29, "time": "bmo", "revenue": 5700000, "revenueEstimated": null, "fiscalDateEnding": "2018-12-31", "updatedFromDate": "2023-08-25"}, {"date": "2019-02-26", "symbol": "002875.SZ", "eps": 0.1515, "epsEstimated": null, "time": "bmo", "revenue": 417104598.76, "revenueEstimated": null, "fiscalDateEnding": "2018-12-30", "updatedFromDate": "2023-05-17"}, {"date": "2019-02-26", "symbol": "EC", "eps": 0.4, "epsEstimated": 0.44, "time": "bmo", "revenue": 18314000000000, "revenueEstimated": 40189599.99999999, "fiscalDateEnding": "2018-12-31", "updatedFromDate": "2023-09-29"}, {"date": "2019-02-26", "symbol": "ORA", "eps": 0.42, "epsEstimated": 0.57, "time": "amc", "revenue": 190465000, "revenueEstimated": 258488214.2857143, "fiscalDateEnding": "2018-12-30", "updatedFromDate": "2023-09-29"}, {"date": "2019-02-26", "symbol": "OPGN", "eps": -188, "epsEstimated": -168, "time": "amc", "revenue": 758959, "revenueEstimated": 613627.2340425531, "fiscalDateEnding": "2018-12-30", "updatedFromDate": "2023-09-29"}, {"date": "2019-02-26", "symbol": "002614.SZ", "eps": 0.27, "epsEstimated": null, "time": "bmo", "revenue": 1668728641.43, "revenueEstimated": null, "fiscalDateEnding": "2018-12-30", "updatedFromDate": "2023-05-17"}, {"date": "2019-02-26", "symbol": "DVAX", "eps": -0.64, "epsEstimated": -0.6, "time": "amc", "revenue": 5318000, "revenueEstimated": 5068718.75, "fiscalDateEnding": "2018-12-30", "updatedFromDate": "2023-09-29"}, {"date": "2019-02-26", "symbol": "AP.BK", "eps": 0.3, "epsEstimated": 0.3, "time": "bmo", "revenue": 8650814946, "revenueEstimated": null, "fiscalDateEnding": "2018-12-30", "updatedFromDate": "2023-08-16"}, {"date": "2019-02-26", "symbol": "CHO.BK", "eps": -0.03151, "epsEstimated": null, "time": "bmo", "revenue": 304200588, "revenueEstimated": null, "fiscalDateEnding": "2018-12-30", "updatedFromDate": "2023-05-17"}, {"date": "2019-02-26", "symbol": "002025.SZ", "eps": 0.22, "epsEstimated": null, "time": "bmo", "revenue": 873090348.49, "revenueEstimated": null, "fiscalDateEnding": "2018-12-30", "updatedFromDate": "2023-05-17"}, {"date": "2019-02-26", "symbol": "SLCFF", "eps": null, "epsEstimated": null, "time": "bmo", "revenue": null, "revenueEstimated": null, "fiscalDateEnding": "2018-12-31", "updatedFromDate": "2023-05-17"}, {"date": "2019-02-26", "symbol": "TIBN.SW", "eps": 0.998, "epsEstimated": null, "time": "bmo", "revenue": 18436250, "revenueEstimated": null, "fiscalDateEnding": "2018-11-26", "updatedFromDate": "2023-05-17"}, {"date": "2019-02-26", "symbol": "ISOFOL.ST", "eps": -0.65, "epsEstimated": -0.87, "time": "bmo", "revenue": null, "revenueEstimated": null, "fiscalDateEnding": "2018-12-30", "updatedFromDate": "2023-05-17"}, {"date": "2019-02-26", "symbol": "SJM", "eps": 2.26, "epsEstimated": 2.03, "time": "bmo", "revenue": 2011900000, "revenueEstimated": 1789344690.2654867, "fiscalDateEnding": "2019-01-30", "updatedFromDate": "2023-09-29"}, {"date": "2019-02-26", "symbol": "VDRFF", "eps": null, "epsEstimated": null, "time": "bmo", "revenue": null, "revenueEstimated": null, "fiscalDateEnding": "2018-12-31", "updatedFromDate": "2023-08-25"}, {"date": "2019-02-26", "symbol": "CDXS", "eps": 0.03, "epsEstimated": 0.01759, "time": "amc", "revenue": 16068000, "revenueEstimated": 48203999.99999999, "fiscalDateEnding": "2018-12-30", "updatedFromDate": "2023-09-29"}, {"date": "2019-02-26", "symbol": "VBBR3.SA", "eps": 1.38, "epsEstimated": 0.44, "time": "bmo", "revenue": 25219000000, "revenueEstimated": null, "fiscalDateEnding": "2018-12-31", "updatedFromDate": "2023-05-17"}, {"date": "2019-02-26", "symbol": "PRFT", "eps": 0.47, "epsEstimated": 0.4, "time": "bmo", "revenue": 131702000, "revenueEstimated": 112087659.5744681, "fiscalDateEnding": "2018-12-30", "updatedFromDate": "2023-09-29"}, {"date": "2019-02-26", "symbol": "RRRDF", "eps": null, "epsEstimated": null, "time": "bmo", "revenue": null, "revenueEstimated": null, "fiscalDateEnding": "2019-03-31", "updatedFromDate": "2023-05-17"}, {"date": "2019-02-26", "symbol": "RHP", "eps": 3.09, "epsEstimated": 1.64, "time": "bmo", "revenue": 360565000, "revenueEstimated": 338712575.75757575, "fiscalDateEnding": "2018-12-30", "updatedFromDate": "2023-09-29"}, {"date": "2019-02-26", "symbol": "JBGS", "eps": -0.01, "epsEstimated": 0.42, "time": "amc", "revenue": 163255000, "revenueEstimated": null, "fiscalDateEnding": "2018-12-30", "updatedFromDate": "2023-09-29"}, {"date": "2019-02-26", "symbol": "BLA.BK", "eps": 0.58, "epsEstimated": 0.58, "time": "bmo", "revenue": 11232360000, "revenueEstimated": null, "fiscalDateEnding": "2018-12-31", "updatedFromDate": "2023-05-17"}, {"date": "2019-02-26", "symbol": "300623.SZ", "eps": null, "epsEstimated": null, "time": "bmo", "revenue": null, "revenueEstimated": null, "fiscalDateEnding": "2018-12-31", "updatedFromDate": "2023-05-17"}, {"date": "2019-02-26", "symbol": "CW", "eps": 1.9, "epsEstimated": 1.75, "time": "amc", "revenue": 648622000, "revenueEstimated": 597415000, "fiscalDateEnding": "2018-12-30", "updatedFromDate": "2023-09-29"}, {"date": "2019-02-26", "symbol": "TMX", "eps": 0.19, "epsEstimated": 0.21, "time": "bmo", "revenue": -522000000, "revenueEstimated": -571714285, "fiscalDateEnding": "2018-12-30", "updatedFromDate": "2023-05-17"}, {"date": "2019-02-26", "symbol": "ASG.AX", "eps": -0.12742, "epsEstimated": null, "time": "bmo", "revenue": 424371500, "revenueEstimated": null, "fiscalDateEnding": "2018-11-26", "updatedFromDate": "2023-10-17"}, {"date": "2019-02-26", "symbol": "WORK.BK", "eps": -0.17, "epsEstimated": -0.1, "time": "bmo", "revenue": 860813480, "revenueEstimated": null, "fiscalDateEnding": "2018-12-30", "updatedFromDate": "2023-05-17"}, {"date": "2019-02-26", "symbol": "002573.SZ", "eps": 0.03, "epsEstimated": null, "time": "bmo", "revenue": 821294079.38, "revenueEstimated": null, "fiscalDateEnding": "2018-12-30", "updatedFromDate": "2023-05-17"}, {"date": "2019-02-26", "symbol": "300168.SZ", "eps": 0.0157, "epsEstimated": null, "time": "bmo", "revenue": 380394842.03, "revenueEstimated": null, "fiscalDateEnding": "2018-11-26", "updatedFromDate": "2023-05-17"}, {"date": "2019-02-26", "symbol": "002016.SZ", "eps": 0.28, "epsEstimated": null, "time": "bmo", "revenue": 942058385.91, "revenueEstimated": null, "fiscalDateEnding": "2018-12-30", "updatedFromDate": "2023-05-17"}, {"date": "2019-02-26", "symbol": "FPRX", "eps": -1.12, "epsEstimated": -1.32, "time": "amc", "revenue": 4031000, "revenueEstimated": 4750821.428571429, "fiscalDateEnding": "2018-12-30", "updatedFromDate": "2023-05-17"}, {"date": "2019-02-26", "symbol": "ENPH", "eps": 0.04, "epsEstimated": 0.06, "time": "amc", "revenue": 92289000, "revenueEstimated": 138433500, "fiscalDateEnding": "2018-12-30", "updatedFromDate": "2023-09-29"}, {"date": "2019-02-26", "symbol": "EVGDF", "eps": -0.16419, "epsEstimated": null, "time": "bmo", "revenue": 5792000, "revenueEstimated": null, "fiscalDateEnding": "2018-12-31", "updatedFromDate": "2023-08-25"}, {"date": "2019-02-26", "symbol": "PNADF", "eps": null, "epsEstimated": null, "time": "bmo", "revenue": null, "revenueEstimated": null, "fiscalDateEnding": "2018-12-31", "updatedFromDate": "2023-05-17"}, {"date": "2019-02-26", "symbol": "023410.KQ", "eps": -454, "epsEstimated": null, "time": "bmo", "revenue": null, "revenueEstimated": null, "fiscalDateEnding": "2018-12-31", "updatedFromDate": "2023-05-17"}, {"date": "2019-02-26", "symbol": "002212.SZ", "eps": 0.3089, "epsEstimated": null, "time": "bmo", "revenue": 2018384271.09, "revenueEstimated": null, "fiscalDateEnding": "2018-12-30", "updatedFromDate": "2023-05-17"}, {"date": "2019-02-26", "symbol": "002599.SZ", "eps": 0.09, "epsEstimated": 0.11, "time": "bmo", "revenue": 476603543.81, "revenueEstimated": null, "fiscalDateEnding": "2018-12-30", "updatedFromDate": "2023-05-17"}, {"date": "2019-02-26", "symbol": "002237.SZ", "eps": 0.1196, "epsEstimated": null, "time": "bmo", "revenue": 6287880787.72, "revenueEstimated": null, "fiscalDateEnding": "2018-12-30", "updatedFromDate": "2023-05-17"}, {"date": "2019-02-26", "symbol": "LCHTF", "eps": 0.53, "epsEstimated": null, "time": "bmo", "revenue": 32319189, "revenueEstimated": null, "fiscalDateEnding": "2018-11-26", "updatedFromDate": "2023-10-17"}, {"date": "2019-02-26", "symbol": "002531.SZ", "eps": 0.06, "epsEstimated": 0.1, "time": "bmo", "revenue": 1315740783.94, "revenueEstimated": null, "fiscalDateEnding": "2018-12-30", "updatedFromDate": "2023-08-16"}, {"date": "2019-02-26", "symbol": "QNNS.QA", "eps": 0.1, "epsEstimated": 0.09, "time": "bmo", "revenue": null, "revenueEstimated": null, "fiscalDateEnding": "2018-12-31", "updatedFromDate": "2023-08-16"}, {"date": "2019-02-26", "symbol": "JAZZ", "eps": 3.64, "epsEstimated": 2.98, "time": "amc", "revenue": 476457000, "revenueEstimated": 395302236.26373625, "fiscalDateEnding": "2018-12-30", "updatedFromDate": "2023-09-29"}, {"date": "2019-02-26", "symbol": "002527.SZ", "eps": -0.5, "epsEstimated": -0.03049, "time": "bmo", "revenue": 787696578.73, "revenueEstimated": null, "fiscalDateEnding": "2018-12-30", "updatedFromDate": "2023-08-16"}, {"date": "2019-02-26", "symbol": "AXGN", "eps": -0.09, "epsEstimated": -0.05, "time": "amc", "revenue": 23433000, "revenueEstimated": 17398631.25, "fiscalDateEnding": "2018-12-30", "updatedFromDate": "2023-09-29"}, {"date": "2019-02-26", "symbol": "ANAN.BK", "eps": 0.18, "epsEstimated": 0.28, "time": "bmo", "revenue": 2448517831, "revenueEstimated": null, "fiscalDateEnding": "2018-12-30", "updatedFromDate": "2023-08-16"}, {"date": "2019-02-26", "symbol": "CLVSQ", "eps": -1.88, "epsEstimated": -1.72, "time": "bmo", "revenue": null, "revenueEstimated": null, "fiscalDateEnding": "2018-12-31", "updatedFromDate": "2023-08-16"}, {"date": "2019-02-26", "symbol": "HD", "eps": 2.25, "epsEstimated": 2.16, "time": "bmo", "revenue": 26491000000, "revenueEstimated": 25431360000.000004, "fiscalDateEnding": "2019-02-02", "updatedFromDate": "2023-11-16"}, {"date": "2019-02-26", "symbol": "002027.SZ", "eps": 0.07, "epsEstimated": 0.08, "time": "bmo", "revenue": 3674693412.39, "revenueEstimated": null, "fiscalDateEnding": "2018-12-30", "updatedFromDate": "2023-08-16"}, {"date": "2019-02-26", "symbol": "CRFB3.SA", "eps": 0.32, "epsEstimated": 0.31, "time": "bmo", "revenue": 15178000000, "revenueEstimated": null, "fiscalDateEnding": "2018-12-30", "updatedFromDate": "2023-05-17"}, {"date": "2019-02-26", "symbol": "IMMQF", "eps": -0.05, "epsEstimated": null, "time": "bmo", "revenue": null, "revenueEstimated": null, "fiscalDateEnding": "2018-12-31", "updatedFromDate": "2023-05-17"}, {"date": "2019-02-26", "symbol": "VOT.WA", "eps": 0.3493, "epsEstimated": null, "time": "bmo", "revenue": 31073000, "revenueEstimated": null, "fiscalDateEnding": "2018-11-26", "updatedFromDate": "2023-05-17"}, {"date": "2019-02-26", "symbol": "RDHL", "eps": -13.6, "epsEstimated": -15.6, "time": "bmo", "revenue": 1359000, "revenueEstimated": 1645105, "fiscalDateEnding": "2018-12-31", "updatedFromDate": "2023-09-29"}, {"date": "2019-02-26", "symbol": "002009.SZ", "eps": 0.00366, "epsEstimated": null, "time": "bmo", "revenue": 995267860.89, "revenueEstimated": null, "fiscalDateEnding": "2018-12-30", "updatedFromDate": "2023-05-17"}, {"date": "2019-02-26", "symbol": "3035.TW", "eps": 0.31, "epsEstimated": 0.35, "time": "bmo", "revenue": 1351696000, "revenueEstimated": null, "fiscalDateEnding": "2018-12-30", "updatedFromDate": "2023-05-17"}, {"date": "2019-02-26", "symbol": "IMMP", "eps": -0.11729, "epsEstimated": null, "time": "bmo", "revenue": 139782, "revenueEstimated": null, "fiscalDateEnding": "2018-12-29", "updatedFromDate": "2023-08-16"}, {"date": "2019-02-26", "symbol": "002230.SZ", "eps": 0.16, "epsEstimated": 0.09, "time": "bmo", "revenue": 2633889875.96, "revenueEstimated": null, "fiscalDateEnding": "2018-12-30", "updatedFromDate": "2023-08-16"}, {"date": "2019-02-26", "symbol": "AKCA", "eps": -0.79, "epsEstimated": -0.73, "time": "amc", "revenue": 10197000, "revenueEstimated": 9422544.303797469, "fiscalDateEnding": "2018-12-30", "updatedFromDate": "2023-05-17"}, {"date": "2019-02-26", "symbol": "IMQCF", "eps": 0.07, "epsEstimated": 0.07, "time": "bmo", "revenue": null, "revenueEstimated": null, "fiscalDateEnding": "2018-12-31", "updatedFromDate": "2023-05-17"}, {"date": "2019-02-26", "symbol": "LAREF", "eps": null, "epsEstimated": null, "time": "bmo", "revenue": null, "revenueEstimated": null, "fiscalDateEnding": "2018-12-31", "updatedFromDate": "2023-05-17"}, {"date": "2019-02-26", "symbol": "ARC", "eps": 0.03, "epsEstimated": null, "time": "amc", "revenue": 98413000, "revenueEstimated": null, "fiscalDateEnding": "2018-12-30", "updatedFromDate": "2023-09-29"}, {"date": "2019-02-26", "symbol": "LQDA", "eps": -0.62, "epsEstimated": -0.69, "time": "bmo", "revenue": 568402, "revenueEstimated": 641741.9354838709, "fiscalDateEnding": "2018-12-30", "updatedFromDate": "2023-09-29"}, {"date": "2019-02-26", "symbol": "VICR", "eps": 0.17, "epsEstimated": null, "time": "amc", "revenue": 73720000, "revenueEstimated": null, "fiscalDateEnding": "2018-12-30", "updatedFromDate": "2023-09-29"}, {"date": "2019-02-26", "symbol": "RRGB", "eps": 0.43, "epsEstimated": 0.38, "time": "amc", "revenue": 306779000, "revenueEstimated": 271107023.25581396, "fiscalDateEnding": "2018-12-29", "updatedFromDate": "2023-09-29"}, {"date": "2019-02-26", "symbol": "PAAL-B.CO", "eps": 2.75, "epsEstimated": null, "time": "bmo", "revenue": 3388754000, "revenueEstimated": null, "fiscalDateEnding": "2018-12-31", "updatedFromDate": "2023-07-24"}, {"date": "2019-02-26", "symbol": "BNS.TO", "eps": 1.75, "epsEstimated": 1.82, "time": "bmo", "revenue": 7475000000, "revenueEstimated": 7774000000, "fiscalDateEnding": "2019-01-31", "updatedFromDate": "2023-05-17"}, {"date": "2019-02-26", "symbol": "SOHO", "eps": -0.28, "epsEstimated": -0.15, "time": "bmo", "revenue": 43465975, "revenueEstimated": 32273483.0625, "fiscalDateEnding": "2018-12-30", "updatedFromDate": "2023-09-29"}, {"date": "2019-02-26", "symbol": "002171.SZ", "eps": 0.09, "epsEstimated": null, "time": "bmo", "revenue": 3360999025.53, "revenueEstimated": null, "fiscalDateEnding": "2018-12-30", "updatedFromDate": "2023-05-17"}, {"date": "2019-02-26", "symbol": "TK.BK", "eps": 0.2071, "epsEstimated": null, "time": "bmo", "revenue": 819855000, "revenueEstimated": null, "fiscalDateEnding": "2018-12-30", "updatedFromDate": "2023-05-17"}, {"date": "2019-02-26", "symbol": "011090.KS", "eps": -6.975, "epsEstimated": null, "time": "bmo", "revenue": 101761416200, "revenueEstimated": null, "fiscalDateEnding": "2018-12-30", "updatedFromDate": "2023-05-17"}, {"date": "2019-02-26", "symbol": "SSTK", "eps": 0.59, "epsEstimated": 0.48, "time": "bmo", "revenue": 162072000, "revenueEstimated": 131855186.44067797, "fiscalDateEnding": "2018-12-30", "updatedFromDate": "2023-09-29"}, {"date": "2019-02-26", "symbol": "5203.TW", "eps": 0.92, "epsEstimated": 1.23, "time": "bmo", "revenue": 407098000, "revenueEstimated": null, "fiscalDateEnding": "2018-12-30", "updatedFromDate": "2023-08-16"}, {"date": "2019-02-26", "symbol": "BSD.PA", "eps": 0.00625, "epsEstimated": null, "time": "bmo", "revenue": 6958014.5, "revenueEstimated": null, "fiscalDateEnding": "2018-11-26", "updatedFromDate": "2023-05-17"}, {"date": "2019-02-26", "symbol": "SDC.BK", "eps": -0.00702, "epsEstimated": null, "time": "bmo", "revenue": 217305000, "revenueEstimated": null, "fiscalDateEnding": "2019-03-30", "updatedFromDate": "2023-05-17"}, {"date": "2019-02-26", "symbol": "VEC", "eps": 0.73, "epsEstimated": 0.78, "time": "amc", "revenue": 329560000, "revenueEstimated": 352132602.73972607, "fiscalDateEnding": "2018-12-30", "updatedFromDate": "2023-05-17"}, {"date": "2019-02-26", "symbol": "MDARA.RG", "eps": null, "epsEstimated": null, "time": "bmo", "revenue": null, "revenueEstimated": null, "fiscalDateEnding": "2018-12-31", "updatedFromDate": "2023-06-15"}, {"date": "2019-02-26", "symbol": "GTT.PA", "eps": 0.76, "epsEstimated": null, "time": "bmo", "revenue": 61318500, "revenueEstimated": null, "fiscalDateEnding": "2018-11-26", "updatedFromDate": "2023-08-16"}, {"date": "2019-02-26", "symbol": "M", "eps": 2.73, "epsEstimated": 2.65, "time": "bmo", "revenue": 5356000000, "revenueEstimated": null, "fiscalDateEnding": "2018-11-26", "updatedFromDate": "2023-10-10"}, {"date": "2019-02-26", "symbol": "LAND", "eps": -0.08, "epsEstimated": 0.13, "time": "amc", "revenue": 8030000, "revenueEstimated": 2294285.714285714, "fiscalDateEnding": "2018-12-30", "updatedFromDate": "2023-09-29"}, {"date": "2019-02-26", "symbol": "CIR", "eps": 0.62, "epsEstimated": 0.6, "time": "amc", "revenue": 301363000, "revenueEstimated": 258112258.06451613, "fiscalDateEnding": "2018-12-30", "updatedFromDate": "2023-09-29"}, {"date": "2019-02-26", "symbol": "SECYF", "eps": 0.06, "epsEstimated": 0.06, "time": "bmo", "revenue": null, "revenueEstimated": null, "fiscalDateEnding": "2018-12-30", "updatedFromDate": "2023-08-16"}, {"date": "2019-02-26", "symbol": "EVH", "eps": -0.07, "epsEstimated": -0.04064, "time": "amc", "revenue": 193104000, "revenueEstimated": 179224646.625, "fiscalDateEnding": "2018-12-30", "updatedFromDate": "2023-09-29"}, {"date": "2019-02-26", "symbol": "300676.SZ", "eps": 0.1656, "epsEstimated": null, "time": "bmo", "revenue": 722457953.75, "revenueEstimated": null, "fiscalDateEnding": "2018-12-30", "updatedFromDate": "2023-05-17"}, {"date": "2019-02-26", "symbol": "002128.SZ", "eps": 0.5, "epsEstimated": null, "time": "bmo", "revenue": 2380873677.28, "revenueEstimated": null, "fiscalDateEnding": "2018-11-26", "updatedFromDate": "2023-05-17"}, {"date": "2019-02-26", "symbol": "WBDWV", "eps": 0.74, "epsEstimated": 0.8, "time": "bmo", "revenue": 2809000000, "revenueEstimated": null, "fiscalDateEnding": "2018-12-30", "updatedFromDate": "2023-08-16"}, {"date": "2019-02-26", "symbol": "FLL", "eps": -0.07, "epsEstimated": -0.06, "time": "amc", "revenue": 40690000, "revenueEstimated": 40701000, "fiscalDateEnding": "2018-12-30", "updatedFromDate": "2023-09-29"}, {"date": "2019-02-26", "symbol": "6219.TWO", "eps": 1.07, "epsEstimated": null, "time": "bmo", "revenue": 1286085000, "revenueEstimated": null, "fiscalDateEnding": "2018-12-30", "updatedFromDate": "2023-05-17"}, {"date": "2019-02-26", "symbol": "IDXAF", "eps": 0.12, "epsEstimated": 0.1, "time": "bmo", "revenue": 250332.858914, "revenueEstimated": null, "fiscalDateEnding": "2018-12-31", "updatedFromDate": "2023-09-29"}, {"date": "2019-02-26", "symbol": "SIGN.SW", "eps": 0.01468, "epsEstimated": null, "time": "bmo", "revenue": 363700000, "revenueEstimated": null, "fiscalDateEnding": "2018-11-26", "updatedFromDate": "2023-05-17"}, {"date": "2019-02-26", "symbol": "HY", "eps": -0.07, "epsEstimated": 0.44, "time": "amc", "revenue": 837700000, "revenueEstimated": 5265542857.142857, "fiscalDateEnding": "2018-12-30", "updatedFromDate": "2023-09-29"}, {"date": "2019-02-26", "symbol": "COV.V", "eps": null, "epsEstimated": null, "time": "bmo", "revenue": null, "revenueEstimated": null, "fiscalDateEnding": "2019-03-31", "updatedFromDate": "2023-05-17"}, {"date": "2019-02-26", "symbol": "ANNSF", "eps": 2.06, "epsEstimated": 1.77, "time": "bmo", "revenue": null, "revenueEstimated": 85922.33009708737, "fiscalDateEnding": "2018-12-31", "updatedFromDate": "2023-08-16"}, {"date": "2019-02-26", "symbol": "WEBC", "eps": 5.28, "epsEstimated": null, "time": "bmo", "revenue": null, "revenueEstimated": null, "fiscalDateEnding": "2019-01-31", "updatedFromDate": "2023-09-29"}, {"date": "2019-02-26", "symbol": "CPNREIT.BK", "eps": 0.3649, "epsEstimated": null, "time": "bmo", "revenue": 1215240191, "revenueEstimated": null, "fiscalDateEnding": "2018-12-31", "updatedFromDate": "2023-08-16"}, {"date": "2019-02-26", "symbol": "300114.SZ", "eps": 0.04, "epsEstimated": null, "time": "bmo", "revenue": null, "revenueEstimated": null, "fiscalDateEnding": "2018-12-31", "updatedFromDate": "2023-05-17"}, {"date": "2019-02-26", "symbol": "300601.SZ", "eps": 0.09271, "epsEstimated": null, "time": "bmo", "revenue": 516943335.61, "revenueEstimated": null, "fiscalDateEnding": "2018-12-30", "updatedFromDate": "2023-08-16"}, {"date": "2019-02-26", "symbol": "HTWSF", "eps": null, "epsEstimated": null, "time": "bmo", "revenue": null, "revenueEstimated": null, "fiscalDateEnding": "2018-12-31", "updatedFromDate": "2023-08-16"}, {"date": "2019-02-26", "symbol": "002465.SZ", "eps": 0.08, "epsEstimated": 0.12, "time": "bmo", "revenue": 1502709068.6, "revenueEstimated": null, "fiscalDateEnding": "2018-12-30", "updatedFromDate": "2023-05-17"}, {"date": "2019-02-26", "symbol": "SBBP", "eps": 1.64, "epsEstimated": -0.49, "time": "bmo", "revenue": 4514000, "revenueEstimated": 1348695.1219512196, "fiscalDateEnding": "2018-12-30", "updatedFromDate": "2023-05-17"}, {"date": "2019-02-26", "symbol": "002378.SZ", "eps": 0.01778, "epsEstimated": null, "time": "bmo", "revenue": 483524952.67, "revenueEstimated": null, "fiscalDateEnding": "2018-12-30", "updatedFromDate": "2023-05-17"}, {"date": "2019-02-26", "symbol": "USCR", "eps": 0.43, "epsEstimated": 0.57, "time": "bmo", "revenue": 370146000, "revenueEstimated": 490658651.16279066, "fiscalDateEnding": "2018-12-30", "updatedFromDate": "2023-05-17"}, {"date": "2019-02-26", "symbol": "TPE.WA", "eps": -0.36272, "epsEstimated": null, "time": "bmo", "revenue": 4819946000, "revenueEstimated": null, "fiscalDateEnding": "2018-12-30", "updatedFromDate": "2023-05-17"}, {"date": "2019-02-26", "symbol": "KBR", "eps": 0.39, "epsEstimated": 0.38, "time": "bmo", "revenue": 1330000000, "revenueEstimated": 1295897435.897436, "fiscalDateEnding": "2018-12-30", "updatedFromDate": "2023-09-29"}, {"date": "2019-02-26", "symbol": "002094.SZ", "eps": -0.11, "epsEstimated": null, "time": "bmo", "revenue": 1440311448.84, "revenueEstimated": null, "fiscalDateEnding": "2018-12-30", "updatedFromDate": "2023-05-17"}, {"date": "2019-02-26", "symbol": "PNBK", "eps": 0.04, "epsEstimated": 0.3, "time": "bmo", "revenue": 7645000, "revenueEstimated": 11505000, "fiscalDateEnding": "2018-12-30", "updatedFromDate": "2023-09-29"}, {"date": "2019-02-26", "symbol": "300633.SZ", "eps": null, "epsEstimated": null, "time": "bmo", "revenue": null, "revenueEstimated": null, "fiscalDateEnding": "2018-12-31", "updatedFromDate": "2023-08-16"}, {"date": "2019-02-26", "symbol": "300741.SZ", "eps": 0.635, "epsEstimated": null, "time": "bmo", "revenue": 701073264, "revenueEstimated": null, "fiscalDateEnding": "2018-12-30", "updatedFromDate": "2023-05-17"}, {"date": "2019-02-26", "symbol": "BGS", "eps": 0.34, "epsEstimated": 0.52, "time": "amc", "revenue": 458055000, "revenueEstimated": 673610294.117647, "fiscalDateEnding": "2018-12-28", "updatedFromDate": "2023-09-29"}, {"date": "2019-02-26", "symbol": "LXU", "eps": -0.58, "epsEstimated": null, "time": "amc", "revenue": 94730000, "revenueEstimated": null, "fiscalDateEnding": "2018-12-30", "updatedFromDate": "2023-09-29"}, {"date": "2019-02-26", "symbol": "BNS", "eps": 1.32, "epsEstimated": 1.42, "time": "bmo", "revenue": 7475000000, "revenueEstimated": 7762500000, "fiscalDateEnding": "2019-01-31", "updatedFromDate": "2023-09-29"}, {"date": "2019-02-26", "symbol": "016740.KS", "eps": 79, "epsEstimated": null, "time": "bmo", "revenue": 113721175000, "revenueEstimated": null, "fiscalDateEnding": "2019-03-30", "updatedFromDate": "2023-05-17"}, {"date": "2019-02-26", "symbol": "002608.SZ", "eps": 0.2637, "epsEstimated": null, "time": "bmo", "revenue": 5293219546.4, "revenueEstimated": null, "fiscalDateEnding": "2018-12-30", "updatedFromDate": "2023-05-17"}, {"date": "2019-02-26", "symbol": "CPIX", "eps": 0.1, "epsEstimated": -0.16, "time": "bmo", "revenue": 13497906, "revenueEstimated": 21596656, "fiscalDateEnding": "2018-12-30", "updatedFromDate": "2023-09-29"}, {"date": "2019-02-26", "symbol": "ISEE", "eps": -0.53, "epsEstimated": -0.41, "time": "bmo", "revenue": null, "revenueEstimated": null, "fiscalDateEnding": "2018-12-30", "updatedFromDate": "2023-09-29"}, {"date": "2019-02-26", "symbol": "HOUS", "eps": 0.04, "epsEstimated": 0.12, "time": "bmo", "revenue": 1354000000, "revenueEstimated": 3171000000, "fiscalDateEnding": "2018-12-30", "updatedFromDate": "2023-09-29"}, {"date": "2019-02-26", "symbol": "CQP", "eps": 0.69, "epsEstimated": 0.59, "time": "bmo", "revenue": 1897000000, "revenueEstimated": 1622072463.768116, "fiscalDateEnding": "2018-12-30", "updatedFromDate": "2023-09-29"}, {"date": "2019-02-26", "symbol": "PTVCB", "eps": -0.58, "epsEstimated": 0.39, "time": "bmo", "revenue": 121115000, "revenueEstimated": 81439396.55172415, "fiscalDateEnding": "2018-12-30", "updatedFromDate": "2023-05-17"}, {"date": "2019-02-26", "symbol": "IDK.CN", "eps": -0.49092, "epsEstimated": null, "time": "bmo", "revenue": -8578127, "revenueEstimated": null, "fiscalDateEnding": "2018-11-26", "updatedFromDate": "2023-10-16"}, {"date": "2019-02-26", "symbol": "ELE.MC", "eps": 0.21, "epsEstimated": 0.21, "time": "bmo", "revenue": 4905000000, "revenueEstimated": null, "fiscalDateEnding": "2018-12-30", "updatedFromDate": "2023-05-17"}, {"date": "2019-02-26", "symbol": "PHCUF", "eps": -0.5, "epsEstimated": -0.26, "time": "bmo", "revenue": null, "revenueEstimated": null, "fiscalDateEnding": "2018-12-31", "updatedFromDate": "2023-08-16"}, {"date": "2019-02-26", "symbol": "CPE", "eps": 1.7, "epsEstimated": 2.2, "time": "amc", "revenue": 161895000, "revenueEstimated": 187607735.29411766, "fiscalDateEnding": "2018-12-30", "updatedFromDate": "2023-09-29"}, {"date": "2019-02-26", "symbol": "STVMF", "eps": null, "epsEstimated": null, "time": "bmo", "revenue": null, "revenueEstimated": null, "fiscalDateEnding": "2019-03-31", "updatedFromDate": "2023-05-17"}, {"date": "2019-02-26", "symbol": "601966.SS", "eps": 0.2475, "epsEstimated": null, "time": "bmo", "revenue": 4256667486, "revenueEstimated": null, "fiscalDateEnding": "2018-12-30", "updatedFromDate": "2023-08-16"}, {"date": "2019-02-26", "symbol": "LGIH", "eps": 1.72, "epsEstimated": 1.75, "time": "bmo", "revenue": 425160000, "revenueEstimated": 432575581.39534885, "fiscalDateEnding": "2018-12-30", "updatedFromDate": "2023-09-29"}, {"date": "2019-02-26", "symbol": "SRRTF", "eps": null, "epsEstimated": null, "time": "bmo", "revenue": null, "revenueEstimated": null, "fiscalDateEnding": "2018-12-31", "updatedFromDate": "2023-05-17"}, {"date": "2019-02-26", "symbol": "STR", "eps": 0.56, "epsEstimated": 0.74, "time": "bmo", "revenue": 26301000, "revenueEstimated": null, "fiscalDateEnding": "2018-12-30", "updatedFromDate": "2023-09-29"}, {"date": "2019-02-26", "symbol": "TTW.BK", "eps": 0.17, "epsEstimated": 0.18, "time": "bmo", "revenue": 1501636690, "revenueEstimated": null, "fiscalDateEnding": "2018-12-31", "updatedFromDate": "2023-08-25"}, {"date": "2019-02-26", "symbol": "HEI.A", "eps": 0.49, "epsEstimated": null, "time": "amc", "revenue": null, "revenueEstimated": null, "fiscalDateEnding": "2018-12-31", "updatedFromDate": "2023-09-29"}, {"date": "2019-02-26", "symbol": "ALEATIC.MX", "eps": 1.7, "epsEstimated": 2.3, "time": "bmo", "revenue": null, "revenueEstimated": null, "fiscalDateEnding": "2018-12-31", "updatedFromDate": "2023-05-31"}, {"date": "2019-02-26", "symbol": "CLGX", "eps": 0.48, "epsEstimated": 0.48, "time": "amc", "revenue": 403309000, "revenueEstimated": 403309000, "fiscalDateEnding": "2018-12-30", "updatedFromDate": "2023-05-17"}, {"date": "2019-02-26", "symbol": "SVYSF", "eps": 1.56, "epsEstimated": 1.07, "time": "bmo", "revenue": null, "revenueEstimated": null, "fiscalDateEnding": "2018-12-31", "updatedFromDate": "2023-05-17"}, {"date": "2019-02-26", "symbol": "300073.SZ", "eps": 0.26, "epsEstimated": 0.23, "time": "bmo", "revenue": 802389774.69, "revenueEstimated": null, "fiscalDateEnding": "2018-12-30", "updatedFromDate": "2023-05-17"}, {"date": "2019-02-26", "symbol": "BFS", "eps": 0.41, "epsEstimated": 0.82, "time": "bmo", "revenue": 58274000, "revenueEstimated": null, "fiscalDateEnding": "2018-12-30", "updatedFromDate": "2023-09-29"}, {"date": "2019-02-26", "symbol": "OPRX", "eps": 0.06, "epsEstimated": -0.01, "time": "amc", "revenue": 6579268, "revenueEstimated": 6579270, "fiscalDateEnding": "2018-12-30", "updatedFromDate": "2023-09-29"}, {"date": "2019-02-26", "symbol": "BNRPF", "eps": -0.21, "epsEstimated": -0.27, "time": "bmo", "revenue": null, "revenueEstimated": null, "fiscalDateEnding": "2018-12-31", "updatedFromDate": "2023-05-17"}, {"date": "2019-02-26", "symbol": "CPK", "eps": 1.1, "epsEstimated": 1.2, "time": "amc", "revenue": 201190000, "revenueEstimated": 164817818.18181816, "fiscalDateEnding": "2018-12-30", "updatedFromDate": "2023-09-29"}, {"date": "2019-02-26", "symbol": "ICFI", "eps": 1.17, "epsEstimated": 1.22, "time": "amc", "revenue": 377910000, "revenueEstimated": 394060000, "fiscalDateEnding": "2018-12-30", "updatedFromDate": "2023-09-29"}, {"date": "2019-02-26", "symbol": "GENO.ST", "eps": 0.02075, "epsEstimated": null, "time": "bmo", "revenue": 10483980, "revenueEstimated": null, "fiscalDateEnding": "2018-12-30", "updatedFromDate": "2023-08-16"}, {"date": "2019-02-26", "symbol": "300496.SZ", "eps": 0.1518, "epsEstimated": null, "time": "bmo", "revenue": 565272618.87, "revenueEstimated": null, "fiscalDateEnding": "2018-12-30", "updatedFromDate": "2023-05-17"}, {"date": "2019-02-26", "symbol": "IGUEF", "eps": 0.42, "epsEstimated": 0.48, "time": "bmo", "revenue": null, "revenueEstimated": null, "fiscalDateEnding": "2018-12-31", "updatedFromDate": "2023-05-17"}, {"date": "2019-02-26", "symbol": "OASPQ", "eps": -0.02, "epsEstimated": -0.0075, "time": "bmo", "revenue": null, "revenueEstimated": null, "fiscalDateEnding": "2018-12-31", "updatedFromDate": "2023-05-17"}, {"date": "2019-02-26", "symbol": "CGEN.TA", "eps": -0.16, "epsEstimated": -0.2, "time": "bmo", "revenue": null, "revenueEstimated": null, "fiscalDateEnding": "2018-11-26", "updatedFromDate": "2023-05-17"}, {"date": "2019-02-26", "symbol": "002653.SZ", "eps": 0.03, "epsEstimated": 0.01, "time": "bmo", "revenue": 1342881033.67, "revenueEstimated": null, "fiscalDateEnding": "2018-12-30", "updatedFromDate": "2023-05-17"}, {"date": "2019-02-26", "symbol": "002033.SZ", "eps": -0.01, "epsEstimated": -0.00619, "time": "bmo", "revenue": 118453933.26, "revenueEstimated": null, "fiscalDateEnding": "2018-12-30", "updatedFromDate": "2023-05-17"}, {"date": "2019-02-26", "symbol": "SAFT", "eps": 1.83, "epsEstimated": 0.93, "time": "bmo", "revenue": 202525000, "revenueEstimated": 184178803.0078125, "fiscalDateEnding": "2018-12-30", "updatedFromDate": "2023-09-29"}, {"date": "2019-02-26", "symbol": "LJ3.SI", "eps": null, "epsEstimated": null, "time": "bmo", "revenue": null, "revenueEstimated": null, "fiscalDateEnding": "2018-12-31", "updatedFromDate": "2023-05-17"}, {"date": "2019-02-26", "symbol": "002396.SZ", "eps": 0.31, "epsEstimated": null, "time": "bmo", "revenue": 2945946808.92, "revenueEstimated": null, "fiscalDateEnding": "2018-12-30", "updatedFromDate": "2023-08-16"}, {"date": "2019-02-26", "symbol": "SAMTEL.BK", "eps": 0.2038, "epsEstimated": null, "time": "bmo", "revenue": 2323109534, "revenueEstimated": null, "fiscalDateEnding": "2018-12-30", "updatedFromDate": "2023-05-17"}, {"date": "2019-02-26", "symbol": "214450.KQ", "eps": 702, "epsEstimated": null, "time": "bmo", "revenue": null, "revenueEstimated": null, "fiscalDateEnding": "2018-12-31", "updatedFromDate": "2023-08-16"}, {"date": "2019-02-26", "symbol": "000880.KS", "eps": -2030, "epsEstimated": 825.14, "time": "bmo", "revenue": 32094791000000, "revenueEstimated": null, "fiscalDateEnding": "2018-12-30", "updatedFromDate": "2023-08-16"}, {"date": "2019-02-26", "symbol": "EV", "eps": 0.73, "epsEstimated": 0.73, "time": "bmo", "revenue": 406416000, "revenueEstimated": 406416000, "fiscalDateEnding": "2019-01-30", "updatedFromDate": "2023-05-17"}, {"date": "2019-02-26", "symbol": "SRE", "eps": 0.78, "epsEstimated": 0.74, "time": "bmo", "revenue": 3221000000, "revenueEstimated": 2620512820.5128207, "fiscalDateEnding": "2018-12-30", "updatedFromDate": "2023-09-29"}, {"date": "2019-02-26", "symbol": "300136.SZ", "eps": 0.13, "epsEstimated": 0.27, "time": "bmo", "revenue": 1348859586.93, "revenueEstimated": null, "fiscalDateEnding": "2018-12-30", "updatedFromDate": "2023-08-16"}, {"date": "2019-02-26", "symbol": "002690.SZ", "eps": 0.19, "epsEstimated": null, "time": "bmo", "revenue": 379093097.8, "revenueEstimated": null, "fiscalDateEnding": "2018-12-30", "updatedFromDate": "2023-08-16"}, {"date": "2019-02-26", "symbol": "MULTI.OL", "eps": 0.07, "epsEstimated": 0.69, "time": "bmo", "revenue": 1041508000, "revenueEstimated": null, "fiscalDateEnding": "2018-12-30", "updatedFromDate": "2023-05-17"}, {"date": "2019-02-26", "symbol": "HEI", "eps": 0.58, "epsEstimated": 0.47, "time": "amc", "revenue": 466146000, "revenueEstimated": 377739000, "fiscalDateEnding": "2019-01-30", "updatedFromDate": "2023-09-29"}, {"date": "2019-02-26", "symbol": "WN.TO", "eps": 1.59, "epsEstimated": 1.57, "time": "bmo", "revenue": 11717000000, "revenueEstimated": null, "fiscalDateEnding": "2018-12-30", "updatedFromDate": "2023-05-17"}, {"date": "2019-02-26", "symbol": "DSX", "eps": 0.01, "epsEstimated": 0.08, "time": "bmo", "revenue": 62874000, "revenueEstimated": 502992000, "fiscalDateEnding": "2018-12-31", "updatedFromDate": "2023-09-29"}, {"date": "2019-02-26", "symbol": "ASELS.IS", "eps": 0.276, "epsEstimated": null, "time": "bmo", "revenue": 1998099000, "revenueEstimated": null, "fiscalDateEnding": "2018-11-26", "updatedFromDate": "2023-05-17"}, {"date": "2019-02-26", "symbol": "CERS", "eps": -0.12, "epsEstimated": -0.1, "time": "amc", "revenue": 16525000, "revenueEstimated": 18551500, "fiscalDateEnding": "2018-12-30", "updatedFromDate": "2023-09-29"}, {"date": "2019-02-26", "symbol": "KOFUBL.MX", "eps": 1.36, "epsEstimated": 1.86, "time": "bmo", "revenue": null, "revenueEstimated": null, "fiscalDateEnding": "2018-12-31", "updatedFromDate": "2023-05-17"}, {"date": "2019-02-26", "symbol": "HTWS.L", "eps": -0.0001, "epsEstimated": null, "time": "bmo", "revenue": 93700000, "revenueEstimated": null, "fiscalDateEnding": "2018-11-26", "updatedFromDate": "2023-08-25"}, {"date": "2019-02-26", "symbol": "NXTBF", "eps": -1.84, "epsEstimated": -1.8, "time": "bmo", "revenue": null, "revenueEstimated": null, "fiscalDateEnding": "2018-12-31", "updatedFromDate": "2023-08-16"}, {"date": "2019-02-26", "symbol": "300251.SZ", "eps": -0.3, "epsEstimated": 0.08, "time": "bmo", "revenue": 206401134.72, "revenueEstimated": null, "fiscalDateEnding": "2018-12-30", "updatedFromDate": "2023-08-16"}, {"date": "2019-02-26", "symbol": "CMOCTEZ.MX", "eps": null, "epsEstimated": null, "time": "bmo", "revenue": null, "revenueEstimated": null, "fiscalDateEnding": "2018-12-31", "updatedFromDate": "2023-05-31"}, {"date": "2019-02-26", "symbol": "002851.SZ", "eps": 0.1957, "epsEstimated": null, "time": "bmo", "revenue": 783196033.38, "revenueEstimated": null, "fiscalDateEnding": "2018-12-30", "updatedFromDate": "2023-05-17"}, {"date": "2019-02-26", "symbol": "COCSF", "eps": 1.36, "epsEstimated": 1.86, "time": "bmo", "revenue": null, "revenueEstimated": null, "fiscalDateEnding": "2018-12-31", "updatedFromDate": "2023-05-17"}, {"date": "2019-02-26", "symbol": "DIGN.ST", "eps": -0.13005, "epsEstimated": null, "time": "bmo", "revenue": 8703193, "revenueEstimated": null, "fiscalDateEnding": "2018-12-31", "updatedFromDate": "2023-08-25"}, {"date": "2019-02-26", "symbol": "CMPRF", "eps": 0.43, "epsEstimated": 0.43, "time": "bmo", "revenue": null, "revenueEstimated": 36400000, "fiscalDateEnding": "2018-12-31", "updatedFromDate": "2023-05-17"}, {"date": "2019-02-26", "symbol": "IHHHF", "eps": 0.04, "epsEstimated": 0.02737, "time": "bmo", "revenue": null, "revenueEstimated": null, "fiscalDateEnding": "2018-12-31", "updatedFromDate": "2023-05-17"}, {"date": "2019-02-26", "symbol": "BOEUF", "eps": null, "epsEstimated": null, "time": "bmo", "revenue": null, "revenueEstimated": null, "fiscalDateEnding": "2018-12-31", "updatedFromDate": "2023-05-17"}, {"date": "2019-02-26", "symbol": "122450.KQ", "eps": null, "epsEstimated": null, "time": "bmo", "revenue": null, "revenueEstimated": null, "fiscalDateEnding": "2018-12-31", "updatedFromDate": "2023-05-17"}, {"date": "2019-02-26", "symbol": "QIPT.V", "eps": 0.00462, "epsEstimated": null, "time": "bmo", "revenue": 15932101.348722, "revenueEstimated": null, "fiscalDateEnding": "2018-12-31", "updatedFromDate": "2023-10-16"}, {"date": "2019-02-26", "symbol": "CVALF", "eps": -0.07, "epsEstimated": null, "time": "amc", "revenue": 7261486, "revenueEstimated": null, "fiscalDateEnding": "2018-12-31", "updatedFromDate": "2023-09-29"}, {"date": "2019-02-26", "symbol": "NBR", "eps": -12.5, "epsEstimated": -8, "time": "amc", "revenue": 782080000, "revenueEstimated": 239174283.6363637, "fiscalDateEnding": "2018-12-30", "updatedFromDate": "2023-09-29"}, {"date": "2019-02-26", "symbol": "081660.KS", "eps": -11, "epsEstimated": 559.65, "time": "bmo", "revenue": 761677979440, "revenueEstimated": null, "fiscalDateEnding": "2018-12-31", "updatedFromDate": "2023-08-17"}, {"date": "2019-02-26", "symbol": "XHR", "eps": 0.88, "epsEstimated": 0.19, "time": "bmo", "revenue": 275663000, "revenueEstimated": 59518147.727272734, "fiscalDateEnding": "2018-12-30", "updatedFromDate": "2023-09-29"}, {"date": "2019-02-26", "symbol": "2809.TW", "eps": -0.68053, "epsEstimated": null, "time": "bmo", "revenue": 1350758000, "revenueEstimated": null, "fiscalDateEnding": "2018-12-30", "updatedFromDate": "2023-08-16"}, {"date": "2019-02-26", "symbol": "DISCB", "eps": 0.3762, "epsEstimated": null, "time": "bmo", "revenue": 2809000000, "revenueEstimated": null, "fiscalDateEnding": "2018-12-30", "updatedFromDate": "2023-05-17"}, {"date": "2019-02-26", "symbol": "DERM", "eps": 1.7, "epsEstimated": 1.91, "time": "bmo", "revenue": 2243000, "revenueEstimated": null, "fiscalDateEnding": "2018-12-30", "updatedFromDate": "2023-09-29"}, {"date": "2019-02-26", "symbol": "ROVI.MC", "eps": 0.04, "epsEstimated": 0.005, "time": "bmo", "revenue": 84318000, "revenueEstimated": null, "fiscalDateEnding": "2018-12-30", "updatedFromDate": "2023-05-17"}, {"date": "2019-02-26", "symbol": "CLRB", "eps": 6.2, "epsEstimated": 10, "time": "bmo", "revenue": null, "revenueEstimated": null, "fiscalDateEnding": "2018-12-30", "updatedFromDate": "2023-09-29"}, {"date": "2019-02-26", "symbol": "SOY.TO", "eps": -0.11, "epsEstimated": -0.07, "time": "bmo", "revenue": 320521000, "revenueEstimated": null, "fiscalDateEnding": "2018-12-31", "updatedFromDate": "2023-10-16"}, {"date": "2019-02-26", "symbol": "300383.SZ", "eps": 0.13, "epsEstimated": 0.13, "time": "bmo", "revenue": 1541288115.19, "revenueEstimated": null, "fiscalDateEnding": "2018-12-30", "updatedFromDate": "2023-08-16"}, {"date": "2019-02-26", "symbol": "AVNS", "eps": 0.33, "epsEstimated": 0.24, "time": "bmo", "revenue": 169900000, "revenueEstimated": 118415151.51515153, "fiscalDateEnding": "2018-12-30", "updatedFromDate": "2023-09-29"}, {"date": "2019-02-26", "symbol": "GGNDF", "eps": 3.3, "epsEstimated": 3.48, "time": "bmo", "revenue": null, "revenueEstimated": null, "fiscalDateEnding": "2018-12-31", "updatedFromDate": "2023-05-17"}, {"date": "2019-02-26", "symbol": "002093.SZ", "eps": 0.00302, "epsEstimated": null, "time": "bmo", "revenue": 171388711.46, "revenueEstimated": null, "fiscalDateEnding": "2018-12-30", "updatedFromDate": "2023-05-17"}, {"date": "2019-02-26", "symbol": "VNP.TO", "eps": 0.05, "epsEstimated": 0.05, "time": "bmo", "revenue": 47710000, "revenueEstimated": null, "fiscalDateEnding": "2018-12-31", "updatedFromDate": "2023-10-16"}, {"date": "2019-02-26", "symbol": "EOG", "eps": 1.24, "epsEstimated": 1.34, "time": "amc", "revenue": 4369681000, "revenueEstimated": 4857102322.580646, "fiscalDateEnding": "2018-12-30", "updatedFromDate": "2023-09-29"}, {"date": "2019-02-26", "symbol": "SBX.OL", "eps": -0.2, "epsEstimated": -0.2, "time": "bmo", "revenue": 6801000, "revenueEstimated": null, "fiscalDateEnding": "2018-12-30", "updatedFromDate": "2023-05-17"}, {"date": "2019-02-26", "symbol": "SES.TO", "eps": 0.06, "epsEstimated": 0.06, "time": "bmo", "revenue": 683051000, "revenueEstimated": null, "fiscalDateEnding": "2018-12-30", "updatedFromDate": "2023-08-16"}, {"date": "2019-02-26", "symbol": "WBRBF", "eps": 0.16, "epsEstimated": null, "time": "bmo", "revenue": null, "revenueEstimated": null, "fiscalDateEnding": "2018-12-31", "updatedFromDate": "2023-08-16"}, {"date": "2019-02-26", "symbol": "CVEO", "eps": 0.96, "epsEstimated": 1.08, "time": "bmo", "revenue": 114520000, "revenueEstimated": 143150000, "fiscalDateEnding": "2018-12-30", "updatedFromDate": "2023-09-29"}, {"date": "2019-02-26", "symbol": "ELF", "eps": 0.3, "epsEstimated": 0.21, "time": "amc", "revenue": 78571000, "revenueEstimated": 57618733.333333336, "fiscalDateEnding": "2018-12-30", "updatedFromDate": "2023-09-29"}, {"date": "2019-02-26", "symbol": "060150.KQ", "eps": 92, "epsEstimated": null, "time": "bmo", "revenue": null, "revenueEstimated": null, "fiscalDateEnding": "2018-12-31", "updatedFromDate": "2023-05-17"}, {"date": "2019-02-26", "symbol": "WGN.AX", "eps": 0, "epsEstimated": null, "time": "bmo", "revenue": 249668000, "revenueEstimated": null, "fiscalDateEnding": "2018-11-26", "updatedFromDate": "2023-10-16"}, {"date": "2019-02-26", "symbol": "IMXCF", "eps": null, "epsEstimated": null, "time": "bmo", "revenue": null, "revenueEstimated": null, "fiscalDateEnding": "2018-12-31", "updatedFromDate": "2023-05-17"}, {"date": "2019-02-26", "symbol": "SCCAF", "eps": 0.4, "epsEstimated": 0.43, "time": "bmo", "revenue": null, "revenueEstimated": null, "fiscalDateEnding": "2018-12-30", "updatedFromDate": "2023-08-16"}, {"date": "2019-02-26", "symbol": "2480.TW", "eps": 1.14, "epsEstimated": null, "time": "bmo", "revenue": 1306018000, "revenueEstimated": null, "fiscalDateEnding": "2018-12-30", "updatedFromDate": "2023-08-16"}, {"date": "2019-02-26", "symbol": "ENGGY", "eps": 0.49, "epsEstimated": null, "time": "bmo", "revenue": 475960000, "revenueEstimated": null, "fiscalDateEnding": "2018-12-30", "updatedFromDate": "2023-05-17"}, {"date": "2019-02-26", "symbol": "PTAIF", "eps": 113, "epsEstimated": 139.04, "time": "bmo", "revenue": null, "revenueEstimated": null, "fiscalDateEnding": "2018-12-31", "updatedFromDate": "2023-05-17"}, {"date": "2019-02-26", "symbol": "002078.SZ", "eps": 0.17, "epsEstimated": null, "time": "bmo", "revenue": 5658543121.97, "revenueEstimated": null, "fiscalDateEnding": "2018-12-30", "updatedFromDate": "2023-08-16"}, {"date": "2019-02-26", "symbol": "ATRI", "eps": 4.17, "epsEstimated": null, "time": "bmo", "revenue": 34926000, "revenueEstimated": null, "fiscalDateEnding": "2018-12-30", "updatedFromDate": "2023-09-29"}, {"date": "2019-02-26", "symbol": "TPH", "eps": 0.7, "epsEstimated": 0.65, "time": "bmo", "revenue": 1132697000, "revenueEstimated": 1051790071.4285715, "fiscalDateEnding": "2018-12-30", "updatedFromDate": "2023-09-29"}, {"date": "2019-02-26", "symbol": "ACAD", "eps": -0.5, "epsEstimated": -0.55, "time": "amc", "revenue": 59571000, "revenueEstimated": 65528100.00000001, "fiscalDateEnding": "2018-12-30", "updatedFromDate": "2023-09-29"}, {"date": "2019-02-26", "symbol": "TVTX", "eps": -0.18, "epsEstimated": -0.48, "time": "amc", "revenue": 43771000, "revenueEstimated": null, "fiscalDateEnding": "2018-12-30", "updatedFromDate": "2023-11-28"}, {"date": "2019-02-26", "symbol": "APPS.MC", "eps": 0.09728, "epsEstimated": null, "time": "bmo", "revenue": 444486000, "revenueEstimated": null, "fiscalDateEnding": "2018-11-26", "updatedFromDate": "2023-05-17"}, {"date": "2019-02-26", "symbol": "MYYGF", "eps": null, "epsEstimated": null, "time": "bmo", "revenue": null, "revenueEstimated": null, "fiscalDateEnding": "2018-12-31", "updatedFromDate": "2023-05-17"}, {"date": "2019-02-26", "symbol": "VEEV", "eps": 0.45, "epsEstimated": 0.4, "time": "amc", "revenue": 232323000, "revenueEstimated": 206509333.33333334, "fiscalDateEnding": "2019-01-30", "updatedFromDate": "2023-09-29"}, {"date": "2019-02-26", "symbol": "002001.SZ", "eps": 0.25, "epsEstimated": 0.47, "time": "bmo", "revenue": 1963954584.23, "revenueEstimated": null, "fiscalDateEnding": "2018-12-30", "updatedFromDate": "2023-05-17"}, {"date": "2019-02-26", "symbol": "002478.SZ", "eps": 0.1181, "epsEstimated": null, "time": "bmo", "revenue": 1374581838.9, "revenueEstimated": null, "fiscalDateEnding": "2018-12-30", "updatedFromDate": "2023-05-17"}, {"date": "2019-02-26", "symbol": "WICE.BK", "eps": 0.03, "epsEstimated": null, "time": "bmo", "revenue": 530514432, "revenueEstimated": null, "fiscalDateEnding": "2018-12-30", "updatedFromDate": "2023-05-17"}, {"date": "2019-02-26", "symbol": "AU.BK", "eps": 0.07, "epsEstimated": null, "time": "bmo", "revenue": 286843000, "revenueEstimated": null, "fiscalDateEnding": "2018-11-26", "updatedFromDate": "2023-05-17"}, {"date": "2019-02-26", "symbol": "M&MFIN.NS", "eps": 2.73, "epsEstimated": 2.53, "time": "bmo", "revenue": 15638033000, "revenueEstimated": null, "fiscalDateEnding": "2018-11-26", "updatedFromDate": "2023-10-17"}, {"date": "2019-02-26", "symbol": "PUMP", "eps": 0.59, "epsEstimated": 0.56, "time": "amc", "revenue": 425414000, "revenueEstimated": 403782779.661017, "fiscalDateEnding": "2018-12-30", "updatedFromDate": "2023-09-29"}, {"date": "2019-02-26", "symbol": "FAG.ST", "eps": 1.12, "epsEstimated": null, "time": "bmo", "revenue": 1488100000, "revenueEstimated": null, "fiscalDateEnding": "2018-12-30", "updatedFromDate": "2023-08-16"}, {"date": "2019-02-26", "symbol": "ZOM", "eps": -0.09, "epsEstimated": null, "time": "bmo", "revenue": null, "revenueEstimated": null, "fiscalDateEnding": "2018-03-30", "updatedFromDate": "2023-10-10"}, {"date": "2019-02-26", "symbol": "TBPH", "eps": -0.92, "epsEstimated": -1.12, "time": "bmo", "revenue": 15737000, "revenueEstimated": 18131760.86956522, "fiscalDateEnding": "2018-12-30", "updatedFromDate": "2023-09-29"}, {"date": "2019-02-26", "symbol": "300502.SZ", "eps": 0.05791, "epsEstimated": null, "time": "bmo", "revenue": 225885361.64, "revenueEstimated": null, "fiscalDateEnding": "2018-12-30", "updatedFromDate": "2023-08-16"}, {"date": "2019-02-26", "symbol": "MCCS.QA", "eps": null, "epsEstimated": null, "time": "bmo", "revenue": null, "revenueEstimated": null, "fiscalDateEnding": "2018-12-31", "updatedFromDate": "2023-05-17"}, {"date": "2019-02-26", "symbol": "OMP", "eps": 0.54, "epsEstimated": 0.56, "time": "amc", "revenue": 72177000, "revenueEstimated": 77076740.74074073, "fiscalDateEnding": "2018-12-30", "updatedFromDate": "2023-05-17"}, {"date": "2019-02-26", "symbol": "PSYTF", "eps": 0.24, "epsEstimated": 0.22, "time": "bmo", "revenue": null, "revenueEstimated": null, "fiscalDateEnding": "2018-12-30", "updatedFromDate": "2023-08-16"}, {"date": "2019-02-26", "symbol": "TFG.BK", "eps": 0.00058, "epsEstimated": null, "time": "bmo", "revenue": 7390648000, "revenueEstimated": null, "fiscalDateEnding": "2018-12-31", "updatedFromDate": "2023-05-17"}, {"date": "2019-02-26", "symbol": "PSA-PN", "eps": 2.17, "epsEstimated": 2.11, "time": "bmo", "revenue": 692460000, "revenueEstimated": null, "fiscalDateEnding": "2018-12-30", "updatedFromDate": "2023-05-17"}, {"date": "2019-02-26", "symbol": "IMAX", "eps": 0.26, "epsEstimated": 0.24, "time": "amc", "revenue": 108964000, "revenueEstimated": 100582153.84615384, "fiscalDateEnding": "2018-12-30", "updatedFromDate": "2023-09-29"}, {"date": "2019-02-26", "symbol": "MELI", "eps": -0.05, "epsEstimated": -0.15, "time": "amc", "revenue": 428019000, "revenueEstimated": 1112849399.9999998, "fiscalDateEnding": "2018-12-30", "updatedFromDate": "2023-09-29"}, {"date": "2019-02-26", "symbol": "RESCU", "eps": null, "epsEstimated": null, "time": "bmo", "revenue": null, "revenueEstimated": null, "fiscalDateEnding": "2018-12-31", "updatedFromDate": "2023-05-17"}, {"date": "2019-02-26", "symbol": "AMC.WA", "eps": 5.03, "epsEstimated": null, "time": "bmo", "revenue": 679654000, "revenueEstimated": null, "fiscalDateEnding": "2018-11-26", "updatedFromDate": "2023-05-17"}, {"date": "2019-02-26", "symbol": "ASB.WA", "eps": 0.0884, "epsEstimated": null, "time": "bmo", "revenue": 571046622, "revenueEstimated": null, "fiscalDateEnding": "2018-12-30", "updatedFromDate": "2023-08-16"}, {"date": "2019-02-26", "symbol": "TRI.TO", "eps": 0.2, "epsEstimated": 0.06, "time": "bmo", "revenue": 1519000000, "revenueEstimated": null, "fiscalDateEnding": "2018-12-30", "updatedFromDate": "2023-05-17"}, {"date": "2019-02-26", "symbol": "LNG", "eps": 0.25, "epsEstimated": 0.27, "time": "bmo", "revenue": 2383000000, "revenueEstimated": 2573640000, "fiscalDateEnding": "2018-12-30", "updatedFromDate": "2023-09-29"}, {"date": "2019-02-26", "symbol": "MINT.BK", "eps": 0.28, "epsEstimated": 0.27, "time": "bmo", "revenue": 30777626500, "revenueEstimated": null, "fiscalDateEnding": "2018-12-30", "updatedFromDate": "2023-05-17"}, {"date": "2019-02-26", "symbol": "JAKK", "eps": -3.7, "epsEstimated": -4.9, "time": "amc", "revenue": 132326000, "revenueEstimated": 186686951.35135132, "fiscalDateEnding": "2018-12-30", "updatedFromDate": "2023-09-29"}, {"date": "2019-02-26", "symbol": "002165.SZ", "eps": 0.00641, "epsEstimated": null, "time": "bmo", "revenue": 583996848.38, "revenueEstimated": null, "fiscalDateEnding": "2018-12-30", "updatedFromDate": "2023-05-17"}, {"date": "2019-02-26", "symbol": "EOG.V", "eps": -0.06442, "epsEstimated": null, "time": "bmo", "revenue": 101537.241275, "revenueEstimated": null, "fiscalDateEnding": "2018-11-26", "updatedFromDate": "2023-10-16"}, {"date": "2019-02-26", "symbol": "ASR", "eps": 2.47, "epsEstimated": 1.95, "time": "bmo", "revenue": 3924232000, "revenueEstimated": 2918017179, "fiscalDateEnding": "2018-12-31", "updatedFromDate": "2023-09-29"}, {"date": "2019-02-26", "symbol": "HPR", "eps": 0.5, "epsEstimated": 2.33, "time": "amc", "revenue": 101980000, "revenueEstimated": 608982780, "fiscalDateEnding": "2018-11-26", "updatedFromDate": "2023-05-17"}, {"date": "2019-02-26", "symbol": "300443.SZ", "eps": 0.1416, "epsEstimated": null, "time": "bmo", "revenue": 273595312.45, "revenueEstimated": null, "fiscalDateEnding": "2018-12-30", "updatedFromDate": "2023-08-16"}, {"date": "2019-02-26", "symbol": "002376.SZ", "eps": 0.18, "epsEstimated": null, "time": "bmo", "revenue": 839457408, "revenueEstimated": null, "fiscalDateEnding": "2018-12-30", "updatedFromDate": "2023-05-17"}, {"date": "2019-02-26", "symbol": "002334.SZ", "eps": 0.04975, "epsEstimated": null, "time": "bmo", "revenue": 592627752.13, "revenueEstimated": null, "fiscalDateEnding": "2018-12-30", "updatedFromDate": "2023-05-17"}, {"date": "2019-02-26", "symbol": "GSABF", "eps": 1.19, "epsEstimated": 1.93, "time": "bmo", "revenue": null, "revenueEstimated": null, "fiscalDateEnding": "2018-12-31", "updatedFromDate": "2023-05-17"}, {"date": "2019-02-26", "symbol": "DSX-PB", "eps": 0.01, "epsEstimated": 0.08, "time": "bmo", "revenue": null, "revenueEstimated": null, "fiscalDateEnding": "2018-12-31", "updatedFromDate": "2023-05-17"}, {"date": "2019-02-26", "symbol": "CHYMF", "eps": null, "epsEstimated": null, "time": "bmo", "revenue": null, "revenueEstimated": null, "fiscalDateEnding": "2018-12-31", "updatedFromDate": "2023-05-17"}, {"date": "2019-02-26", "symbol": "MCPOF", "eps": 0.08, "epsEstimated": 0.05, "time": "bmo", "revenue": null, "revenueEstimated": null, "fiscalDateEnding": "2018-12-31", "updatedFromDate": "2023-05-17"}, {"date": "2019-02-26", "symbol": "BBN.SW", "eps": 0.3146, "epsEstimated": null, "time": "bmo", "revenue": 25539000, "revenueEstimated": null, "fiscalDateEnding": "2018-11-26", "updatedFromDate": "2023-05-17"}, {"date": "2019-02-26", "symbol": "SUPN", "eps": 0.48, "epsEstimated": 0.27, "time": "amc", "revenue": 115934000, "revenueEstimated": 95645549.25, "fiscalDateEnding": "2018-12-30", "updatedFromDate": "2023-09-29"}, {"date": "2019-02-26", "symbol": "PKSVF", "eps": null, "epsEstimated": null, "time": "bmo", "revenue": null, "revenueEstimated": null, "fiscalDateEnding": "2018-12-31", "updatedFromDate": "2023-05-17"}, {"date": "2019-02-26", "symbol": "MASI", "eps": 0.83, "epsEstimated": 0.73, "time": "amc", "revenue": 223132000, "revenueEstimated": 196248626.50602412, "fiscalDateEnding": "2018-12-28", "updatedFromDate": "2023-09-29"}, {"date": "2019-02-26", "symbol": "NWEGF", "eps": 2.51, "epsEstimated": 2.51, "time": "bmo", "revenue": null, "revenueEstimated": 33800000, "fiscalDateEnding": "2018-12-31", "updatedFromDate": "2023-05-17"}, {"date": "2019-02-26", "symbol": "HEI-A", "eps": 0.58, "epsEstimated": 0.46, "time": "bmo", "revenue": 466146000, "revenueEstimated": null, "fiscalDateEnding": "2019-01-30", "updatedFromDate": "2023-10-16"}, {"date": "2019-02-26", "symbol": "WBD", "eps": 0.74, "epsEstimated": 0.8, "time": "bmo", "revenue": 2809000000, "revenueEstimated": null, "fiscalDateEnding": "2018-12-30", "updatedFromDate": "2023-09-29"}, {"date": "2019-02-26", "symbol": "002507.SZ", "eps": 0.18, "epsEstimated": null, "time": "bmo", "revenue": 369224384.41, "revenueEstimated": null, "fiscalDateEnding": "2018-12-30", "updatedFromDate": "2023-08-16"}, {"date": "2019-02-26", "symbol": "GWPH", "eps": -2.4, "epsEstimated": -2.9, "time": "amc", "revenue": null, "revenueEstimated": 23430791.666666664, "fiscalDateEnding": "2018-12-30", "updatedFromDate": "2023-05-17"}, {"date": "2019-02-26", "symbol": "IVL.BK", "eps": 0.35, "epsEstimated": 0.62, "time": "bmo", "revenue": 91435880000, "revenueEstimated": null, "fiscalDateEnding": "2018-12-30", "updatedFromDate": "2023-05-17"}, {"date": "2019-02-26", "symbol": "QH.BK", "eps": 0.07, "epsEstimated": 0.09, "time": "bmo", "revenue": 4965898278, "revenueEstimated": null, "fiscalDateEnding": "2018-12-30", "updatedFromDate": "2023-05-17"}, {"date": "2019-02-26", "symbol": "CMZOF", "eps": null, "epsEstimated": null, "time": "bmo", "revenue": null, "revenueEstimated": null, "fiscalDateEnding": "2018-12-31", "updatedFromDate": "2023-05-17"}, {"date": "2019-02-26", "symbol": "FRPT", "eps": 0.05, "epsEstimated": 0.09, "time": "amc", "revenue": 51643303, "revenueEstimated": 92957939.99999999, "fiscalDateEnding": "2018-12-30", "updatedFromDate": "2023-09-29"}, {"date": "2019-02-26", "symbol": "BPMC", "eps": -1.83, "epsEstimated": -1.68, "time": "bmo", "revenue": 1033000, "revenueEstimated": 993486.3387978142, "fiscalDateEnding": "2018-12-30", "updatedFromDate": "2023-09-29"}, {"date": "2019-02-26", "symbol": "DISCA", "eps": 0.74, "epsEstimated": 0.8, "time": "bmo", "revenue": 2809000000, "revenueEstimated": 3036756756.756757, "fiscalDateEnding": "2018-12-30", "updatedFromDate": "2023-05-17"}, {"date": "2019-02-26", "symbol": "LPH.BK", "eps": 0.02312, "epsEstimated": null, "time": "bmo", "revenue": 377749574.69, "revenueEstimated": null, "fiscalDateEnding": "2018-12-31", "updatedFromDate": "2023-05-17"}, {"date": "2019-02-26", "symbol": "TRI", "eps": 0.21, "epsEstimated": 0.06, "time": "bmo", "revenue": 1519000000, "revenueEstimated": 2036000000, "fiscalDateEnding": "2018-12-31", "updatedFromDate": "2023-09-29"}, {"date": "2019-02-26", "symbol": "ASXC", "eps": 0.91, "epsEstimated": 0.83, "time": "amc", "revenue": 7524000, "revenueEstimated": null, "fiscalDateEnding": "2018-12-30", "updatedFromDate": "2023-09-29"}, {"date": "2019-02-26", "symbol": "RTRX", "eps": -0.18, "epsEstimated": -0.48, "time": "bmo", "revenue": 43771000, "revenueEstimated": 116722666.66666669, "fiscalDateEnding": "2018-12-30", "updatedFromDate": "2023-05-17"}, {"date": "2019-02-26", "symbol": "WIPKF", "eps": 0.41, "epsEstimated": 0.48, "time": "bmo", "revenue": null, "revenueEstimated": null, "fiscalDateEnding": "2018-12-31", "updatedFromDate": "2023-05-17"}, {"date": "2019-02-26", "symbol": "002762.SZ", "eps": -0.05854, "epsEstimated": null, "time": "bmo", "revenue": 137067202.89, "revenueEstimated": null, "fiscalDateEnding": "2018-12-30", "updatedFromDate": "2023-05-17"}, {"date": "2019-02-26", "symbol": "SIM", "eps": 3.58, "epsEstimated": 5.46, "time": "bmo", "revenue": 8798180000, "revenueEstimated": null, "fiscalDateEnding": "2018-12-31", "updatedFromDate": "2023-09-29"}, {"date": "2019-02-26", "symbol": "RAIL", "eps": -0.58, "epsEstimated": -0.45, "time": "amc", "revenue": 87835000, "revenueEstimated": 66633448.275862075, "fiscalDateEnding": "2018-12-30", "updatedFromDate": "2023-09-29"}, {"date": "2019-02-26", "symbol": "SPNS", "eps": 0.16, "epsEstimated": 0.14, "time": "bmo", "revenue": 73311000, "revenueEstimated": 64147125.00000001, "fiscalDateEnding": "2018-12-31", "updatedFromDate": "2023-09-29"}, {"date": "2019-02-26", "symbol": "AXON", "eps": 0.08, "epsEstimated": 0.11, "time": "amc", "revenue": 114791000, "revenueEstimated": null, "fiscalDateEnding": "2018-12-30", "updatedFromDate": "2023-09-29"}, {"date": "2019-02-26", "symbol": "COR.LS", "eps": 0.1413, "epsEstimated": null, "time": "bmo", "revenue": 179359000, "revenueEstimated": null, "fiscalDateEnding": "2018-12-30", "updatedFromDate": "2023-08-16"}, {"date": "2019-02-26", "symbol": "MALEE.BK", "eps": -0.52, "epsEstimated": -0.05, "time": "bmo", "revenue": 1301922000, "revenueEstimated": null, "fiscalDateEnding": "2018-11-26", "updatedFromDate": "2023-05-17"}, {"date": "2019-02-26", "symbol": "QSCGF", "eps": null, "epsEstimated": null, "time": "bmo", "revenue": null, "revenueEstimated": null, "fiscalDateEnding": "2018-12-31", "updatedFromDate": "2023-05-17"}, {"date": "2019-02-26", "symbol": "RLGY", "eps": 0.04, "epsEstimated": 0.12, "time": "bmo", "revenue": 1354000000, "revenueEstimated": 3170999999.9999995, "fiscalDateEnding": "2018-12-30", "updatedFromDate": "2023-08-16"}, {"date": "2019-02-26", "symbol": "LODE", "eps": -0.15, "epsEstimated": null, "time": "bmo", "revenue": 66343, "revenueEstimated": null, "fiscalDateEnding": "2018-12-30", "updatedFromDate": "2023-09-29"}, {"date": "2019-02-26", "symbol": "PZZA", "eps": 0.15, "epsEstimated": 0.23, "time": "amc", "revenue": 373981000, "revenueEstimated": 450574800.00000006, "fiscalDateEnding": "2018-12-29", "updatedFromDate": "2023-09-29"}, {"date": "2019-02-26", "symbol": "VTBR.ME", "eps": 0.00303, "epsEstimated": null, "time": "bmo", "revenue": 142400000000, "revenueEstimated": null, "fiscalDateEnding": "2018-12-31", "updatedFromDate": "2023-10-16"}, {"date": "2019-02-26", "symbol": "002876.SZ", "eps": 0.05, "epsEstimated": 0.0287, "time": "bmo", "revenue": 241422548.1, "revenueEstimated": null, "fiscalDateEnding": "2018-11-26", "updatedFromDate": "2023-05-17"}, {"date": "2019-02-26", "symbol": "CYD", "eps": 0.68, "epsEstimated": 0.34, "time": "bmo", "revenue": 4163280000, "revenueEstimated": 3757948275.65625, "fiscalDateEnding": "2018-11-26", "updatedFromDate": "2023-09-29"}, {"date": "2019-02-26", "symbol": "MKKOF", "eps": 0.16, "epsEstimated": 0.17, "time": "bmo", "revenue": null, "revenueEstimated": null, "fiscalDateEnding": "2018-12-31", "updatedFromDate": "2023-05-17"}, {"date": "2019-02-26", "symbol": "NLLSF", "eps": -0.05, "epsEstimated": -0.03, "time": "bmo", "revenue": null, "revenueEstimated": null, "fiscalDateEnding": "2018-12-31", "updatedFromDate": "2023-05-17"}, {"date": "2019-02-26", "symbol": "PUTKF", "eps": 551, "epsEstimated": 691.13, "time": "bmo", "revenue": null, "revenueEstimated": 51937604.1923775, "fiscalDateEnding": "2018-12-31", "updatedFromDate": "2023-05-17"}, {"date": "2019-02-26", "symbol": "ORA.TA", "eps": 0.42, "epsEstimated": 0.57, "time": "bmo", "revenue": 190465000, "revenueEstimated": null, "fiscalDateEnding": "2018-12-30", "updatedFromDate": "2023-08-16"}, {"date": "2019-02-26", "symbol": "BAS.F", "eps": 0.66, "epsEstimated": 0.62, "time": "bmo", "revenue": 15586000000, "revenueEstimated": null, "fiscalDateEnding": "2018-12-30", "updatedFromDate": "2023-05-17"}, {"date": "2019-02-26", "symbol": "4004.SR", "eps": 0.03, "epsEstimated": 0.33, "time": "bmo", "revenue": 321147481, "revenueEstimated": null, "fiscalDateEnding": "2018-11-26", "updatedFromDate": "2023-05-17"}, {"date": "2019-02-26", "symbol": "PSA", "eps": 2.17, "epsEstimated": 2.11, "time": "amc", "revenue": 692460000, "revenueEstimated": 673313640.5529954, "fiscalDateEnding": "2018-12-30", "updatedFromDate": "2023-09-29"}, {"date": "2019-02-26", "symbol": "GORO", "eps": 0.01, "epsEstimated": null, "time": "bmo", "revenue": 28131000, "revenueEstimated": null, "fiscalDateEnding": "2018-12-30", "updatedFromDate": "2023-09-29"}, {"date": "2019-02-26", "symbol": "EPZM", "eps": -0.29, "epsEstimated": -0.47, "time": "bmo", "revenue": 9700000, "revenueEstimated": 15720689.655172413, "fiscalDateEnding": "2018-12-30", "updatedFromDate": "2023-05-17"}, {"date": "2019-02-26", "symbol": "POMO4.SA", "eps": 0.08, "epsEstimated": 0.05, "time": "bmo", "revenue": 1239834000, "revenueEstimated": null, "fiscalDateEnding": "2018-12-30", "updatedFromDate": "2023-08-16"}, {"date": "2019-02-26", "symbol": "FLU.VI", "eps": 0.4085, "epsEstimated": null, "time": "bmo", "revenue": 799661300, "revenueEstimated": null, "fiscalDateEnding": "2018-12-30", "updatedFromDate": "2023-05-17"}, {"date": "2019-02-26", "symbol": "007810.KS", "eps": -498, "epsEstimated": null, "time": "bmo", "revenue": 130699223220, "revenueEstimated": null, "fiscalDateEnding": "2018-12-30", "updatedFromDate": "2023-05-17"}, {"date": "2019-02-26", "symbol": "MED", "eps": 1.3, "epsEstimated": 1.21, "time": "amc", "revenue": 145844000, "revenueEstimated": 135747107.69230768, "fiscalDateEnding": "2018-12-30", "updatedFromDate": "2023-09-29"}, {"date": "2019-02-26", "symbol": "VTRSV", "eps": 1.3, "epsEstimated": 1.36, "time": "bmo", "revenue": null, "revenueEstimated": null, "fiscalDateEnding": "2018-12-31", "updatedFromDate": "2023-05-17"}, {"date": "2019-02-26", "symbol": "300132.SZ", "eps": 0.2111, "epsEstimated": null, "time": "bmo", "revenue": 331468528.8, "revenueEstimated": null, "fiscalDateEnding": "2018-11-26", "updatedFromDate": "2023-05-17"}, {"date": "2019-02-26", "symbol": "PEN", "eps": 0.13, "epsEstimated": 0.11, "time": "amc", "revenue": 120793000, "revenueEstimated": 111501230.76923077, "fiscalDateEnding": "2018-12-30", "updatedFromDate": "2023-09-29"}, {"date": "2019-02-26", "symbol": "DISCK", "eps": 0.74, "epsEstimated": 0.82, "time": "bmo", "revenue": 2809000000, "revenueEstimated": 3112675675.675676, "fiscalDateEnding": "2018-12-30", "updatedFromDate": "2023-08-16"}, {"date": "2019-02-26", "symbol": "WNGRF", "eps": 1.2, "epsEstimated": null, "time": "bmo", "revenue": 48568000000, "revenueEstimated": null, "fiscalDateEnding": "2018-12-31", "updatedFromDate": "2023-09-29"}, {"date": "2019-02-26", "symbol": "300655.SZ", "eps": null, "epsEstimated": null, "time": "bmo", "revenue": null, "revenueEstimated": null, "fiscalDateEnding": "2018-12-31", "updatedFromDate": "2023-08-16"}, {"date": "2019-02-26", "symbol": "MASTERPLAST.BD", "eps": 0.03877, "epsEstimated": null, "time": "bmo", "revenue": 23229845, "revenueEstimated": null, "fiscalDateEnding": "2018-12-31", "updatedFromDate": "2023-05-17"}, {"date": "2019-02-26", "symbol": "095570.KS", "eps": 1420.82, "epsEstimated": null, "time": "bmo", "revenue": 277533069000, "revenueEstimated": null, "fiscalDateEnding": "2019-03-30", "updatedFromDate": "2023-05-17"}, {"date": "2019-02-26", "symbol": "DWWEF", "eps": null, "epsEstimated": null, "time": "amc", "revenue": null, "revenueEstimated": null, "fiscalDateEnding": "2019-06-30", "updatedFromDate": "2023-05-17"}, {"date": "2019-02-26", "symbol": "PTQQF", "eps": null, "epsEstimated": null, "time": "bmo", "revenue": null, "revenueEstimated": null, "fiscalDateEnding": "2018-12-31", "updatedFromDate": "2023-05-17"}, {"date": "2019-02-26", "symbol": "HUSKF", "eps": 0.19, "epsEstimated": 0.2, "time": "bmo", "revenue": null, "revenueEstimated": 3505263.1578947366, "fiscalDateEnding": "2018-09-30", "updatedFromDate": "2023-05-17"}, {"date": "2019-02-26", "symbol": "P8Z.SI", "eps": null, "epsEstimated": null, "time": "bmo", "revenue": null, "revenueEstimated": null, "fiscalDateEnding": "2018-12-31", "updatedFromDate": "2023-05-17"}, {"date": "2019-02-26", "symbol": "MITT", "eps": 1.41, "epsEstimated": 0.51, "time": "amc", "revenue": -25600000, "revenueEstimated": 44926659.57446809, "fiscalDateEnding": "2018-12-30", "updatedFromDate": "2023-09-29"}, {"date": "2019-02-26", "symbol": "MNKKQ", "eps": 2.18, "epsEstimated": 1.92, "time": "bmo", "revenue": 1371300000, "revenueEstimated": 1185603125, "fiscalDateEnding": "2018-12-30", "updatedFromDate": "2023-10-10"}, {"date": "2019-02-26", "symbol": "TSMTF", "eps": null, "epsEstimated": null, "time": "bmo", "revenue": null, "revenueEstimated": null, "fiscalDateEnding": "2018-12-31", "updatedFromDate": "2023-08-16"}, {"date": "2019-02-26", "symbol": "PANHF", "eps": null, "epsEstimated": null, "time": "bmo", "revenue": null, "revenueEstimated": null, "fiscalDateEnding": "2018-12-31", "updatedFromDate": "2023-05-17"}, {"date": "2019-02-26", "symbol": "6477.TW", "eps": 0.685, "epsEstimated": null, "time": "bmo", "revenue": 447132000, "revenueEstimated": null, "fiscalDateEnding": "2018-12-30", "updatedFromDate": "2023-08-16"}, {"date": "2019-02-26", "symbol": "FMOCF", "eps": 0.19, "epsEstimated": null, "time": "bmo", "revenue": null, "revenueEstimated": null, "fiscalDateEnding": "2018-12-31", "updatedFromDate": "2023-05-17"}, {"date": "2019-02-26", "symbol": "BDRFF", "eps": null, "epsEstimated": null, "time": "bmo", "revenue": null, "revenueEstimated": null, "fiscalDateEnding": "2018-12-31", "updatedFromDate": "2023-05-17"}, {"date": "2019-02-26", "symbol": "HKXCF", "eps": 1.46, "epsEstimated": 1.65, "time": "bmo", "revenue": null, "revenueEstimated": null, "fiscalDateEnding": "2018-12-31", "updatedFromDate": "2023-05-17"}, {"date": "2019-02-26", "symbol": "SAYFF", "eps": null, "epsEstimated": null, "time": "bmo", "revenue": null, "revenueEstimated": null, "fiscalDateEnding": "2018-12-31", "updatedFromDate": "2023-05-17"}, {"date": "2019-02-26", "symbol": "ZZZ.TO", "eps": 0.4, "epsEstimated": 0.43, "time": "bmo", "revenue": 160104000, "revenueEstimated": null, "fiscalDateEnding": "2018-12-30", "updatedFromDate": "2023-05-17"}, {"date": "2019-02-26", "symbol": "WHLR", "eps": -12.5, "epsEstimated": null, "time": "amc", "revenue": 16067000, "revenueEstimated": null, "fiscalDateEnding": "2018-12-30", "updatedFromDate": "2023-09-29"}, {"date": "2019-02-26", "symbol": "HSKA", "eps": 0.44, "epsEstimated": 0.76, "time": "bmo", "revenue": 34064000, "revenueEstimated": 58839545.45454545, "fiscalDateEnding": "2018-12-30", "updatedFromDate": "2023-09-29"}, {"date": "2019-02-26", "symbol": "300602.SZ", "eps": null, "epsEstimated": null, "time": "bmo", "revenue": null, "revenueEstimated": null, "fiscalDateEnding": "2018-12-31", "updatedFromDate": "2023-05-17"}, {"date": "2019-02-26", "symbol": "CDPYF", "eps": 5.12, "epsEstimated": null, "time": "bmo", "revenue": null, "revenueEstimated": null, "fiscalDateEnding": "2018-12-31", "updatedFromDate": "2023-05-17"}, {"date": "2019-02-26", "symbol": "WYND", "eps": 1.27, "epsEstimated": 1.27, "time": "bmo", "revenue": 955000000, "revenueEstimated": 955000000, "fiscalDateEnding": "2018-12-30", "updatedFromDate": "2023-05-17"}, {"date": "2019-02-26", "symbol": "1301.SR", "eps": -0.24021, "epsEstimated": null, "time": "bmo", "revenue": 137726505, "revenueEstimated": null, "fiscalDateEnding": "2018-12-30", "updatedFromDate": "2023-05-17"}, {"date": "2019-02-26", "symbol": "WTTR", "eps": 0.2, "epsEstimated": 0.19, "time": "amc", "revenue": 362318000, "revenueEstimated": 465837428.57142854, "fiscalDateEnding": "2018-12-30", "updatedFromDate": "2023-09-29"}, {"date": "2019-02-26", "symbol": "002152.SZ", "eps": 0.1, "epsEstimated": null, "time": "bmo", "revenue": 2203061388.31, "revenueEstimated": null, "fiscalDateEnding": "2018-12-30", "updatedFromDate": "2023-05-17"}, {"date": "2019-02-26", "symbol": "TTAPF", "eps": 0.17, "epsEstimated": 0.18, "time": "bmo", "revenue": null, "revenueEstimated": null, "fiscalDateEnding": "2018-12-31", "updatedFromDate": "2023-08-16"}, {"date": "2019-02-26", "symbol": "MYL", "eps": 1.3, "epsEstimated": 1.36, "time": "bmo", "revenue": 3078700000, "revenueEstimated": 3220793846.1538463, "fiscalDateEnding": "2018-12-30", "updatedFromDate": "2023-05-17"}, {"date": "2019-02-26", "symbol": "LVC.WA", "eps": 0.53, "epsEstimated": null, "time": "bmo", "revenue": 32319189, "revenueEstimated": null, "fiscalDateEnding": "2018-11-26", "updatedFromDate": "2023-10-17"}, {"date": "2019-02-26", "symbol": "DRM.TO", "eps": 0.56, "epsEstimated": 0.55, "time": "bmo", "revenue": 160935000, "revenueEstimated": null, "fiscalDateEnding": "2018-12-30", "updatedFromDate": "2023-05-17"}, {"date": "2019-02-26", "symbol": "TOL", "eps": 0.76, "epsEstimated": 0.61, "time": "amc", "revenue": 1363181000, "revenueEstimated": 1094132118.4210525, "fiscalDateEnding": "2019-01-30", "updatedFromDate": "2023-09-29"}, {"date": "2019-02-26", "symbol": "ATRRF", "eps": null, "epsEstimated": null, "time": "bmo", "revenue": null, "revenueEstimated": null, "fiscalDateEnding": "2018-12-31", "updatedFromDate": "2023-05-17"}, {"date": "2019-02-26", "symbol": "MINOF", "eps": 0.28, "epsEstimated": 0.27, "time": "bmo", "revenue": null, "revenueEstimated": null, "fiscalDateEnding": "2018-12-31", "updatedFromDate": "2023-05-17"}, {"date": "2019-02-26", "symbol": "GZPZF", "eps": null, "epsEstimated": null, "time": "bmo", "revenue": null, "revenueEstimated": null, "fiscalDateEnding": "2018-12-31", "updatedFromDate": "2023-08-16"}, {"date": "2019-02-26", "symbol": "002120.SZ", "eps": 0.24, "epsEstimated": null, "time": "bmo", "revenue": 4607964010.6, "revenueEstimated": null, "fiscalDateEnding": "2018-12-30", "updatedFromDate": "2023-08-16"}, {"date": "2019-02-26", "symbol": "MMSI", "eps": 0.48, "epsEstimated": 0.45, "time": "amc", "revenue": 233249000, "revenueEstimated": 218670937.5, "fiscalDateEnding": "2018-12-30", "updatedFromDate": "2023-09-29"}, {"date": "2019-02-26", "symbol": "ELEZF", "eps": 0.21, "epsEstimated": null, "time": "bmo", "revenue": null, "revenueEstimated": null, "fiscalDateEnding": "2018-12-31", "updatedFromDate": "2023-05-17"}, {"date": "2019-02-26", "symbol": "CHCT", "eps": -0.12, "epsEstimated": 0.41, "time": "amc", "revenue": 12194000, "revenueEstimated": null, "fiscalDateEnding": "2018-12-30", "updatedFromDate": "2023-09-29"}, {"date": "2019-02-26", "symbol": "VVX", "eps": 0.73, "epsEstimated": 0.78, "time": "amc", "revenue": 329560000, "revenueEstimated": 352132602.739726, "fiscalDateEnding": "2018-12-30", "updatedFromDate": "2023-09-29"}, {"date": "2019-02-26", "symbol": "2458.TW", "eps": 1.36, "epsEstimated": 1.37, "time": "bmo", "revenue": 2283955000, "revenueEstimated": null, "fiscalDateEnding": "2018-12-30", "updatedFromDate": "2023-05-17"}, {"date": "2019-02-26", "symbol": "PSA-PM", "eps": 2.17, "epsEstimated": 2.11, "time": "bmo", "revenue": 692460000, "revenueEstimated": null, "fiscalDateEnding": "2018-12-30", "updatedFromDate": "2023-05-17"}, {"date": "2019-02-26", "symbol": "BCC", "eps": -0.28, "epsEstimated": -0.08, "time": "bmo", "revenue": 1065805000, "revenueEstimated": 34566648.64864877, "fiscalDateEnding": "2018-12-30", "updatedFromDate": "2023-09-29"}, {"date": "2019-02-26", "symbol": "SLR.MC", "eps": 0.02, "epsEstimated": 0.038, "time": "bmo", "revenue": 4481000, "revenueEstimated": null, "fiscalDateEnding": "2018-12-30", "updatedFromDate": "2023-05-17"}, {"date": "2019-02-26", "symbol": "WTON.JK", "eps": 23.7, "epsEstimated": null, "time": "bmo", "revenue": 2825096056410, "revenueEstimated": null, "fiscalDateEnding": "2018-12-30", "updatedFromDate": "2023-05-17"}, {"date": "2019-02-26", "symbol": "VVUSQ", "eps": -0.42, "epsEstimated": -0.53, "time": "bmo", "revenue": null, "revenueEstimated": 21871333.333333336, "fiscalDateEnding": "2018-12-31", "updatedFromDate": "2023-05-17"}, {"date": "2019-02-26", "symbol": "WBRBY", "eps": 0.16, "epsEstimated": null, "time": "bmo", "revenue": 809884000, "revenueEstimated": null, "fiscalDateEnding": "2018-12-30", "updatedFromDate": "2023-05-17"}, {"date": "2019-02-26", "symbol": "MTRO.L", "eps": 7.1, "epsEstimated": 9, "time": "bmo", "revenue": 107500000, "revenueEstimated": null, "fiscalDateEnding": "2018-11-26", "updatedFromDate": "2023-05-17"}, {"date": "2019-02-26", "symbol": "WHLRP", "eps": -8.86252, "epsEstimated": null, "time": "bmo", "revenue": 16067000, "revenueEstimated": null, "fiscalDateEnding": "2018-12-30", "updatedFromDate": "2023-05-17"}, {"date": "2019-02-26", "symbol": "PSPN.SW", "eps": 0.9, "epsEstimated": 0.93, "time": "bmo", "revenue": 74277000, "revenueEstimated": null, "fiscalDateEnding": "2018-12-30", "updatedFromDate": "2023-08-16"}, {"date": "2019-02-26", "symbol": "BBSI", "eps": 2.21, "epsEstimated": 1.57, "time": "amc", "revenue": 237832000, "revenueEstimated": 168957574.6606335, "fiscalDateEnding": "2018-12-30", "updatedFromDate": "2023-09-29"}, {"date": "2019-02-26", "symbol": "300559.SZ", "eps": null, "epsEstimated": null, "time": "bmo", "revenue": null, "revenueEstimated": null, "fiscalDateEnding": "2018-12-31", "updatedFromDate": "2023-05-17"}, {"date": "2019-02-26", "symbol": "QIPT", "eps": 0.00462, "epsEstimated": null, "time": "bmo", "revenue": 15932101.348722, "revenueEstimated": null, "fiscalDateEnding": "2018-12-31", "updatedFromDate": "2023-09-29"}, {"date": "2019-02-26", "symbol": "CGEN", "eps": -0.16, "epsEstimated": -0.21, "time": "bmo", "revenue": null, "revenueEstimated": null, "fiscalDateEnding": "2018-12-31", "updatedFromDate": "2023-09-29"}, {"date": "2019-02-26", "symbol": "WW", "eps": 0.46, "epsEstimated": 0.6, "time": "bmo", "revenue": 330386000, "revenueEstimated": 430938260.86956525, "fiscalDateEnding": "2018-12-28", "updatedFromDate": "2023-09-29"}, {"date": "2019-02-26", "symbol": "NHVCF", "eps": null, "epsEstimated": null, "time": "amc", "revenue": null, "revenueEstimated": null, "fiscalDateEnding": "2018-12-31", "updatedFromDate": "2023-05-17"}, {"date": "2019-02-26", "symbol": "000708.SZ", "eps": 0.1698, "epsEstimated": null, "time": "bmo", "revenue": 3164754271.08, "revenueEstimated": null, "fiscalDateEnding": "2018-12-30", "updatedFromDate": "2023-05-17"}, {"date": "2019-02-26", "symbol": "002402.SZ", "eps": 0.0468, "epsEstimated": null, "time": "bmo", "revenue": 758299018.85, "revenueEstimated": null, "fiscalDateEnding": "2018-12-30", "updatedFromDate": "2023-05-17"}, {"date": "2019-02-26", "symbol": "CLVS", "eps": -1.88, "epsEstimated": -1.72, "time": "bmo", "revenue": 30351000, "revenueEstimated": 27767936.170212768, "fiscalDateEnding": "2018-12-30", "updatedFromDate": "2023-05-17"}, {"date": "2019-02-26", "symbol": "ENGGF", "eps": 0.49, "epsEstimated": null, "time": "bmo", "revenue": null, "revenueEstimated": null, "fiscalDateEnding": "2018-12-31", "updatedFromDate": "2023-05-17"}, {"date": "2019-02-26", "symbol": "INGN", "eps": 0.44, "epsEstimated": 0.25, "time": "amc", "revenue": 86531000, "revenueEstimated": 77099121, "fiscalDateEnding": "2018-12-30", "updatedFromDate": "2023-09-29"}, {"date": "2019-02-26", "symbol": "FALABELLA.SN", "eps": 58.8, "epsEstimated": 83.95, "time": "bmo", "revenue": 2558862109000, "revenueEstimated": null, "fiscalDateEnding": "2018-12-30", "updatedFromDate": "2023-08-16"}, {"date": "2019-02-26", "symbol": "MITT-PC", "eps": 0.47, "epsEstimated": 0.51, "time": "bmo", "revenue": null, "revenueEstimated": null, "fiscalDateEnding": "2018-12-30", "updatedFromDate": "2023-05-17"}, {"date": "2019-02-26", "symbol": "PRS.MC", "eps": null, "epsEstimated": null, "time": "bmo", "revenue": null, "revenueEstimated": null, "fiscalDateEnding": "2018-12-31", "updatedFromDate": "2023-05-17"}, {"date": "2019-02-26", "symbol": "SIMECB.MX", "eps": 1.19, "epsEstimated": 1.93, "time": "bmo", "revenue": null, "revenueEstimated": null, "fiscalDateEnding": "2018-12-31", "updatedFromDate": "2023-05-31"}, {"date": "2019-02-26", "symbol": "ARKAF", "eps": 1.13, "epsEstimated": 1.1, "time": "bmo", "revenue": null, "revenueEstimated": null, "fiscalDateEnding": "2018-12-31", "updatedFromDate": "2023-05-17"}, {"date": "2019-02-26", "symbol": "IMMR", "eps": -0.02, "epsEstimated": -0.11, "time": "amc", "revenue": 10867000, "revenueEstimated": 48901500, "fiscalDateEnding": "2018-12-30", "updatedFromDate": "2023-09-29"}, {"date": "2019-02-26", "symbol": "002217.SZ", "eps": 0.05, "epsEstimated": null, "time": "bmo", "revenue": 3752282143.55, "revenueEstimated": null, "fiscalDateEnding": "2018-12-30", "updatedFromDate": "2023-05-17"}, {"date": "2019-02-26", "symbol": "THRE.BK", "eps": 0.01, "epsEstimated": null, "time": "bmo", "revenue": 1120509629, "revenueEstimated": null, "fiscalDateEnding": "2018-11-26", "updatedFromDate": "2023-05-17"}, {"date": "2019-02-26", "symbol": "PANW", "eps": 0.5, "epsEstimated": 0.41, "time": "amc", "revenue": 711200000, "revenueEstimated": 574611920.5298014, "fiscalDateEnding": "2019-01-30", "updatedFromDate": "2023-09-29"}, {"date": "2019-02-26", "symbol": "002751.SZ", "eps": 0.16, "epsEstimated": null, "time": "bmo", "revenue": 530915937.46, "revenueEstimated": null, "fiscalDateEnding": "2018-12-30", "updatedFromDate": "2023-05-17"}, {"date": "2019-02-26", "symbol": "AZO", "eps": 11.49, "epsEstimated": 9.96, "time": "bmo", "revenue": 2641733000, "revenueEstimated": 2124252156.6579638, "fiscalDateEnding": "2018-11-16", "updatedFromDate": "2023-09-29"}, {"date": "2019-02-26", "symbol": "SPNS.TA", "eps": 0.16, "epsEstimated": 0.14, "time": "bmo", "revenue": null, "revenueEstimated": null, "fiscalDateEnding": "2018-12-31", "updatedFromDate": "2023-05-17"}, {"date": "2019-02-26", "symbol": "300685.SZ", "eps": null, "epsEstimated": null, "time": "bmo", "revenue": null, "revenueEstimated": null, "fiscalDateEnding": "2018-12-31", "updatedFromDate": "2023-05-17"}, {"date": "2019-02-26", "symbol": "VYGR", "eps": -0.7, "epsEstimated": -0.66, "time": "amc", "revenue": 2008000, "revenueEstimated": 2008000, "fiscalDateEnding": "2018-12-30", "updatedFromDate": "2023-09-29"}, {"date": "2019-02-26", "symbol": "CBRL", "eps": 2.52, "epsEstimated": 2.5, "time": "bmo", "revenue": 811707000, "revenueEstimated": 805264880.952381, "fiscalDateEnding": "2019-01-31", "updatedFromDate": "2023-09-29"}, {"date": "2019-02-26", "symbol": "300729.SZ", "eps": null, "epsEstimated": null, "time": "bmo", "revenue": null, "revenueEstimated": null, "fiscalDateEnding": "2018-12-31", "updatedFromDate": "2023-05-17"}, {"date": "2019-02-26", "symbol": "070960.KS", "eps": -124, "epsEstimated": null, "time": "bmo", "revenue": 27659472840, "revenueEstimated": null, "fiscalDateEnding": "2018-12-30", "updatedFromDate": "2023-05-17"}, {"date": "2019-02-26", "symbol": "PCELF", "eps": -0.2, "epsEstimated": -0.4, "time": "bmo", "revenue": null, "revenueEstimated": null, "fiscalDateEnding": "2018-12-31", "updatedFromDate": "2023-05-17"}, {"date": "2019-02-26", "symbol": "SOTDF", "eps": null, "epsEstimated": 1.36, "time": "bmo", "revenue": null, "revenueEstimated": null, "fiscalDateEnding": "2018-12-31", "updatedFromDate": "2023-08-16"}, {"date": "2019-02-26", "symbol": "9940.TW", "eps": 1.12, "epsEstimated": null, "time": "bmo", "revenue": 5390624000, "revenueEstimated": null, "fiscalDateEnding": "2018-12-30", "updatedFromDate": "2023-05-17"}, {"date": "2019-02-26", "symbol": "TNL", "eps": 1.27, "epsEstimated": 1.27, "time": "bmo", "revenue": 956000000, "revenueEstimated": null, "fiscalDateEnding": "2018-12-30", "updatedFromDate": "2023-09-29"}, {"date": "2019-02-26", "symbol": "SPALI.BK", "eps": 1.34, "epsEstimated": 0.78, "time": "bmo", "revenue": 8591858633, "revenueEstimated": null, "fiscalDateEnding": "2018-12-31", "updatedFromDate": "2023-05-17"}, {"date": "2019-02-26", "symbol": "M.BK", "eps": 0.65, "epsEstimated": 0.75, "time": "bmo", "revenue": 4295345131, "revenueEstimated": null, "fiscalDateEnding": "2018-12-31", "updatedFromDate": "2023-08-25"}, {"date": "2019-02-26", "symbol": "INN", "eps": 0.02, "epsEstimated": 0.28, "time": "amc", "revenue": 132509000, "revenueEstimated": 44169666.66666667, "fiscalDateEnding": "2018-12-30", "updatedFromDate": "2023-09-29"}, {"date": "2019-02-26", "symbol": "300207.SZ", "eps": 0.17, "epsEstimated": 0.2, "time": "bmo", "revenue": 7232612879.57, "revenueEstimated": null, "fiscalDateEnding": "2018-12-30", "updatedFromDate": "2023-05-17"}, {"date": "2019-02-26", "symbol": "Q01.SI", "eps": null, "epsEstimated": null, "time": "bmo", "revenue": null, "revenueEstimated": null, "fiscalDateEnding": "2018-12-31", "updatedFromDate": "2023-05-17"}, {"date": "2019-02-26", "symbol": "TA", "eps": -0.85, "epsEstimated": -1.5, "time": "bmo", "revenue": 1533512000, "revenueEstimated": 1456390611, "fiscalDateEnding": "2018-12-30", "updatedFromDate": "2023-09-29"}, {"date": "2019-02-26", "symbol": "ILPMY", "eps": null, "epsEstimated": null, "time": "bmo", "revenue": null, "revenueEstimated": null, "fiscalDateEnding": "2018-12-31", "updatedFromDate": "2023-05-17"}, {"date": "2019-02-26", "symbol": "BGFV", "eps": -0.16, "epsEstimated": -0.16, "time": "amc", "revenue": 247101000, "revenueEstimated": 247101000, "fiscalDateEnding": "2018-12-29", "updatedFromDate": "2023-09-29"}, {"date": "2019-02-26", "symbol": "REI", "eps": 0.07, "epsEstimated": 0.06, "time": "bmo", "revenue": 27561908, "revenueEstimated": 165371459.99999997, "fiscalDateEnding": "2018-12-30", "updatedFromDate": "2023-09-29"}, {"date": "2019-02-26", "symbol": "SEYMF", "eps": 0.02, "epsEstimated": 0.038, "time": "bmo", "revenue": null, "revenueEstimated": null, "fiscalDateEnding": "2018-12-31", "updatedFromDate": "2023-05-17"}, {"date": "2019-02-26", "symbol": "M&M.NS", "eps": 2.73, "epsEstimated": 2.53, "time": "bmo", "revenue": 239359300000, "revenueEstimated": null, "fiscalDateEnding": "2018-11-26", "updatedFromDate": "2023-10-17"}, {"date": "2019-02-26", "symbol": "002234.SZ", "eps": 0.8, "epsEstimated": null, "time": "bmo", "revenue": 673346894.85, "revenueEstimated": null, "fiscalDateEnding": "2018-12-30", "updatedFromDate": "2023-05-17"}, {"date": "2019-02-26", "symbol": "002236.SZ", "eps": 0.33, "epsEstimated": 0.34, "time": "bmo", "revenue": 8634959040.02, "revenueEstimated": null, "fiscalDateEnding": "2018-12-30", "updatedFromDate": "2023-08-16"}, {"date": "2019-02-26", "symbol": "BASFY", "eps": 0.19, "epsEstimated": null, "time": "bmo", "revenue": 15586000000, "revenueEstimated": null, "fiscalDateEnding": "2018-12-31", "updatedFromDate": "2023-09-29"}, {"date": "2019-02-26", "symbol": "BEAUTY.BK", "eps": 0.02322, "epsEstimated": null, "time": "bmo", "revenue": 543891911.99, "revenueEstimated": null, "fiscalDateEnding": "2018-11-26", "updatedFromDate": "2023-05-17"}, {"date": "2019-02-26", "symbol": "090370.KS", "eps": 365, "epsEstimated": null, "time": "bmo", "revenue": 8839873980, "revenueEstimated": null, "fiscalDateEnding": "2018-12-30", "updatedFromDate": "2023-05-17"}, {"date": "2019-02-26", "symbol": "PTMN", "eps": 0.5, "epsEstimated": 0.8, "time": "bmo", "revenue": -9818132, "revenueEstimated": 10004992, "fiscalDateEnding": "2018-12-30", "updatedFromDate": "2023-09-29"}, {"date": "2019-02-26", "symbol": "BJCHI.BK", "eps": 0.00192, "epsEstimated": null, "time": "bmo", "revenue": 381468563.91, "revenueEstimated": null, "fiscalDateEnding": "2018-11-26", "updatedFromDate": "2023-05-17"}, {"date": "2019-02-26", "symbol": "AMWD", "eps": 1.4, "epsEstimated": 1.3, "time": "bmo", "revenue": 384080000, "revenueEstimated": 364876000, "fiscalDateEnding": "2019-01-30", "updatedFromDate": "2023-09-29"}, {"date": "2019-02-26", "symbol": "002049.SZ", "eps": 0.09927, "epsEstimated": null, "time": "bmo", "revenue": 747582867.43, "revenueEstimated": null, "fiscalDateEnding": "2018-12-30", "updatedFromDate": "2023-08-16"}, {"date": "2019-02-26", "symbol": "SAFM", "eps": -0.82, "epsEstimated": -1.55, "time": "bmo", "revenue": 743388000, "revenueEstimated": 1405184634.1463416, "fiscalDateEnding": "2019-01-30", "updatedFromDate": "2023-05-17"}, {"date": "2019-02-26", "symbol": "BNFT", "eps": 0.14, "epsEstimated": 0.1, "time": "amc", "revenue": 74771000, "revenueEstimated": 53407857.142857134, "fiscalDateEnding": "2018-12-30", "updatedFromDate": "2023-05-17"}, {"date": "2019-02-26", "symbol": "KEQU", "eps": -0.01, "epsEstimated": 0.56, "time": "amc", "revenue": 32372000, "revenueEstimated": 1812832000.0000002, "fiscalDateEnding": "2019-01-30", "updatedFromDate": "2023-09-29"}, {"date": "2019-02-26", "symbol": "TRXC", "eps": -0.91, "epsEstimated": -0.83, "time": "bmo", "revenue": 7524000, "revenueEstimated": 6862549.45054945, "fiscalDateEnding": "2018-11-26", "updatedFromDate": "2023-05-17"}, {"date": "2019-02-26", "symbol": "WMGI", "eps": 0.11, "epsEstimated": 0.05, "time": "bmo", "revenue": 238147000, "revenueEstimated": 176824144.125, "fiscalDateEnding": "2018-12-29", "updatedFromDate": "2023-05-17"}, {"date": "2019-02-26", "symbol": "INSP", "eps": -0.22, "epsEstimated": -0.32, "time": "amc", "revenue": 16559000, "revenueEstimated": 23333136.363636363, "fiscalDateEnding": "2018-12-30", "updatedFromDate": "2023-09-29"}, {"date": "2019-02-26", "symbol": "MTO.AX", "eps": -0.03695, "epsEstimated": null, "time": "bmo", "revenue": 87037750, "revenueEstimated": null, "fiscalDateEnding": "2018-11-26", "updatedFromDate": "2023-10-17"}, {"date": "2019-02-26", "symbol": "FLMN", "eps": 0.14, "epsEstimated": 0.19, "time": "amc", "revenue": 26301000, "revenueEstimated": 35694214.28571428, "fiscalDateEnding": "2018-12-30", "updatedFromDate": "2023-05-17"}, {"date": "2019-02-26", "symbol": "TFG.AS", "eps": null, "epsEstimated": null, "time": "bmo", "revenue": null, "revenueEstimated": null, "fiscalDateEnding": "2018-11-26", "updatedFromDate": "2023-05-17"}, {"date": "2019-02-26", "symbol": "BFS-PE", "eps": null, "epsEstimated": null, "time": "bmo", "revenue": 58274000, "revenueEstimated": null, "fiscalDateEnding": "2018-12-30", "updatedFromDate": "2023-05-17"}, {"date": "2019-02-26", "symbol": "HUMAN.BK", "eps": 0.04081, "epsEstimated": null, "time": "bmo", "revenue": 140267261, "revenueEstimated": null, "fiscalDateEnding": "2018-12-30", "updatedFromDate": "2023-08-16"}, {"date": "2019-02-26", "symbol": "2034.TW", "eps": 0.22, "epsEstimated": 0.48, "time": "bmo", "revenue": 4140310000, "revenueEstimated": null, "fiscalDateEnding": "2018-12-30", "updatedFromDate": "2023-05-17"}, {"date": "2019-02-26", "symbol": "012320.KS", "eps": 1431.09, "epsEstimated": null, "time": "bmo", "revenue": 54312532000, "revenueEstimated": null, "fiscalDateEnding": "2018-11-26", "updatedFromDate": "2023-05-17"}, {"date": "2019-02-26", "symbol": "260930.KQ", "eps": 353, "epsEstimated": 297.29, "time": "bmo", "revenue": null, "revenueEstimated": null, "fiscalDateEnding": "2018-12-31", "updatedFromDate": "2023-05-17"}, {"date": "2019-02-26", "symbol": "FTR", "eps": -2.12, "epsEstimated": -0.037, "time": "bmo", "revenue": 2124000000, "revenueEstimated": 40075471.698113196, "fiscalDateEnding": "2018-12-30", "updatedFromDate": "2023-05-17"}, {"date": "2019-02-26", "symbol": "STKL", "eps": -0.11, "epsEstimated": -0.09, "time": "bmo", "revenue": 320521000, "revenueEstimated": 297483551.4375, "fiscalDateEnding": "2018-12-28", "updatedFromDate": "2023-09-29"}, {"date": "2019-02-26", "symbol": "BOUV.OL", "eps": 0.517, "epsEstimated": null, "time": "bmo", "revenue": 535397000, "revenueEstimated": null, "fiscalDateEnding": "2018-12-30", "updatedFromDate": "2023-05-17"}, {"date": "2019-02-26", "symbol": "002615.SZ", "eps": 0.04308, "epsEstimated": null, "time": "bmo", "revenue": 464281966.13, "revenueEstimated": null, "fiscalDateEnding": "2018-12-30", "updatedFromDate": "2023-05-17"}, {"date": "2019-02-26", "symbol": "AALI.JK", "eps": 163.45, "epsEstimated": null, "time": "bmo", "revenue": 5324712000000, "revenueEstimated": null, "fiscalDateEnding": "2018-12-30", "updatedFromDate": "2023-05-17"}, {"date": "2019-02-26", "symbol": "MLTCF", "eps": 0.07, "epsEstimated": 0.69, "time": "bmo", "revenue": null, "revenueEstimated": null, "fiscalDateEnding": "2018-12-31", "updatedFromDate": "2023-05-17"}, {"date": "2019-02-26", "symbol": "MNKD", "eps": -0.06, "epsEstimated": -0.17, "time": "bmo", "revenue": 16032000, "revenueEstimated": 58784000.00000001, "fiscalDateEnding": "2018-12-30", "updatedFromDate": "2023-09-29"}, {"date": "2019-02-26", "symbol": "002648.SZ", "eps": 0.2138, "epsEstimated": null, "time": "bmo", "revenue": 3101849854.13, "revenueEstimated": null, "fiscalDateEnding": "2018-12-31", "updatedFromDate": "2023-08-17"}, {"date": "2019-02-26", "symbol": "ATHM", "eps": 1.31, "epsEstimated": 1.11, "time": "bmo", "revenue": 2187782000, "revenueEstimated": 1819517477.2978961, "fiscalDateEnding": "2018-12-31", "updatedFromDate": "2023-09-29"}, {"date": "2019-02-26", "symbol": "LSG.OL", "eps": 1.41, "epsEstimated": 1.4, "time": "bmo", "revenue": 4746444000, "revenueEstimated": null, "fiscalDateEnding": "2018-11-26", "updatedFromDate": "2023-05-17"}, {"date": "2019-02-26", "symbol": "IGD.MI", "eps": -0.05, "epsEstimated": null, "time": "bmo", "revenue": null, "revenueEstimated": null, "fiscalDateEnding": "2018-12-31", "updatedFromDate": "2023-05-17"}, {"date": "2019-02-26", "symbol": "002090.SZ", "eps": 0.04, "epsEstimated": null, "time": "bmo", "revenue": 530326734.24, "revenueEstimated": null, "fiscalDateEnding": "2018-12-30", "updatedFromDate": "2023-05-17"}, {"date": "2019-02-26", "symbol": "RRD", "eps": 0.64, "epsEstimated": 0.66, "time": "amc", "revenue": 1763400000, "revenueEstimated": 1818506250, "fiscalDateEnding": "2018-12-30", "updatedFromDate": "2023-05-17"}, {"date": "2019-02-26", "symbol": "DIF.BK", "eps": 0.26, "epsEstimated": 0.26, "time": "bmo", "revenue": null, "revenueEstimated": null, "fiscalDateEnding": "2018-12-31", "updatedFromDate": "2023-08-17"}, {"date": "2019-02-26", "symbol": "ASNCF", "eps": null, "epsEstimated": null, "time": "bmo", "revenue": null, "revenueEstimated": null, "fiscalDateEnding": "2018-12-31", "updatedFromDate": "2023-05-17"}, {"date": "2019-02-26", "symbol": "TNDM", "eps": 0.02, "epsEstimated": -0.22, "time": "amc", "revenue": 76199000, "revenueEstimated": 761990000, "fiscalDateEnding": "2018-12-30", "updatedFromDate": "2023-09-29"}, {"date": "2019-02-26", "symbol": "4429.T", "eps": 14.79, "epsEstimated": null, "time": "bmo", "revenue": 761404000, "revenueEstimated": null, "fiscalDateEnding": "2018-11-26", "updatedFromDate": "2023-10-17"}, {"date": "2019-02-26", "symbol": "HURN", "eps": 0.66, "epsEstimated": 0.68, "time": "amc", "revenue": 228680000, "revenueEstimated": 232144848.48484847, "fiscalDateEnding": "2018-12-30", "updatedFromDate": "2023-09-29"}, {"date": "2019-02-26", "symbol": "300689.SZ", "eps": null, "epsEstimated": null, "time": "bmo", "revenue": null, "revenueEstimated": null, "fiscalDateEnding": "2018-12-31", "updatedFromDate": "2023-05-17"}, {"date": "2019-02-26", "symbol": "002299.SZ", "eps": 0.57, "epsEstimated": 0.31, "time": "bmo", "revenue": 3490982286.07, "revenueEstimated": null, "fiscalDateEnding": "2018-12-30", "updatedFromDate": "2023-08-16"}, {"date": "2019-02-26", "symbol": "ASPS", "eps": 0.59, "epsEstimated": 0.33, "time": "bmo", "revenue": 217633000, "revenueEstimated": 171385986.375, "fiscalDateEnding": "2018-12-30", "updatedFromDate": "2023-09-29"}, {"date": "2019-02-26", "symbol": "SMLP", "eps": 5.85, "epsEstimated": 3.21, "time": "bmo", "revenue": 133671000, "revenueEstimated": 132179693.0625, "fiscalDateEnding": "2018-12-30", "updatedFromDate": "2023-09-29"}, {"date": "2019-02-26", "symbol": "PROMO.ST", "eps": -0.22622, "epsEstimated": null, "time": "bmo", "revenue": 461629, "revenueEstimated": null, "fiscalDateEnding": "2019-03-31", "updatedFromDate": "2023-05-17"}, {"date": "2019-02-26", "symbol": "SAMART.BK", "eps": 0.1991, "epsEstimated": null, "time": "bmo", "revenue": 3300688000, "revenueEstimated": null, "fiscalDateEnding": "2018-11-26", "updatedFromDate": "2023-05-17"}, {"date": "2019-02-26", "symbol": "ELEZY", "eps": 0.21, "epsEstimated": null, "time": "bmo", "revenue": 4905000000, "revenueEstimated": null, "fiscalDateEnding": "2018-12-30", "updatedFromDate": "2023-05-17"}, {"date": "2019-02-26", "symbol": "TREE", "eps": 1.22, "epsEstimated": 1.51, "time": "bmo", "revenue": 202672000, "revenueEstimated": 244203147.54098362, "fiscalDateEnding": "2018-12-30", "updatedFromDate": "2023-09-29"}, {"date": "2019-02-26", "symbol": "QFLS.QA", "eps": null, "epsEstimated": null, "time": "bmo", "revenue": null, "revenueEstimated": null, "fiscalDateEnding": "2018-12-31", "updatedFromDate": "2023-08-16"}, {"date": "2019-02-26", "symbol": "DRUNF", "eps": 0.56, "epsEstimated": 0.55, "time": "amc", "revenue": null, "revenueEstimated": null, "fiscalDateEnding": "2018-12-30", "updatedFromDate": "2023-08-16"}, {"date": "2019-02-26", "symbol": "APLS", "eps": -0.65, "epsEstimated": -0.65, "time": "bmo", "revenue": 11542, "revenueEstimated": null, "fiscalDateEnding": "2018-12-30", "updatedFromDate": "2023-09-29"}, {"date": "2019-02-26", "symbol": "CHRD", "eps": -0.11202, "epsEstimated": 0.03, "time": "bmo", "revenue": 2321947000, "revenueEstimated": 1279419000, "fiscalDateEnding": "2018-12-30", "updatedFromDate": "2023-09-29"}, {"date": "2019-02-26", "symbol": "VCEL", "eps": 0.13, "epsEstimated": 0.042, "time": "bmo", "revenue": 31335000, "revenueEstimated": 11394545.454545451, "fiscalDateEnding": "2018-12-30", "updatedFromDate": "2023-09-29"}, {"date": "2019-02-26", "symbol": "FTRCQ", "eps": -2.12, "epsEstimated": -0.037, "time": "bmo", "revenue": null, "revenueEstimated": 5037735.849056602, "fiscalDateEnding": "2018-12-31", "updatedFromDate": "2023-09-29"}, {"date": "2019-02-26", "symbol": "EE.BK", "eps": 0.00312, "epsEstimated": null, "time": "bmo", "revenue": 161768, "revenueEstimated": null, "fiscalDateEnding": "2018-12-30", "updatedFromDate": "2023-05-17"}, {"date": "2019-02-26", "symbol": "300630.SZ", "eps": null, "epsEstimated": null, "time": "bmo", "revenue": null, "revenueEstimated": null, "fiscalDateEnding": "2018-12-31", "updatedFromDate": "2023-05-17"}, {"date": "2019-02-26", "symbol": "MTC.BK", "eps": 0.47, "epsEstimated": 0.49, "time": "bmo", "revenue": 2502889304, "revenueEstimated": null, "fiscalDateEnding": "2018-12-31", "updatedFromDate": "2023-05-17"}, {"date": "2019-02-26", "symbol": "DRQ", "eps": -0.04, "epsEstimated": -0.23, "time": "amc", "revenue": 97335000, "revenueEstimated": 486675000, "fiscalDateEnding": "2018-12-30", "updatedFromDate": "2023-09-29"}, {"date": "2019-02-26", "symbol": "COL.MC", "eps": 0.07, "epsEstimated": 0.07, "time": "bmo", "revenue": 87000000, "revenueEstimated": null, "fiscalDateEnding": "2018-11-26", "updatedFromDate": "2023-05-17"}, {"date": "2019-02-26", "symbol": "AIT.BK", "eps": 0.03452, "epsEstimated": null, "time": "bmo", "revenue": 1093956846, "revenueEstimated": null, "fiscalDateEnding": "2018-12-31", "updatedFromDate": "2023-05-17"}, {"date": "2019-02-26", "symbol": "FPLSF", "eps": 0.05, "epsEstimated": 0.05, "time": "amc", "revenue": 217995000, "revenueEstimated": null, "fiscalDateEnding": "2018-12-31", "updatedFromDate": "2023-09-29"}, {"date": "2019-02-26", "symbol": "PDN.AX", "eps": null, "epsEstimated": null, "time": "bmo", "revenue": null, "revenueEstimated": null, "fiscalDateEnding": "2018-11-26", "updatedFromDate": "2023-10-17"}, {"date": "2019-02-26", "symbol": "NXST", "eps": 3.22, "epsEstimated": 3.4, "time": "bmo", "revenue": 798022000, "revenueEstimated": 842631925.4658386, "fiscalDateEnding": "2018-12-30", "updatedFromDate": "2023-09-29"}, {"date": "2019-02-26", "symbol": "GENTERA.MX", "eps": 0.43, "epsEstimated": 0.43, "time": "bmo", "revenue": null, "revenueEstimated": null, "fiscalDateEnding": "2018-12-31", "updatedFromDate": "2023-05-17"}, {"date": "2019-02-26", "symbol": "PLNT", "eps": 0.34, "epsEstimated": 0.32, "time": "amc", "revenue": 174360000, "revenueEstimated": 164103529.4117647, "fiscalDateEnding": "2018-12-30", "updatedFromDate": "2023-09-29"}, {"date": "2019-02-26", "symbol": "BALDF", "eps": 4.15, "epsEstimated": 3.72, "time": "bmo", "revenue": null, "revenueEstimated": null, "fiscalDateEnding": "2018-12-31", "updatedFromDate": "2023-05-17"}, {"date": "2019-02-26", "symbol": "BLD", "eps": 1.2, "epsEstimated": 1.19, "time": "bmo", "revenue": 639547000, "revenueEstimated": 634217441.6666666, "fiscalDateEnding": "2018-12-30", "updatedFromDate": "2023-09-29"}, {"date": "2019-02-26", "symbol": "002842.SZ", "eps": 0.0875, "epsEstimated": null, "time": "bmo", "revenue": 424442976.7, "revenueEstimated": null, "fiscalDateEnding": "2019-03-30", "updatedFromDate": "2023-05-17"}, {"date": "2019-02-26", "symbol": "COKE", "eps": 1.82, "epsEstimated": 0.13, "time": "amc", "revenue": 1136571000, "revenueEstimated": 79597642.85714294, "fiscalDateEnding": "2018-12-29", "updatedFromDate": "2023-09-29"}, {"date": "2019-02-26", "symbol": "PEO.WA", "eps": 2.85, "epsEstimated": 2.51, "time": "bmo", "revenue": 2063107000, "revenueEstimated": null, "fiscalDateEnding": "2018-12-30", "updatedFromDate": "2023-05-17"}, {"date": "2019-02-26", "symbol": "002783.SZ", "eps": -0.05935, "epsEstimated": null, "time": "bmo", "revenue": 553619288.94, "revenueEstimated": null, "fiscalDateEnding": "2018-12-30", "updatedFromDate": "2023-05-17"}, {"date": "2019-02-26", "symbol": "AHODF", "eps": 0.43, "epsEstimated": 0.42, "time": "bmo", "revenue": 62791000000, "revenueEstimated": null, "fiscalDateEnding": "2018-12-31", "updatedFromDate": "2023-10-16"}, {"date": "2019-02-26", "symbol": "MBNKF", "eps": 7.1, "epsEstimated": 9, "time": "bmo", "revenue": null, "revenueEstimated": null, "fiscalDateEnding": "2018-12-31", "updatedFromDate": "2023-05-17"}, {"date": "2019-02-26", "symbol": "002538.SZ", "eps": 0.163, "epsEstimated": null, "time": "bmo", "revenue": 934829742.41, "revenueEstimated": null, "fiscalDateEnding": "2018-12-30", "updatedFromDate": "2023-05-17"}, {"date": "2019-02-26", "symbol": "BRES.QA", "eps": null, "epsEstimated": null, "time": "bmo", "revenue": null, "revenueEstimated": null, "fiscalDateEnding": "2018-12-31", "updatedFromDate": "2023-05-17"}, {"date": "2019-02-26", "symbol": "ALTA.PA", "eps": 3.59, "epsEstimated": null, "time": "bmo", "revenue": 777450000, "revenueEstimated": null, "fiscalDateEnding": "2018-11-26", "updatedFromDate": "2023-05-17"}, {"date": "2019-02-26", "symbol": "SFL", "eps": 0.14, "epsEstimated": 0.33, "time": "bmo", "revenue": 118571000, "revenueEstimated": null, "fiscalDateEnding": "2018-12-31", "updatedFromDate": "2023-09-29"}, {"date": "2019-02-26", "symbol": "MGNX", "eps": -1.06, "epsEstimated": -0.98, "time": "amc", "revenue": 16451000, "revenueEstimated": 15198000, "fiscalDateEnding": "2018-12-30", "updatedFromDate": "2023-09-29"}, {"date": "2019-02-26", "symbol": "AAXN", "eps": 0.08, "epsEstimated": 0.11, "time": "amc", "revenue": 114791000, "revenueEstimated": 157837625, "fiscalDateEnding": "2018-12-30", "updatedFromDate": "2023-05-17"}, {"date": "2019-02-26", "symbol": "P52.SI", "eps": null, "epsEstimated": null, "time": "bmo", "revenue": null, "revenueEstimated": null, "fiscalDateEnding": "2018-12-31", "updatedFromDate": "2023-05-17"}, {"date": "2019-02-26", "symbol": "084110.KQ", "eps": null, "epsEstimated": null, "time": "bmo", "revenue": null, "revenueEstimated": null, "fiscalDateEnding": "2018-12-31", "updatedFromDate": "2023-05-17"}, {"date": "2019-02-26", "symbol": "MGRC", "eps": 0.99, "epsEstimated": 0.77, "time": "amc", "revenue": 133115000, "revenueEstimated": 103533888.8888889, "fiscalDateEnding": "2018-12-30", "updatedFromDate": "2023-09-29"}, {"date": "2019-02-26", "symbol": "APMRF", "eps": null, "epsEstimated": null, "time": "bmo", "revenue": null, "revenueEstimated": null, "fiscalDateEnding": "2018-12-31", "updatedFromDate": "2023-05-17"}, {"date": "2019-02-26", "symbol": "EIOF.OL", "eps": -0.74127, "epsEstimated": null, "time": "bmo", "revenue": 134464000, "revenueEstimated": null, "fiscalDateEnding": "2018-12-30", "updatedFromDate": "2023-05-17"}, {"date": "2019-02-26", "symbol": "KHNGY", "eps": 0.32, "epsEstimated": null, "time": "bmo", "revenue": 5413000000, "revenueEstimated": null, "fiscalDateEnding": "2018-12-31", "updatedFromDate": "2023-09-29"}, {"date": "2019-02-26", "symbol": "300119.SZ", "eps": null, "epsEstimated": null, "time": "bmo", "revenue": null, "revenueEstimated": null, "fiscalDateEnding": "2018-12-31", "updatedFromDate": "2023-08-16"}, {"date": "2019-02-26", "symbol": "SDRLF", "eps": -1.89, "epsEstimated": -1.93, "time": "bmo", "revenue": 302000000, "revenueEstimated": null, "fiscalDateEnding": "2018-11-26", "updatedFromDate": "2023-05-17"}, {"date": "2019-02-26", "symbol": "CEVMF", "eps": 0.57, "epsEstimated": null, "time": "bmo", "revenue": null, "revenueEstimated": null, "fiscalDateEnding": "2018-12-31", "updatedFromDate": "2023-08-16"}, {"date": "2019-02-26", "symbol": "GOD.OL", "eps": -2.53434, "epsEstimated": null, "time": "bmo", "revenue": 105383000, "revenueEstimated": null, "fiscalDateEnding": "2018-12-31", "updatedFromDate": "2023-08-17"}, {"date": "2019-02-26", "symbol": "008060.KS", "eps": 14291.71, "epsEstimated": null, "time": "bmo", "revenue": null, "revenueEstimated": null, "fiscalDateEnding": "2018-12-31", "updatedFromDate": "2023-05-17"}, {"date": "2019-02-26", "symbol": "MNK", "eps": 2.18, "epsEstimated": 1.92, "time": "bmo", "revenue": 834900000, "revenueEstimated": 735324770.6422018, "fiscalDateEnding": "2018-12-31", "updatedFromDate": "2023-09-29"}, {"date": "2019-02-26", "symbol": "ARHVF", "eps": -0.18, "epsEstimated": -0.008, "time": "bmo", "revenue": null, "revenueEstimated": null, "fiscalDateEnding": "2018-12-31", "updatedFromDate": "2023-05-17"}, {"date": "2019-02-26", "symbol": "SOHOO", "eps": -0.28, "epsEstimated": -0.15, "time": "bmo", "revenue": 43465977, "revenueEstimated": null, "fiscalDateEnding": "2018-12-30", "updatedFromDate": "2023-05-17"}, {"date": "2019-02-26", "symbol": "BMO.TO", "eps": 2.32, "epsEstimated": 2.25, "time": "bmo", "revenue": 6488000000, "revenueEstimated": null, "fiscalDateEnding": "2019-01-31", "updatedFromDate": "2023-05-17"}, {"date": "2019-02-26", "symbol": "ARNA", "eps": 1.35, "epsEstimated": -0.76, "time": "amc", "revenue": 801057000, "revenueEstimated": 4868503.703703705, "fiscalDateEnding": "2018-11-26", "updatedFromDate": "2023-05-17"}, {"date": "2019-02-26", "symbol": "LANDP", "eps": -0.07, "epsEstimated": -0.025, "time": "bmo", "revenue": 8030000, "revenueEstimated": 10840500, "fiscalDateEnding": "2018-09-30", "updatedFromDate": "2023-05-17"}, {"date": "2019-02-26", "symbol": "RILBA.CO", "eps": 6.95, "epsEstimated": 6.09, "time": "bmo", "revenue": 483475000, "revenueEstimated": null, "fiscalDateEnding": "2018-12-30", "updatedFromDate": "2023-07-24"}, {"date": "2019-02-26", "symbol": "002595.SZ", "eps": 0.2, "epsEstimated": null, "time": "bmo", "revenue": 1069538664.86, "revenueEstimated": null, "fiscalDateEnding": "2018-12-30", "updatedFromDate": "2023-05-17"}, {"date": "2019-02-26", "symbol": "ELVT.V", "eps": -0.16419, "epsEstimated": null, "time": "bmo", "revenue": 5792000, "revenueEstimated": null, "fiscalDateEnding": "2018-12-31", "updatedFromDate": "2023-10-16"}, {"date": "2019-02-26", "symbol": "OUT", "eps": 0.4, "epsEstimated": 0.36, "time": "amc", "revenue": 452400000, "revenueEstimated": 407159999.99999994, "fiscalDateEnding": "2018-12-30", "updatedFromDate": "2023-09-29"}, {"date": "2019-02-26", "symbol": "CFRESH.BK", "eps": -0.01253, "epsEstimated": null, "time": "bmo", "revenue": 1852616590, "revenueEstimated": null, "fiscalDateEnding": "2018-12-30", "updatedFromDate": "2023-05-17"}, {"date": "2019-02-26", "symbol": "ESSO.BK", "eps": 0.78, "epsEstimated": 0.01, "time": "bmo", "revenue": 50942079000, "revenueEstimated": null, "fiscalDateEnding": "2018-12-31", "updatedFromDate": "2023-08-25"}, {"date": "2019-02-26", "symbol": "ATRA", "eps": -1.75, "epsEstimated": -1.31, "time": "bmo", "revenue": null, "revenueEstimated": null, "fiscalDateEnding": "2018-12-30", "updatedFromDate": "2023-09-29"}, {"date": "2019-02-26", "symbol": "300456.SZ", "eps": 0.01319, "epsEstimated": null, "time": "bmo", "revenue": 143815713.65, "revenueEstimated": null, "fiscalDateEnding": "2018-12-30", "updatedFromDate": "2023-05-17"}, {"date": "2019-02-26", "symbol": "ERW.BK", "eps": 0.07, "epsEstimated": 0.07, "time": "bmo", "revenue": 1758068000, "revenueEstimated": null, "fiscalDateEnding": "2018-11-26", "updatedFromDate": "2023-05-17"}, {"date": "2019-02-26", "symbol": "VTRS", "eps": 1.3, "epsEstimated": 1.36, "time": "bmo", "revenue": 3078700000, "revenueEstimated": 3214525000, "fiscalDateEnding": "2018-12-31", "updatedFromDate": "2023-09-29"}, {"date": "2019-02-26", "symbol": "EML", "eps": 0.7, "epsEstimated": null, "time": "bmo", "revenue": 56612172, "revenueEstimated": null, "fiscalDateEnding": "2018-12-28", "updatedFromDate": "2023-09-29"}, {"date": "2019-02-26", "symbol": "JCYCF", "eps": 0.46, "epsEstimated": 1.59, "time": "bmo", "revenue": null, "revenueEstimated": null, "fiscalDateEnding": "2018-12-31", "updatedFromDate": "2023-05-17"}, {"date": "2019-02-26", "symbol": "MTDR", "eps": 0.37, "epsEstimated": 0.28, "time": "amc", "revenue": 289874000, "revenueEstimated": 203695243.24324325, "fiscalDateEnding": "2018-12-30", "updatedFromDate": "2023-09-29"}, {"date": "2019-02-26", "symbol": "KOF", "eps": 0.7, "epsEstimated": 0.95, "time": "bmo", "revenue": 50165000000, "revenueEstimated": 65532287234, "fiscalDateEnding": "2018-12-31", "updatedFromDate": "2023-09-29"}, {"date": "2019-02-26", "symbol": "AAALF", "eps": 1.46, "epsEstimated": 1.22, "time": "bmo", "revenue": 228000000, "revenueEstimated": null, "fiscalDateEnding": "2018-12-30", "updatedFromDate": "2023-08-16"}, {"date": "2019-02-26", "symbol": "002179.SZ", "eps": 0.26, "epsEstimated": 0.27, "time": "bmo", "revenue": 2040921128.56, "revenueEstimated": null, "fiscalDateEnding": "2018-12-30", "updatedFromDate": "2023-05-17"}, {"date": "2019-02-26", "symbol": "002745.SZ", "eps": 0.2241, "epsEstimated": null, "time": "bmo", "revenue": 5601723356.43, "revenueEstimated": null, "fiscalDateEnding": "2018-12-31", "updatedFromDate": "2023-08-25"}, {"date": "2019-02-26", "symbol": "068240.KQ", "eps": null, "epsEstimated": null, "time": "bmo", "revenue": null, "revenueEstimated": null, "fiscalDateEnding": "2018-12-31", "updatedFromDate": "2023-05-17"}, {"date": "2019-02-26", "symbol": "GARPF", "eps": 0.01, "epsEstimated": null, "time": "bmo", "revenue": null, "revenueEstimated": null, "fiscalDateEnding": "2018-12-31", "updatedFromDate": "2023-05-17"}, {"date": "2019-02-26", "symbol": "TGONF", "eps": null, "epsEstimated": null, "time": "bmo", "revenue": null, "revenueEstimated": null, "fiscalDateEnding": "2018-12-31", "updatedFromDate": "2023-05-17"}, {"date": "2019-02-26", "symbol": "OAS", "eps": -0.02, "epsEstimated": -0.0075, "time": "bmo", "revenue": 852946000, "revenueEstimated": 1279419000, "fiscalDateEnding": "2018-12-30", "updatedFromDate": "2023-05-17"}, {"date": "2019-02-26", "symbol": "002261.SZ", "eps": -1.23, "epsEstimated": 0.08, "time": "bmo", "revenue": 379896191.89, "revenueEstimated": null, "fiscalDateEnding": "2018-12-30", "updatedFromDate": "2023-05-17"}, {"date": "2019-02-26", "symbol": "002111.SZ", "eps": 0.14, "epsEstimated": null, "time": "bmo", "revenue": 656689897.58, "revenueEstimated": null, "fiscalDateEnding": "2018-12-30", "updatedFromDate": "2023-05-17"}, {"date": "2019-02-26", "symbol": "CAR-UN.TO", "eps": 5.12, "epsEstimated": null, "time": "bmo", "revenue": 177667000, "revenueEstimated": null, "fiscalDateEnding": "2018-12-30", "updatedFromDate": "2023-05-17"}, {"date": "2019-02-26", "symbol": "002444.SZ", "eps": 0.14, "epsEstimated": 0.19, "time": "bmo", "revenue": 1692663318.7, "revenueEstimated": null, "fiscalDateEnding": "2018-12-30", "updatedFromDate": "2023-08-16"}, {"date": "2019-02-26", "symbol": "AUSS.OL", "eps": 4.75, "epsEstimated": 2.48, "time": "bmo", "revenue": 5563270000, "revenueEstimated": null, "fiscalDateEnding": "2018-11-26", "updatedFromDate": "2023-05-17"}, {"date": "2019-02-26", "symbol": "300600.SZ", "eps": null, "epsEstimated": null, "time": "bmo", "revenue": null, "revenueEstimated": null, "fiscalDateEnding": "2018-12-31", "updatedFromDate": "2023-05-17"}, {"date": "2019-02-26", "symbol": "GIC", "eps": 0.33, "epsEstimated": 0.27, "time": "amc", "revenue": 217700000, "revenueEstimated": 178118181.81818184, "fiscalDateEnding": "2018-12-30", "updatedFromDate": "2023-09-29"}, {"date": "2019-02-26", "symbol": "ILPMF", "eps": null, "epsEstimated": null, "time": "bmo", "revenue": null, "revenueEstimated": null, "fiscalDateEnding": "2018-12-31", "updatedFromDate": "2023-05-17"}, {"date": "2019-02-26", "symbol": "ODPV3.SA", "eps": 0.15, "epsEstimated": 0.14, "time": "bmo", "revenue": 453669000, "revenueEstimated": null, "fiscalDateEnding": "2018-11-26", "updatedFromDate": "2023-05-17"}, {"date": "2019-02-26", "symbol": "FOXF", "eps": 0.58, "epsEstimated": 0.56, "time": "amc", "revenue": 156810000, "revenueEstimated": 151402758.6206897, "fiscalDateEnding": "2018-12-27", "updatedFromDate": "2023-09-29"}, {"date": "2019-02-26", "symbol": "FCN", "eps": 0.83, "epsEstimated": 0.51, "time": "bmo", "revenue": 504993000, "revenueEstimated": 334633915.6626506, "fiscalDateEnding": "2018-12-30", "updatedFromDate": "2023-09-29"}, {"date": "2019-02-26", "symbol": "002352.SZ", "eps": 0.34, "epsEstimated": 0.34, "time": "bmo", "revenue": 25574891483.21, "revenueEstimated": null, "fiscalDateEnding": "2018-12-30", "updatedFromDate": "2023-08-16"}, {"date": "2019-02-26", "symbol": "002029.SZ", "eps": 0.18, "epsEstimated": null, "time": "bmo", "revenue": 1163938783.46, "revenueEstimated": null, "fiscalDateEnding": "2018-12-30", "updatedFromDate": "2023-05-17"}, {"date": "2019-02-26", "symbol": "2301.TW", "eps": 1.06, "epsEstimated": 0.93, "time": "bmo", "revenue": 50469444000, "revenueEstimated": null, "fiscalDateEnding": "2018-12-30", "updatedFromDate": "2023-05-17"}, {"date": "2019-02-26", "symbol": "KHNGF", "eps": 1.6, "epsEstimated": 1.73, "time": "bmo", "revenue": null, "revenueEstimated": null, "fiscalDateEnding": "2018-12-31", "updatedFromDate": "2023-05-17"}, {"date": "2019-02-26", "symbol": "002117.SZ", "eps": 0.08, "epsEstimated": null, "time": "bmo", "revenue": 380374996.41, "revenueEstimated": null, "fiscalDateEnding": "2018-12-30", "updatedFromDate": "2023-05-17"}, {"date": "2019-02-26", "symbol": "SERV", "eps": 0.19, "epsEstimated": 0.21, "time": "bmo", "revenue": -522000000, "revenueEstimated": 2099999999.9999998, "fiscalDateEnding": "2018-12-30", "updatedFromDate": "2023-05-17"}, {"date": "2019-02-26", "symbol": "CSGP", "eps": 0.28, "epsEstimated": 0.25, "time": "amc", "revenue": 315571000, "revenueEstimated": 284126202.846975, "fiscalDateEnding": "2018-12-30", "updatedFromDate": "2023-09-29"}, {"date": "2019-02-26", "symbol": "VRNA", "eps": -0.28, "epsEstimated": -0.43, "time": "bmo", "revenue": 2783, "revenueEstimated": null, "fiscalDateEnding": "2018-12-31", "updatedFromDate": "2023-09-29"}, {"date": "2019-02-26", "symbol": "DHG.IR", "eps": 0.105, "epsEstimated": null, "time": "bmo", "revenue": 107296000, "revenueEstimated": null, "fiscalDateEnding": "2018-11-26", "updatedFromDate": "2023-05-17"}, {"date": "2019-02-26", "symbol": "SAWAD.BK", "eps": 0.66, "epsEstimated": 0.64, "time": "bmo", "revenue": 2091299000, "revenueEstimated": null, "fiscalDateEnding": "2018-12-31", "updatedFromDate": "2023-05-17"}, {"date": "2019-02-26", "symbol": "002668.SZ", "eps": -2.00663, "epsEstimated": null, "time": "bmo", "revenue": 1698791468.23, "revenueEstimated": null, "fiscalDateEnding": "2018-12-30", "updatedFromDate": "2023-05-17"}, {"date": "2019-02-27", "symbol": "DEEP.CN", "eps": -0.00871, "epsEstimated": null, "time": "bmo", "revenue": null, "revenueEstimated": null, "fiscalDateEnding": "2019-02-27", "updatedFromDate": "2023-05-17"}, {"date": "2019-02-27", "symbol": "002631.SZ", "eps": -0.03556, "epsEstimated": null, "time": "bmo", "revenue": 493901899.12, "revenueEstimated": null, "fiscalDateEnding": "2018-12-30", "updatedFromDate": "2023-05-17"}, {"date": "2019-02-27", "symbol": "EMGC", "eps": -0.23882, "epsEstimated": null, "time": "bmo", "revenue": -33953000, "revenueEstimated": null, "fiscalDateEnding": "2019-02-27", "updatedFromDate": "2023-05-17"}, {"date": "2019-02-27", "symbol": "300070.SZ", "eps": 0.22, "epsEstimated": 0.53, "time": "bmo", "revenue": 5468817421.66, "revenueEstimated": null, "fiscalDateEnding": "2018-12-30", "updatedFromDate": "2023-05-17"}, {"date": "2019-02-27", "symbol": "WING", "eps": 0.15, "epsEstimated": 0.17, "time": "amc", "revenue": 40509000, "revenueEstimated": 45910200.00000001, "fiscalDateEnding": "2018-12-28", "updatedFromDate": "2023-09-29"}, {"date": "2019-02-27", "symbol": "DY", "eps": 0.1, "epsEstimated": 0.17, "time": "bmo", "revenue": 748619000, "revenueEstimated": 1197790400, "fiscalDateEnding": "2019-01-25", "updatedFromDate": "2023-09-29"}, {"date": "2019-02-27", "symbol": "SAPMF", "eps": 0.48, "epsEstimated": 1.67, "time": "bmo", "revenue": null, "revenueEstimated": 4920000, "fiscalDateEnding": "2018-11-27", "updatedFromDate": "2023-08-25"}, {"date": "2019-02-27", "symbol": "RIV.CN", "eps": 0.01, "epsEstimated": 0.00333, "time": "bmo", "revenue": 1516090.043813, "revenueEstimated": null, "fiscalDateEnding": "2018-11-27", "updatedFromDate": "2023-10-17"}, {"date": "2019-02-27", "symbol": "FNGR", "eps": -0.07982, "epsEstimated": null, "time": "bmo", "revenue": 689195, "revenueEstimated": null, "fiscalDateEnding": "2019-02-27", "updatedFromDate": "2023-09-29"}, {"date": "2019-02-27", "symbol": "300418.SZ", "eps": 0.23, "epsEstimated": 0.39, "time": "bmo", "revenue": 860648462.1, "revenueEstimated": null, "fiscalDateEnding": "2018-11-27", "updatedFromDate": "2023-05-17"}, {"date": "2019-02-27", "symbol": "PHXHF", "eps": -0.24, "epsEstimated": -0.018, "time": "bmo", "revenue": null, "revenueEstimated": null, "fiscalDateEnding": "2018-12-31", "updatedFromDate": "2023-08-16"}, {"date": "2019-02-27", "symbol": "BGRIM.BK", "eps": 0.05, "epsEstimated": 0.13, "time": "bmo", "revenue": 10256758000, "revenueEstimated": null, "fiscalDateEnding": "2018-11-27", "updatedFromDate": "2023-05-17"}, {"date": "2019-02-27", "symbol": "002493.SZ", "eps": -0.03, "epsEstimated": 0.06, "time": "bmo", "revenue": 29742329048.93, "revenueEstimated": null, "fiscalDateEnding": "2018-12-30", "updatedFromDate": "2023-08-16"}, {"date": "2019-02-27", "symbol": "002042.SZ", "eps": 0.02, "epsEstimated": null, "time": "bmo", "revenue": 3573395413.74, "revenueEstimated": null, "fiscalDateEnding": "2018-12-30", "updatedFromDate": "2023-05-17"}, {"date": "2019-02-27", "symbol": "CSR", "eps": -0.30833, "epsEstimated": null, "time": "amc", "revenue": 45730000, "revenueEstimated": null, "fiscalDateEnding": "2018-12-31", "updatedFromDate": "2023-09-29"}, {"date": "2019-02-27", "symbol": "WSR", "eps": 0.21, "epsEstimated": 0.08, "time": "amc", "revenue": 29901000, "revenueEstimated": 11390857.142857142, "fiscalDateEnding": "2018-12-30", "updatedFromDate": "2023-09-29"}, {"date": "2019-02-27", "symbol": "NWVCF", "eps": -0.00015, "epsEstimated": -7e-05, "time": "amc", "revenue": 7806000, "revenueEstimated": null, "fiscalDateEnding": "2018-12-31", "updatedFromDate": "2023-08-25"}, {"date": "2019-02-27", "symbol": "SVI.TO", "eps": -0.00237, "epsEstimated": null, "time": "bmo", "revenue": 26562429, "revenueEstimated": null, "fiscalDateEnding": "2018-12-30", "updatedFromDate": "2023-08-16"}, {"date": "2019-02-27", "symbol": "071970.KS", "eps": -120.71758, "epsEstimated": null, "time": "bmo", "revenue": 61481193000, "revenueEstimated": null, "fiscalDateEnding": "2019-03-30", "updatedFromDate": "2023-05-17"}, {"date": "2019-02-27", "symbol": "DAR", "eps": 0.24, "epsEstimated": 0.21, "time": "amc", "revenue": 853130000, "revenueEstimated": 746488750, "fiscalDateEnding": "2018-12-28", "updatedFromDate": "2023-09-29"}, {"date": "2019-02-27", "symbol": "ACGYF", "eps": 0.12, "epsEstimated": 0.1, "time": "bmo", "revenue": null, "revenueEstimated": null, "fiscalDateEnding": "2018-12-31", "updatedFromDate": "2023-05-17"}, {"date": "2019-02-27", "symbol": "PRTK", "eps": 0.71, "epsEstimated": 0.65, "time": "amc", "revenue": 17017000, "revenueEstimated": 16536676.056338027, "fiscalDateEnding": "2018-12-30", "updatedFromDate": "2023-09-29"}, {"date": "2019-02-27", "symbol": "ENRT", "eps": -0.00168, "epsEstimated": null, "time": "bmo", "revenue": null, "revenueEstimated": null, "fiscalDateEnding": "2019-02-27", "updatedFromDate": "2023-05-17"}, {"date": "2019-02-27", "symbol": "LEFUF", "eps": 0.47, "epsEstimated": 0.46, "time": "bmo", "revenue": null, "revenueEstimated": null, "fiscalDateEnding": "2018-12-31", "updatedFromDate": "2023-08-16"}, {"date": "2019-02-27", "symbol": "MXCHF", "eps": 0.02, "epsEstimated": 0.05, "time": "bmo", "revenue": null, "revenueEstimated": 1452105, "fiscalDateEnding": "2018-12-31", "updatedFromDate": "2023-05-17"}, {"date": "2019-02-27", "symbol": "002174.SZ", "eps": 0.37, "epsEstimated": 0.29, "time": "bmo", "revenue": 958295704.33, "revenueEstimated": null, "fiscalDateEnding": "2018-12-30", "updatedFromDate": "2023-08-16"}, {"date": "2019-02-27", "symbol": "TVE.TO", "eps": 0.08, "epsEstimated": 0.01059, "time": "bmo", "revenue": 73501000, "revenueEstimated": null, "fiscalDateEnding": "2018-12-30", "updatedFromDate": "2023-08-16"}, {"date": "2019-02-27", "symbol": "SODI", "eps": 0.1015, "epsEstimated": null, "time": "bmo", "revenue": 2881000, "revenueEstimated": null, "fiscalDateEnding": "2019-02-27", "updatedFromDate": "2023-05-17"}, {"date": "2019-02-27", "symbol": "300244.SZ", "eps": 0.1759, "epsEstimated": null, "time": "bmo", "revenue": 2081124500.71, "revenueEstimated": null, "fiscalDateEnding": "2018-12-30", "updatedFromDate": "2023-08-16"}, {"date": "2019-02-27", "symbol": "JRONF", "eps": 0.17, "epsEstimated": 0.18, "time": "bmo", "revenue": null, "revenueEstimated": null, "fiscalDateEnding": "2018-12-31", "updatedFromDate": "2023-05-17"}, {"date": "2019-02-27", "symbol": "KRA", "eps": 0.67, "epsEstimated": 0.68, "time": "amc", "revenue": 447783000, "revenueEstimated": 454466328.35820895, "fiscalDateEnding": "2018-12-30", "updatedFromDate": "2023-05-17"}, {"date": "2019-02-27", "symbol": "002409.SZ", "eps": 0.04, "epsEstimated": null, "time": "bmo", "revenue": 451706010.22, "revenueEstimated": null, "fiscalDateEnding": "2018-12-30", "updatedFromDate": "2023-05-17"}, {"date": "2019-02-27", "symbol": "300759.SZ", "eps": 0.1839, "epsEstimated": null, "time": "bmo", "revenue": 872619758.18, "revenueEstimated": null, "fiscalDateEnding": "2018-12-30", "updatedFromDate": "2023-05-17"}, {"date": "2019-02-27", "symbol": "CPMV", "eps": -0.23094, "epsEstimated": null, "time": "bmo", "revenue": null, "revenueEstimated": null, "fiscalDateEnding": "2019-02-27", "updatedFromDate": "2023-10-10"}, {"date": "2019-02-27", "symbol": "IRET", "eps": null, "epsEstimated": null, "time": "bmo", "revenue": null, "revenueEstimated": null, "fiscalDateEnding": "2018-12-29", "updatedFromDate": "2023-05-17"}, {"date": "2019-02-27", "symbol": "BYNEF", "eps": null, "epsEstimated": null, "time": "bmo", "revenue": null, "revenueEstimated": null, "fiscalDateEnding": "2018-12-31", "updatedFromDate": "2023-05-17"}, {"date": "2019-02-27", "symbol": "SVY.AX", "eps": -0.01871, "epsEstimated": null, "time": "bmo", "revenue": null, "revenueEstimated": null, "fiscalDateEnding": "2018-11-27", "updatedFromDate": "2023-10-16"}, {"date": "2019-02-27", "symbol": "RE4.SI", "eps": null, "epsEstimated": null, "time": "bmo", "revenue": null, "revenueEstimated": null, "fiscalDateEnding": "2018-12-31", "updatedFromDate": "2023-05-17"}, {"date": "2019-02-27", "symbol": "WIFI", "eps": 0.01, "epsEstimated": -0.09, "time": "amc", "revenue": 67808000, "revenueEstimated": 610271999.9999999, "fiscalDateEnding": "2018-12-30", "updatedFromDate": "2023-05-17"}, {"date": "2019-02-27", "symbol": "002511.SZ", "eps": 0.07, "epsEstimated": null, "time": "bmo", "revenue": 1597533858.42, "revenueEstimated": null, "fiscalDateEnding": "2018-12-30", "updatedFromDate": "2023-05-17"}, {"date": "2019-02-27", "symbol": "002562.SZ", "eps": -0.06, "epsEstimated": null, "time": "bmo", "revenue": 311707146.99, "revenueEstimated": null, "fiscalDateEnding": "2018-11-27", "updatedFromDate": "2023-05-17"}, {"date": "2019-02-27", "symbol": "VBNK", "eps": 0.2335, "epsEstimated": null, "time": "bmo", "revenue": 13459000, "revenueEstimated": null, "fiscalDateEnding": "2019-01-31", "updatedFromDate": "2023-09-29"}, {"date": "2019-02-27", "symbol": "300088.SZ", "eps": 0.05, "epsEstimated": null, "time": "bmo", "revenue": 2484696717.44, "revenueEstimated": null, "fiscalDateEnding": "2018-12-30", "updatedFromDate": "2023-08-16"}, {"date": "2019-02-27", "symbol": "300628.SZ", "eps": 0.35, "epsEstimated": null, "time": "bmo", "revenue": 496266309.28, "revenueEstimated": null, "fiscalDateEnding": "2018-12-30", "updatedFromDate": "2023-08-16"}, {"date": "2019-02-27", "symbol": "600745.SS", "eps": 0.37, "epsEstimated": null, "time": "bmo", "revenue": 6328680138.96, "revenueEstimated": null, "fiscalDateEnding": "2018-12-30", "updatedFromDate": "2023-08-16"}, {"date": "2019-02-27", "symbol": "MMTMF", "eps": 0.00062, "epsEstimated": null, "time": "amc", "revenue": 6343000, "revenueEstimated": null, "fiscalDateEnding": "2018-11-27", "updatedFromDate": "2023-10-16"}, {"date": "2019-02-27", "symbol": "IPS.PA", "eps": null, "epsEstimated": null, "time": "bmo", "revenue": null, "revenueEstimated": null, "fiscalDateEnding": "2018-12-31", "updatedFromDate": "2023-05-17"}, {"date": "2019-02-27", "symbol": "AUSI", "eps": 0.02322, "epsEstimated": null, "time": "bmo", "revenue": null, "revenueEstimated": null, "fiscalDateEnding": "2019-02-27", "updatedFromDate": "2023-10-10"}, {"date": "2019-02-27", "symbol": "002434.SZ", "eps": -0.01, "epsEstimated": null, "time": "bmo", "revenue": 1143217221.09, "revenueEstimated": null, "fiscalDateEnding": "2018-12-30", "updatedFromDate": "2023-05-17"}, {"date": "2019-02-27", "symbol": "FLNG", "eps": 0.3, "epsEstimated": 0.36, "time": "bmo", "revenue": 36101000, "revenueEstimated": 42117833, "fiscalDateEnding": "2018-12-31", "updatedFromDate": "2023-09-29"}, {"date": "2019-02-27", "symbol": "002041.SZ", "eps": 0.03, "epsEstimated": null, "time": "bmo", "revenue": 430988364.32, "revenueEstimated": null, "fiscalDateEnding": "2018-12-30", "updatedFromDate": "2023-05-17"}, {"date": "2019-02-27", "symbol": "MGNI", "eps": 0.03, "epsEstimated": 0.05, "time": "bmo", "revenue": 41432000, "revenueEstimated": 96950880, "fiscalDateEnding": "2018-12-30", "updatedFromDate": "2023-09-29"}, {"date": "2019-02-27", "symbol": "AXIC-A.ST", "eps": -0.18397, "epsEstimated": null, "time": "bmo", "revenue": null, "revenueEstimated": null, "fiscalDateEnding": "2018-12-30", "updatedFromDate": "2023-05-17"}, {"date": "2019-02-27", "symbol": "002010.SZ", "eps": 0.12, "epsEstimated": null, "time": "bmo", "revenue": 2588548529.02, "revenueEstimated": null, "fiscalDateEnding": "2018-12-30", "updatedFromDate": "2023-08-16"}, {"date": "2019-02-27", "symbol": "CLC.CN", "eps": -0.00401, "epsEstimated": null, "time": "bmo", "revenue": null, "revenueEstimated": null, "fiscalDateEnding": "2019-02-27", "updatedFromDate": "2023-05-17"}, {"date": "2019-02-27", "symbol": "002380.SZ", "eps": 0.1713, "epsEstimated": null, "time": "bmo", "revenue": 214294365.67, "revenueEstimated": null, "fiscalDateEnding": "2018-12-30", "updatedFromDate": "2023-05-17"}, {"date": "2019-02-27", "symbol": "002624.SZ", "eps": 0.2, "epsEstimated": 0.25, "time": "bmo", "revenue": 2520671382.75, "revenueEstimated": null, "fiscalDateEnding": "2018-12-30", "updatedFromDate": "2023-08-16"}, {"date": "2019-02-27", "symbol": "BEM.BK", "eps": 0.03, "epsEstimated": 0.06, "time": "bmo", "revenue": 3982853309, "revenueEstimated": null, "fiscalDateEnding": "2018-12-31", "updatedFromDate": "2023-05-17"}, {"date": "2019-02-27", "symbol": "002366.SZ", "eps": -0.02, "epsEstimated": null, "time": "bmo", "revenue": 342163508.96, "revenueEstimated": null, "fiscalDateEnding": "2018-12-30", "updatedFromDate": "2023-05-17"}, {"date": "2019-02-27", "symbol": "5536.TWO", "eps": 2.07, "epsEstimated": 4.09, "time": "bmo", "revenue": 2747527000, "revenueEstimated": null, "fiscalDateEnding": "2018-12-30", "updatedFromDate": "2023-08-16"}, {"date": "2019-02-27", "symbol": "300627.SZ", "eps": null, "epsEstimated": null, "time": "bmo", "revenue": null, "revenueEstimated": null, "fiscalDateEnding": "2018-12-31", "updatedFromDate": "2023-08-16"}, {"date": "2019-02-27", "symbol": "GEO.MI", "eps": -0.024, "epsEstimated": null, "time": "bmo", "revenue": 201464500, "revenueEstimated": null, "fiscalDateEnding": "2018-11-27", "updatedFromDate": "2023-05-17"}, {"date": "2019-02-27", "symbol": "EDPR.LS", "eps": 0.23, "epsEstimated": 0.1, "time": "bmo", "revenue": 520900000, "revenueEstimated": null, "fiscalDateEnding": "2018-11-27", "updatedFromDate": "2023-05-17"}, {"date": "2019-02-27", "symbol": "DFODQ", "eps": -0.5, "epsEstimated": -0.26, "time": "bmo", "revenue": 1929480000, "revenueEstimated": 1859675491.6875, "fiscalDateEnding": "2018-12-30", "updatedFromDate": "2023-05-17"}, {"date": "2019-02-27", "symbol": "300188.SZ", "eps": 0.33, "epsEstimated": null, "time": "bmo", "revenue": 876910016.89, "revenueEstimated": null, "fiscalDateEnding": "2018-12-30", "updatedFromDate": "2023-05-17"}, {"date": "2019-02-27", "symbol": "MNIA", "eps": -0.00151, "epsEstimated": -0.00132, "time": "bmo", "revenue": null, "revenueEstimated": -2500, "fiscalDateEnding": "2019-02-27", "updatedFromDate": "2023-04-03"}, {"date": "2019-02-27", "symbol": "GXE.TO", "eps": 0.05, "epsEstimated": 0.01111, "time": "bmo", "revenue": 17408000, "revenueEstimated": null, "fiscalDateEnding": "2018-12-30", "updatedFromDate": "2023-05-17"}, {"date": "2019-02-27", "symbol": "VMD.TO", "eps": 0.08, "epsEstimated": 0.08, "time": "bmo", "revenue": 18489000, "revenueEstimated": null, "fiscalDateEnding": "2018-12-30", "updatedFromDate": "2023-05-17"}, {"date": "2019-02-27", "symbol": "002375.SZ", "eps": 0.0412, "epsEstimated": null, "time": "bmo", "revenue": 2683109263.22, "revenueEstimated": null, "fiscalDateEnding": "2018-12-30", "updatedFromDate": "2023-05-17"}, {"date": "2019-02-27", "symbol": "ENG.MC", "eps": 0.49, "epsEstimated": 0.51, "time": "bmo", "revenue": 475960000, "revenueEstimated": null, "fiscalDateEnding": "2018-12-30", "updatedFromDate": "2023-08-16"}, {"date": "2019-02-27", "symbol": "YBGJ", "eps": -0.00028, "epsEstimated": null, "time": "bmo", "revenue": null, "revenueEstimated": null, "fiscalDateEnding": "2019-02-27", "updatedFromDate": "2023-09-29"}, {"date": "2019-02-27", "symbol": "002575.SZ", "eps": 0.00166, "epsEstimated": null, "time": "bmo", "revenue": 5530274.31, "revenueEstimated": null, "fiscalDateEnding": "2018-12-30", "updatedFromDate": "2023-05-17"}, {"date": "2019-02-27", "symbol": "BUBSF", "eps": null, "epsEstimated": null, "time": "bmo", "revenue": null, "revenueEstimated": null, "fiscalDateEnding": "2019-03-31", "updatedFromDate": "2023-05-17"}, {"date": "2019-02-27", "symbol": "300098.SZ", "eps": 0.01, "epsEstimated": null, "time": "bmo", "revenue": 1012208780.04, "revenueEstimated": null, "fiscalDateEnding": "2018-12-30", "updatedFromDate": "2023-05-17"}, {"date": "2019-02-27", "symbol": "BOX", "eps": 0.06, "epsEstimated": 0.02118, "time": "amc", "revenue": 163713000, "revenueEstimated": 54571000.00000001, "fiscalDateEnding": "2019-01-30", "updatedFromDate": "2023-09-29"}, {"date": "2019-02-27", "symbol": "FBASF", "eps": 1.31, "epsEstimated": 0.54, "time": "bmo", "revenue": null, "revenueEstimated": null, "fiscalDateEnding": "2018-12-31", "updatedFromDate": "2023-05-17"}, {"date": "2019-02-27", "symbol": "PRGO", "eps": 0.97, "epsEstimated": 0.98, "time": "bmo", "revenue": 1195200000, "revenueEstimated": 1232164948.4536083, "fiscalDateEnding": "2018-12-30", "updatedFromDate": "2023-09-29"}, {"date": "2019-02-27", "symbol": "AHEXF", "eps": -0.32, "epsEstimated": 1.12, "time": "bmo", "revenue": null, "revenueEstimated": null, "fiscalDateEnding": "2018-12-31", "updatedFromDate": "2023-05-17"}, {"date": "2019-02-27", "symbol": "002353.SZ", "eps": 0.26, "epsEstimated": 0.23, "time": "bmo", "revenue": 1689827669.7, "revenueEstimated": null, "fiscalDateEnding": "2018-12-30", "updatedFromDate": "2023-08-16"}, {"date": "2019-02-27", "symbol": "TCN", "eps": 0.3, "epsEstimated": 0.21, "time": "bmo", "revenue": 9565000, "revenueEstimated": null, "fiscalDateEnding": "2018-12-31", "updatedFromDate": "2023-09-29"}, {"date": "2019-02-27", "symbol": "LIVN", "eps": 1.12, "epsEstimated": 1.09, "time": "bmo", "revenue": 297000000, "revenueEstimated": 291679732.14285713, "fiscalDateEnding": "2018-12-30", "updatedFromDate": "2023-09-29"}, {"date": "2019-02-27", "symbol": "ALEX", "eps": -1.89, "epsEstimated": 0.3, "time": "amc", "revenue": 299600000, "revenueEstimated": 47305263.157894686, "fiscalDateEnding": "2018-12-30", "updatedFromDate": "2023-09-29"}, {"date": "2019-02-27", "symbol": "KGAUF", "eps": 0.07, "epsEstimated": 0.04667, "time": "bmo", "revenue": 1123200000, "revenueEstimated": null, "fiscalDateEnding": "2018-12-31", "updatedFromDate": "2023-08-25"}, {"date": "2019-02-27", "symbol": "004910.KS", "eps": -54.64524, "epsEstimated": null, "time": "bmo", "revenue": 47570210000, "revenueEstimated": null, "fiscalDateEnding": "2018-11-27", "updatedFromDate": "2023-05-17"}, {"date": "2019-02-27", "symbol": "002577.SZ", "eps": -0.02448, "epsEstimated": null, "time": "bmo", "revenue": 109278099.12, "revenueEstimated": null, "fiscalDateEnding": "2018-12-30", "updatedFromDate": "2023-05-17"}, {"date": "2019-02-27", "symbol": "002361.SZ", "eps": 0.03, "epsEstimated": null, "time": "bmo", "revenue": 551684196.85, "revenueEstimated": null, "fiscalDateEnding": "2018-12-30", "updatedFromDate": "2023-05-17"}, {"date": "2019-02-27", "symbol": "CODI-PC", "eps": 0.38, "epsEstimated": 0.42, "time": "bmo", "revenue": 452523000, "revenueEstimated": null, "fiscalDateEnding": "2018-12-30", "updatedFromDate": "2023-05-17"}, {"date": "2019-02-27", "symbol": "COLL", "eps": -0.1, "epsEstimated": -0.12, "time": "amc", "revenue": 73427000, "revenueEstimated": 95183148.14814815, "fiscalDateEnding": "2018-12-30", "updatedFromDate": "2023-09-29"}, {"date": "2019-02-27", "symbol": "CCET.BK", "eps": 0.01552, "epsEstimated": null, "time": "bmo", "revenue": 26639852000, "revenueEstimated": null, "fiscalDateEnding": "2019-03-30", "updatedFromDate": "2023-05-17"}, {"date": "2019-02-27", "symbol": "CHDN", "eps": 0.11, "epsEstimated": 0.1, "time": "amc", "revenue": 219000000, "revenueEstimated": 153300000, "fiscalDateEnding": "2018-12-30", "updatedFromDate": "2023-09-29"}, {"date": "2019-02-27", "symbol": "RCON", "eps": -1.64898, "epsEstimated": 2.01, "time": "bmo", "revenue": 102384327, "revenueEstimated": null, "fiscalDateEnding": "2018-12-29", "updatedFromDate": "2023-09-29"}, {"date": "2019-02-27", "symbol": "SITHAI.BK", "eps": 0.01194, "epsEstimated": null, "time": "bmo", "revenue": 2638983990, "revenueEstimated": null, "fiscalDateEnding": "2018-12-30", "updatedFromDate": "2023-05-17"}, {"date": "2019-02-27", "symbol": "300047.SZ", "eps": 0.22, "epsEstimated": null, "time": "bmo", "revenue": 1837395971, "revenueEstimated": null, "fiscalDateEnding": "2018-12-30", "updatedFromDate": "2023-05-17"}, {"date": "2019-02-27", "symbol": "SRGRF", "eps": null, "epsEstimated": null, "time": "bmo", "revenue": null, "revenueEstimated": null, "fiscalDateEnding": "2018-12-31", "updatedFromDate": "2023-05-17"}, {"date": "2019-02-27", "symbol": "MTE.DE", "eps": 1.42, "epsEstimated": null, "time": "bmo", "revenue": 5835000000, "revenueEstimated": null, "fiscalDateEnding": "2019-02-27", "updatedFromDate": "2023-05-17"}, {"date": "2019-02-27", "symbol": "Z25.SI", "eps": 0.13, "epsEstimated": 0.16, "time": "bmo", "revenue": 3622946000, "revenueEstimated": null, "fiscalDateEnding": "2018-11-27", "updatedFromDate": "2023-05-17"}, {"date": "2019-02-27", "symbol": "CRS.CN", "eps": -0.00406, "epsEstimated": null, "time": "bmo", "revenue": null, "revenueEstimated": null, "fiscalDateEnding": "2019-02-27", "updatedFromDate": "2023-05-17"}, {"date": "2019-02-27", "symbol": "8940.TW", "eps": 0.615, "epsEstimated": null, "time": "bmo", "revenue": 462476000, "revenueEstimated": null, "fiscalDateEnding": "2018-12-30", "updatedFromDate": "2023-05-17"}, {"date": "2019-02-27", "symbol": "002440.SZ", "eps": 0.26, "epsEstimated": 0.27, "time": "bmo", "revenue": 1412726452.49, "revenueEstimated": null, "fiscalDateEnding": "2018-12-30", "updatedFromDate": "2023-08-16"}, {"date": "2019-02-27", "symbol": "GIFLF", "eps": 0.22, "epsEstimated": 0.26, "time": "bmo", "revenue": null, "revenueEstimated": null, "fiscalDateEnding": "2018-12-31", "updatedFromDate": "2023-08-16"}, {"date": "2019-02-27", "symbol": "HBH3.SW", "eps": -2.18348, "epsEstimated": null, "time": "bmo", "revenue": 886893000, "revenueEstimated": null, "fiscalDateEnding": "2019-02-27", "updatedFromDate": "2023-10-17"}, {"date": "2019-02-27", "symbol": "C07.SI", "eps": 0.46, "epsEstimated": 1.59, "time": "bmo", "revenue": 4716200000, "revenueEstimated": null, "fiscalDateEnding": "2018-11-27", "updatedFromDate": "2023-05-17"}, {"date": "2019-02-27", "symbol": "002550.SZ", "eps": 0.00832, "epsEstimated": null, "time": "bmo", "revenue": 317547347.25, "revenueEstimated": null, "fiscalDateEnding": "2018-12-30", "updatedFromDate": "2023-05-17"}, {"date": "2019-02-27", "symbol": "002583.SZ", "eps": 0.19, "epsEstimated": 0.23, "time": "bmo", "revenue": 2403223875.29, "revenueEstimated": null, "fiscalDateEnding": "2018-12-30", "updatedFromDate": "2023-05-17"}, {"date": "2019-02-27", "symbol": "CULP", "eps": 0.27, "epsEstimated": 0.25, "time": "amc", "revenue": 72619000, "revenueEstimated": 71505555.55555555, "fiscalDateEnding": "2018-11-27", "updatedFromDate": "2023-10-10"}, {"date": "2019-02-27", "symbol": "UHS", "eps": 2.37, "epsEstimated": 2.34, "time": "amc", "revenue": 2754496000, "revenueEstimated": 2719628962.025316, "fiscalDateEnding": "2018-12-30", "updatedFromDate": "2023-09-29"}, {"date": "2019-02-27", "symbol": "JWLLF", "eps": 0.31, "epsEstimated": 0.31, "time": "bmo", "revenue": null, "revenueEstimated": null, "fiscalDateEnding": "2018-12-31", "updatedFromDate": "2023-08-16"}, {"date": "2019-02-27", "symbol": "002709.SZ", "eps": -0.02, "epsEstimated": null, "time": "bmo", "revenue": 582898777.05, "revenueEstimated": null, "fiscalDateEnding": "2018-12-30", "updatedFromDate": "2023-05-17"}, {"date": "2019-02-27", "symbol": "002371.SZ", "eps": 0.14, "epsEstimated": null, "time": "bmo", "revenue": 1222703839.05, "revenueEstimated": null, "fiscalDateEnding": "2018-12-30", "updatedFromDate": "2023-08-16"}, {"date": "2019-02-27", "symbol": "002557.SZ", "eps": 0.26, "epsEstimated": null, "time": "bmo", "revenue": 1287420569.02, "revenueEstimated": null, "fiscalDateEnding": "2018-12-30", "updatedFromDate": "2023-05-17"}, {"date": "2019-02-27", "symbol": "002126.SZ", "eps": 0.08, "epsEstimated": 0.11, "time": "bmo", "revenue": 1204926419.49, "revenueEstimated": null, "fiscalDateEnding": "2018-12-30", "updatedFromDate": "2023-05-17"}, {"date": "2019-02-27", "symbol": "FMX", "eps": 1.33, "epsEstimated": 1.05, "time": "amc", "revenue": 126706000000, "revenueEstimated": null, "fiscalDateEnding": "2018-12-31", "updatedFromDate": "2023-09-29"}, {"date": "2019-02-27", "symbol": "CCRN", "eps": -0.5534, "epsEstimated": -0.2767, "time": "amc", "revenue": 200907000, "revenueEstimated": 5334080850, "fiscalDateEnding": "2018-12-30", "updatedFromDate": "2023-09-29"}, {"date": "2019-02-27", "symbol": "FTSI", "eps": 4.8, "epsEstimated": 4.81, "time": "amc", "revenue": 248100000, "revenueEstimated": 248616874.99999997, "fiscalDateEnding": "2018-12-30", "updatedFromDate": "2023-08-16"}, {"date": "2019-02-27", "symbol": "002385.SZ", "eps": 0.01, "epsEstimated": null, "time": "bmo", "revenue": 5083828761.46, "revenueEstimated": null, "fiscalDateEnding": "2018-12-30", "updatedFromDate": "2023-08-16"}, {"date": "2019-02-27", "symbol": "NTEC", "eps": -7.4, "epsEstimated": -6.04, "time": "bmo", "revenue": null, "revenueEstimated": null, "fiscalDateEnding": "2018-12-30", "updatedFromDate": "2023-05-17"}, {"date": "2019-02-27", "symbol": "AAV.BK", "eps": -0.11, "epsEstimated": 0.05, "time": "bmo", "revenue": 9655097509, "revenueEstimated": null, "fiscalDateEnding": "2018-12-30", "updatedFromDate": "2023-08-16"}, {"date": "2019-02-27", "symbol": "002304.SZ", "eps": 0.72, "epsEstimated": 0.74, "time": "bmo", "revenue": 3194141363.96, "revenueEstimated": null, "fiscalDateEnding": "2018-12-30", "updatedFromDate": "2023-08-16"}, {"date": "2019-02-27", "symbol": "004310.KS", "eps": 15.93, "epsEstimated": null, "time": "bmo", "revenue": 32756428000, "revenueEstimated": null, "fiscalDateEnding": "2019-02-27", "updatedFromDate": "2023-05-17"}, {"date": "2019-02-27", "symbol": "KAMART.BK", "eps": 0.07478, "epsEstimated": null, "time": "bmo", "revenue": 372764008, "revenueEstimated": null, "fiscalDateEnding": "2018-12-30", "updatedFromDate": "2023-08-16"}, {"date": "2019-02-27", "symbol": "002140.SZ", "eps": 0.05472, "epsEstimated": null, "time": "bmo", "revenue": 1860737000.56, "revenueEstimated": null, "fiscalDateEnding": "2018-12-30", "updatedFromDate": "2023-05-17"}, {"date": "2019-02-27", "symbol": "GIS.SW", "eps": 0.739, "epsEstimated": null, "time": "bmo", "revenue": 4198300000, "revenueEstimated": null, "fiscalDateEnding": "2019-02-27", "updatedFromDate": "2023-10-17"}, {"date": "2019-02-27", "symbol": "002080.SZ", "eps": 0.1124, "epsEstimated": null, "time": "bmo", "revenue": 3645990730.86, "revenueEstimated": null, "fiscalDateEnding": "2018-12-30", "updatedFromDate": "2023-08-16"}, {"date": "2019-02-27", "symbol": "TOA.BK", "eps": 0.22, "epsEstimated": 0.27, "time": "bmo", "revenue": 4286939370, "revenueEstimated": null, "fiscalDateEnding": "2018-12-30", "updatedFromDate": "2023-05-17"}, {"date": "2019-02-27", "symbol": "603333.SS", "eps": 0.04, "epsEstimated": null, "time": "bmo", "revenue": 435549062.21, "revenueEstimated": null, "fiscalDateEnding": "2019-03-30", "updatedFromDate": "2023-05-17"}, {"date": "2019-02-27", "symbol": "NICMF", "eps": null, "epsEstimated": null, "time": "bmo", "revenue": null, "revenueEstimated": null, "fiscalDateEnding": "2018-12-31", "updatedFromDate": "2023-05-17"}, {"date": "2019-02-27", "symbol": "GXSBF", "eps": null, "epsEstimated": null, "time": "bmo", "revenue": null, "revenueEstimated": null, "fiscalDateEnding": "2018-12-31", "updatedFromDate": "2023-05-17"}, {"date": "2019-02-27", "symbol": "ABS.WA", "eps": 0.572, "epsEstimated": null, "time": "bmo", "revenue": 69975000, "revenueEstimated": null, "fiscalDateEnding": "2018-12-30", "updatedFromDate": "2023-05-17"}, {"date": "2019-02-27", "symbol": "FOE", "eps": 0.33, "epsEstimated": 0.3, "time": "amc", "revenue": 387548000, "revenueEstimated": 983839090.9090909, "fiscalDateEnding": "2018-11-27", "updatedFromDate": "2023-05-17"}, {"date": "2019-02-27", "symbol": "DEN", "eps": 0.1, "epsEstimated": 0.1, "time": "bmo", "revenue": 336104000, "revenueEstimated": 336104000, "fiscalDateEnding": "2018-12-30", "updatedFromDate": "2023-09-29"}, {"date": "2019-02-27", "symbol": "TCM.CO", "eps": 3.35, "epsEstimated": null, "time": "bmo", "revenue": 251811000, "revenueEstimated": null, "fiscalDateEnding": "2018-12-31", "updatedFromDate": "2023-08-16"}, {"date": "2019-02-27", "symbol": "LADR", "eps": 0.45, "epsEstimated": 0.43, "time": "amc", "revenue": 62294000, "revenueEstimated": 109010733.33333333, "fiscalDateEnding": "2018-12-30", "updatedFromDate": "2023-09-29"}, {"date": "2019-02-27", "symbol": "BBWI", "eps": 2.14, "epsEstimated": 2.07, "time": "amc", "revenue": 2676747000, "revenueEstimated": 4693289719.626167, "fiscalDateEnding": "2018-11-27", "updatedFromDate": "2023-10-10"}, {"date": "2019-02-27", "symbol": "NEXT.OL", "eps": -1.84, "epsEstimated": -1.8, "time": "bmo", "revenue": 29278000, "revenueEstimated": null, "fiscalDateEnding": "2018-12-31", "updatedFromDate": "2023-08-16"}, {"date": "2019-02-27", "symbol": "SAMZF", "eps": null, "epsEstimated": null, "time": "bmo", "revenue": null, "revenueEstimated": null, "fiscalDateEnding": "2018-12-31", "updatedFromDate": "2023-05-17"}, {"date": "2019-02-27", "symbol": "VCV", "eps": 0.1474, "epsEstimated": null, "time": "bmo", "revenue": 16476490, "revenueEstimated": null, "fiscalDateEnding": "2019-02-27", "updatedFromDate": "2023-10-17"}, {"date": "2019-02-27", "symbol": "002491.SZ", "eps": 0.06108, "epsEstimated": null, "time": "bmo", "revenue": 1114134314.99, "revenueEstimated": null, "fiscalDateEnding": "2018-12-30", "updatedFromDate": "2023-05-17"}, {"date": "2019-02-27", "symbol": "3167.TW", "eps": 0.99, "epsEstimated": 1.17, "time": "bmo", "revenue": 849685000, "revenueEstimated": null, "fiscalDateEnding": "2018-12-30", "updatedFromDate": "2023-05-17"}, {"date": "2019-02-27", "symbol": "002251.SZ", "eps": -0.04, "epsEstimated": null, "time": "bmo", "revenue": 4566451626.44, "revenueEstimated": null, "fiscalDateEnding": "2018-12-30", "updatedFromDate": "2023-05-17"}, {"date": "2019-02-27", "symbol": "IVA.PA", "eps": -0.32122, "epsEstimated": null, "time": "bmo", "revenue": 1749500, "revenueEstimated": null, "fiscalDateEnding": "2018-11-27", "updatedFromDate": "2023-05-17"}, {"date": "2019-02-27", "symbol": "BJC.BK", "eps": 0.53, "epsEstimated": 0.48, "time": "bmo", "revenue": 41225545131, "revenueEstimated": null, "fiscalDateEnding": "2018-12-31", "updatedFromDate": "2023-05-17"}, {"date": "2019-02-27", "symbol": "FDX.SW", "eps": 2.81, "epsEstimated": null, "time": "bmo", "revenue": 17010000000, "revenueEstimated": null, "fiscalDateEnding": "2019-02-27", "updatedFromDate": "2023-10-17"}, {"date": "2019-02-27", "symbol": "CRCQQ", "eps": 0.53, "epsEstimated": 0.01946, "time": "bmo", "revenue": 818000000, "revenueEstimated": 20981700000, "fiscalDateEnding": "2018-12-30", "updatedFromDate": "2023-05-17"}, {"date": "2019-02-27", "symbol": "SZEVF", "eps": 0.28, "epsEstimated": 0.2, "time": "bmo", "revenue": null, "revenueEstimated": null, "fiscalDateEnding": "2018-12-31", "updatedFromDate": "2023-05-17"}, {"date": "2019-02-27", "symbol": "PHX.TO", "eps": -0.24, "epsEstimated": -0.0175, "time": "bmo", "revenue": 92335004, "revenueEstimated": null, "fiscalDateEnding": "2018-12-30", "updatedFromDate": "2023-05-17"}, {"date": "2019-02-27", "symbol": "JWEL.TO", "eps": 0.31, "epsEstimated": 0.31, "time": "bmo", "revenue": 89484000, "revenueEstimated": null, "fiscalDateEnding": "2018-12-30", "updatedFromDate": "2023-05-17"}, {"date": "2019-02-27", "symbol": "CABO", "eps": 7.34, "epsEstimated": 8.06, "time": "amc", "revenue": 269852000, "revenueEstimated": 296322495.9128066, "fiscalDateEnding": "2018-12-30", "updatedFromDate": "2023-09-29"}, {"date": "2019-02-27", "symbol": "AMT", "eps": 0.62, "epsEstimated": 0.77, "time": "bmo", "revenue": 2131900000, "revenueEstimated": 2647682258.064516, "fiscalDateEnding": "2018-12-30", "updatedFromDate": "2023-09-29"}, {"date": "2019-02-27", "symbol": "HLE.SW", "eps": 0.6, "epsEstimated": null, "time": "bmo", "revenue": 1619309000, "revenueEstimated": null, "fiscalDateEnding": "2019-02-27", "updatedFromDate": "2023-10-17"}, {"date": "2019-02-27", "symbol": "002706.SZ", "eps": 0.00218, "epsEstimated": null, "time": "bmo", "revenue": 347675009.93, "revenueEstimated": null, "fiscalDateEnding": "2018-12-30", "updatedFromDate": "2023-05-17"}, {"date": "2019-02-27", "symbol": "002086.SZ", "eps": -1.16098, "epsEstimated": null, "time": "bmo", "revenue": 113172497.45, "revenueEstimated": null, "fiscalDateEnding": "2018-12-30", "updatedFromDate": "2023-05-17"}, {"date": "2019-02-27", "symbol": "AZRMF", "eps": null, "epsEstimated": null, "time": "bmo", "revenue": null, "revenueEstimated": null, "fiscalDateEnding": "2019-03-31", "updatedFromDate": "2023-05-17"}, {"date": "2019-02-27", "symbol": "FLRY3.SA", "eps": 0.18, "epsEstimated": 0.21, "time": "bmo", "revenue": null, "revenueEstimated": null, "fiscalDateEnding": "2018-12-31", "updatedFromDate": "2023-05-17"}, {"date": "2019-02-27", "symbol": "GUZOF", "eps": 0.84, "epsEstimated": 0.73, "time": "bmo", "revenue": null, "revenueEstimated": 14269761.904761905, "fiscalDateEnding": "2018-12-31", "updatedFromDate": "2023-05-17"}, {"date": "2019-02-27", "symbol": "PKIUF", "eps": 0.57, "epsEstimated": 0.62, "time": "amc", "revenue": 3468000000, "revenueEstimated": null, "fiscalDateEnding": "2018-12-31", "updatedFromDate": "2023-08-16"}, {"date": "2019-02-27", "symbol": "RADL3.SA", "eps": 0.07, "epsEstimated": 0.08, "time": "bmo", "revenue": 3997065000, "revenueEstimated": null, "fiscalDateEnding": "2018-12-30", "updatedFromDate": "2023-05-17"}, {"date": "2019-02-27", "symbol": "III.BK", "eps": 0.07017, "epsEstimated": null, "time": "bmo", "revenue": 682584928, "revenueEstimated": null, "fiscalDateEnding": "2018-11-27", "updatedFromDate": "2023-05-17"}, {"date": "2019-02-27", "symbol": "002696.SZ", "eps": -0.18, "epsEstimated": 0.18, "time": "bmo", "revenue": 957199951, "revenueEstimated": null, "fiscalDateEnding": "2018-12-30", "updatedFromDate": "2023-05-17"}, {"date": "2019-02-27", "symbol": "300413.SZ", "eps": 0.03125, "epsEstimated": null, "time": "bmo", "revenue": 2479525655.69, "revenueEstimated": null, "fiscalDateEnding": "2018-12-30", "updatedFromDate": "2023-05-17"}, {"date": "2019-02-27", "symbol": "IPSOF", "eps": null, "epsEstimated": null, "time": "bmo", "revenue": null, "revenueEstimated": null, "fiscalDateEnding": "2018-12-31", "updatedFromDate": "2023-05-17"}, {"date": "2019-02-27", "symbol": "SDDFF", "eps": 1.61, "epsEstimated": 0.78, "time": "bmo", "revenue": null, "revenueEstimated": null, "fiscalDateEnding": "2018-12-31", "updatedFromDate": "2023-05-17"}, {"date": "2019-02-27", "symbol": "300339.SZ", "eps": 0.1828, "epsEstimated": null, "time": "bmo", "revenue": 513219430.14, "revenueEstimated": null, "fiscalDateEnding": "2018-12-30", "updatedFromDate": "2023-05-17"}, {"date": "2019-02-27", "symbol": "AD.AS", "eps": 0.43, "epsEstimated": 0.42, "time": "bmo", "revenue": 16547000000, "revenueEstimated": null, "fiscalDateEnding": "2018-12-30", "updatedFromDate": "2023-10-16"}, {"date": "2019-02-27", "symbol": "002156.SZ", "eps": -0.03, "epsEstimated": -0.00875, "time": "bmo", "revenue": 1742840906.84, "revenueEstimated": null, "fiscalDateEnding": "2018-12-31", "updatedFromDate": "2023-08-17"}, {"date": "2019-02-27", "symbol": "CMB.V", "eps": null, "epsEstimated": null, "time": "bmo", "revenue": null, "revenueEstimated": null, "fiscalDateEnding": "2019-03-31", "updatedFromDate": "2023-05-17"}, {"date": "2019-02-27", "symbol": "300747.SZ", "eps": 0.2, "epsEstimated": 0.28, "time": "bmo", "revenue": 377470445.54, "revenueEstimated": null, "fiscalDateEnding": "2018-12-31", "updatedFromDate": "2023-08-16"}, {"date": "2019-02-27", "symbol": "AENA.MC", "eps": 2.06, "epsEstimated": 1.77, "time": "bmo", "revenue": 984492000, "revenueEstimated": null, "fiscalDateEnding": "2018-12-30", "updatedFromDate": "2023-08-16"}, {"date": "2019-02-27", "symbol": "S.BK", "eps": 0.04428, "epsEstimated": null, "time": "bmo", "revenue": 3647547919, "revenueEstimated": null, "fiscalDateEnding": "2018-12-30", "updatedFromDate": "2023-05-17"}, {"date": "2019-02-27", "symbol": "CWK", "eps": 0.59, "epsEstimated": 0.63, "time": "amc", "revenue": 2401900000, "revenueEstimated": 2401900000, "fiscalDateEnding": "2018-12-30", "updatedFromDate": "2023-09-29"}, {"date": "2019-02-27", "symbol": "002607.SZ", "eps": 0.17, "epsEstimated": null, "time": "bmo", "revenue": 1870354120.75, "revenueEstimated": null, "fiscalDateEnding": "2018-12-30", "updatedFromDate": "2023-08-16"}, {"date": "2019-02-27", "symbol": "GNL", "eps": -0.09, "epsEstimated": 0.54, "time": "bmo", "revenue": 71226000, "revenueEstimated": 213678000, "fiscalDateEnding": "2018-12-30", "updatedFromDate": "2023-09-29"}, {"date": "2019-02-27", "symbol": "300296.SZ", "eps": 0.13, "epsEstimated": 0.26, "time": "bmo", "revenue": 2267366628.58, "revenueEstimated": null, "fiscalDateEnding": "2018-12-30", "updatedFromDate": "2023-08-16"}, {"date": "2019-02-27", "symbol": "TOVX", "eps": -2.8, "epsEstimated": -8.1, "time": "bmo", "revenue": null, "revenueEstimated": null, "fiscalDateEnding": "2018-12-31", "updatedFromDate": "2023-09-29"}, {"date": "2019-02-27", "symbol": "HAWPF", "eps": null, "epsEstimated": null, "time": "bmo", "revenue": null, "revenueEstimated": null, "fiscalDateEnding": "2018-12-31", "updatedFromDate": "2023-05-17"}, {"date": "2019-02-27", "symbol": "FFT.AX", "eps": null, "epsEstimated": null, "time": "bmo", "revenue": null, "revenueEstimated": null, "fiscalDateEnding": "2019-03-31", "updatedFromDate": "2023-05-17"}, {"date": "2019-02-27", "symbol": "002635.SZ", "eps": 0.16, "epsEstimated": 0.28, "time": "bmo", "revenue": null, "revenueEstimated": null, "fiscalDateEnding": "2018-12-31", "updatedFromDate": "2023-08-16"}, {"date": "2019-02-27", "symbol": "KSL.AX", "eps": 0.03473, "epsEstimated": null, "time": "bmo", "revenue": 21451971.010825, "revenueEstimated": null, "fiscalDateEnding": "2018-11-27", "updatedFromDate": "2023-05-17"}, {"date": "2019-02-27", "symbol": "SWPRF", "eps": null, "epsEstimated": null, "time": "bmo", "revenue": null, "revenueEstimated": null, "fiscalDateEnding": "2018-12-31", "updatedFromDate": "2023-05-17"}, {"date": "2019-02-27", "symbol": "SESG.PA", "eps": -0.01, "epsEstimated": 0.2, "time": "bmo", "revenue": 464100000, "revenueEstimated": null, "fiscalDateEnding": "2018-12-30", "updatedFromDate": "2023-05-17"}, {"date": "2019-02-27", "symbol": "300115.SZ", "eps": -0.15, "epsEstimated": 0.16, "time": "bmo", "revenue": 1745495604.07, "revenueEstimated": null, "fiscalDateEnding": "2018-11-27", "updatedFromDate": "2023-05-17"}, {"date": "2019-02-27", "symbol": "SECUF", "eps": null, "epsEstimated": null, "time": "bmo", "revenue": null, "revenueEstimated": null, "fiscalDateEnding": "2019-03-31", "updatedFromDate": "2023-05-17"}, {"date": "2019-02-27", "symbol": "002585.SZ", "eps": 0.05086, "epsEstimated": null, "time": "bmo", "revenue": 1031365880.37, "revenueEstimated": null, "fiscalDateEnding": "2018-12-30", "updatedFromDate": "2023-08-16"}, {"date": "2019-02-27", "symbol": "TPRE", "eps": -3.24, "epsEstimated": -3.07, "time": "amc", "revenue": null, "revenueEstimated": 198479290.12345678, "fiscalDateEnding": "2018-12-31", "updatedFromDate": "2023-05-17"}, {"date": "2019-02-27", "symbol": "HOLHF", "eps": 0.45, "epsEstimated": 0.11, "time": "bmo", "revenue": null, "revenueEstimated": null, "fiscalDateEnding": "2018-12-31", "updatedFromDate": "2023-05-17"}, {"date": "2019-02-27", "symbol": "BA.BK", "eps": -0.2, "epsEstimated": -0.11, "time": "bmo", "revenue": 5901409225, "revenueEstimated": null, "fiscalDateEnding": "2018-12-30", "updatedFromDate": "2023-08-16"}, {"date": "2019-02-27", "symbol": "JMART.BK", "eps": -0.11159, "epsEstimated": null, "time": "bmo", "revenue": 3270313084, "revenueEstimated": null, "fiscalDateEnding": "2018-12-31", "updatedFromDate": "2023-08-16"}, {"date": "2019-02-27", "symbol": "VID.MC", "eps": 1.14, "epsEstimated": null, "time": "bmo", "revenue": 252734250, "revenueEstimated": null, "fiscalDateEnding": "2018-11-27", "updatedFromDate": "2023-05-17"}, {"date": "2019-02-27", "symbol": "0LE3.L", "eps": -0.14, "epsEstimated": -0.14, "time": "bmo", "revenue": null, "revenueEstimated": null, "fiscalDateEnding": "2018-12-31", "updatedFromDate": "2023-08-16"}, {"date": "2019-02-27", "symbol": "300642.SZ", "eps": null, "epsEstimated": null, "time": "bmo", "revenue": null, "revenueEstimated": null, "fiscalDateEnding": "2018-12-31", "updatedFromDate": "2023-05-17"}, {"date": "2019-02-27", "symbol": "300113.SZ", "eps": -0.17, "epsEstimated": 0.28, "time": "bmo", "revenue": 394151106.7, "revenueEstimated": null, "fiscalDateEnding": "2018-11-27", "updatedFromDate": "2023-05-17"}, {"date": "2019-02-27", "symbol": "AZLOF", "eps": null, "epsEstimated": null, "time": "bmo", "revenue": null, "revenueEstimated": null, "fiscalDateEnding": "2018-12-31", "updatedFromDate": "2023-05-17"}, {"date": "2019-02-27", "symbol": "6048.T", "eps": 5.64, "epsEstimated": null, "time": "bmo", "revenue": 560148000, "revenueEstimated": null, "fiscalDateEnding": "2019-02-27", "updatedFromDate": "2023-05-17"}, {"date": "2019-02-27", "symbol": "002002.SZ", "eps": 0.02, "epsEstimated": null, "time": "bmo", "revenue": 1722229745.79, "revenueEstimated": null, "fiscalDateEnding": "2018-12-30", "updatedFromDate": "2023-05-17"}, {"date": "2019-02-27", "symbol": "BWLLF", "eps": -0.01, "epsEstimated": 0.1, "time": "bmo", "revenue": null, "revenueEstimated": null, "fiscalDateEnding": "2018-12-31", "updatedFromDate": "2023-05-17"}, {"date": "2019-02-27", "symbol": "HISJF", "eps": 41.12, "epsEstimated": 34.25, "time": "bmo", "revenue": null, "revenueEstimated": null, "fiscalDateEnding": "2019-03-31", "updatedFromDate": "2023-09-29"}, {"date": "2019-02-27", "symbol": "002605.SZ", "eps": 0.1331, "epsEstimated": null, "time": "bmo", "revenue": 411446844.02, "revenueEstimated": null, "fiscalDateEnding": "2018-12-30", "updatedFromDate": "2023-05-17"}, {"date": "2019-02-27", "symbol": "BSPK", "eps": -0.43896, "epsEstimated": null, "time": "bmo", "revenue": 12509, "revenueEstimated": null, "fiscalDateEnding": "2019-02-27", "updatedFromDate": "2023-05-17"}, {"date": "2019-02-27", "symbol": "LHCG", "eps": 1.03, "epsEstimated": 1.02, "time": "amc", "revenue": 509842000, "revenueEstimated": 504892077.6699029, "fiscalDateEnding": "2018-12-30", "updatedFromDate": "2023-05-17"}, {"date": "2019-02-27", "symbol": "2925.T", "eps": 12.68, "epsEstimated": null, "time": "bmo", "revenue": 9686209000, "revenueEstimated": null, "fiscalDateEnding": "2019-02-27", "updatedFromDate": "2023-05-17"}, {"date": "2019-02-27", "symbol": "GRPOF", "eps": 0.39, "epsEstimated": 0.27, "time": "bmo", "revenue": null, "revenueEstimated": null, "fiscalDateEnding": "2018-12-31", "updatedFromDate": "2023-05-17"}, {"date": "2019-02-27", "symbol": "002474.SZ", "eps": 0.00723, "epsEstimated": null, "time": "bmo", "revenue": 335106640.69, "revenueEstimated": null, "fiscalDateEnding": "2018-12-30", "updatedFromDate": "2023-05-17"}, {"date": "2019-02-27", "symbol": "000667.SZ", "eps": -0.01701, "epsEstimated": null, "time": "bmo", "revenue": 1971255508.4, "revenueEstimated": null, "fiscalDateEnding": "2018-12-30", "updatedFromDate": "2023-05-17"}, {"date": "2019-02-27", "symbol": "002221.SZ", "eps": 0.11, "epsEstimated": null, "time": "bmo", "revenue": 14451494353.35, "revenueEstimated": null, "fiscalDateEnding": "2018-12-30", "updatedFromDate": "2023-05-17"}, {"date": "2019-02-27", "symbol": "GTMAY", "eps": 0.01, "epsEstimated": null, "time": "bmo", "revenue": 356800000, "revenueEstimated": null, "fiscalDateEnding": "2018-12-31", "updatedFromDate": "2023-09-29"}, {"date": "2019-02-27", "symbol": "MAHA-A.ST", "eps": 0.1864, "epsEstimated": null, "time": "bmo", "revenue": 12595000, "revenueEstimated": null, "fiscalDateEnding": "2018-12-31", "updatedFromDate": "2023-08-17"}, {"date": "2019-02-27", "symbol": "VMO", "eps": 0.1637, "epsEstimated": null, "time": "bmo", "revenue": 31265910, "revenueEstimated": null, "fiscalDateEnding": "2019-02-27", "updatedFromDate": "2023-10-17"}, {"date": "2019-02-27", "symbol": "PDCE", "eps": -2.22, "epsEstimated": 0.56, "time": "amc", "revenue": 386364000, "revenueEstimated": 214813783.78378388, "fiscalDateEnding": "2018-12-30", "updatedFromDate": "2023-09-29"}, {"date": "2019-02-27", "symbol": "TWNK", "eps": 0.17, "epsEstimated": 0.14, "time": "amc", "revenue": 214815000, "revenueEstimated": 176906470.5882353, "fiscalDateEnding": "2018-12-30", "updatedFromDate": "2023-09-29"}, {"date": "2019-02-27", "symbol": "002421.SZ", "eps": 0.04, "epsEstimated": null, "time": "bmo", "revenue": 414096328.91, "revenueEstimated": null, "fiscalDateEnding": "2019-03-30", "updatedFromDate": "2023-05-17"}, {"date": "2019-02-27", "symbol": "QRC.TO", "eps": -0.00154, "epsEstimated": null, "time": "bmo", "revenue": null, "revenueEstimated": null, "fiscalDateEnding": "2019-02-27", "updatedFromDate": "2023-05-17"}, {"date": "2019-02-27", "symbol": "300285.SZ", "eps": 0.2348, "epsEstimated": null, "time": "bmo", "revenue": 528687444.05, "revenueEstimated": null, "fiscalDateEnding": "2018-12-30", "updatedFromDate": "2023-05-17"}, {"date": "2019-02-27", "symbol": "023150.KS", "eps": 259, "epsEstimated": null, "time": "bmo", "revenue": 20894204030, "revenueEstimated": null, "fiscalDateEnding": "2018-12-30", "updatedFromDate": "2023-05-17"}, {"date": "2019-02-27", "symbol": "002612.SZ", "eps": 0.06, "epsEstimated": null, "time": "bmo", "revenue": 721769552.24, "revenueEstimated": null, "fiscalDateEnding": "2018-11-27", "updatedFromDate": "2023-05-17"}, {"date": "2019-02-27", "symbol": "EPRT", "eps": 0.13, "epsEstimated": 0.12, "time": "amc", "revenue": 28650000, "revenueEstimated": 26446153.846153844, "fiscalDateEnding": "2018-12-30", "updatedFromDate": "2023-09-29"}, {"date": "2019-02-27", "symbol": "CKH", "eps": -0.26, "epsEstimated": 0.54, "time": "bmo", "revenue": 209524000, "revenueEstimated": 444125076.923077, "fiscalDateEnding": "2018-11-27", "updatedFromDate": "2023-05-17"}, {"date": "2019-02-27", "symbol": "VALPQ", "eps": -1.56, "epsEstimated": -1.48, "time": "bmo", "revenue": 399000000, "revenueEstimated": 377432432, "fiscalDateEnding": "2018-12-30", "updatedFromDate": "2023-05-17"}, {"date": "2019-02-27", "symbol": "OIA", "eps": -0.10518, "epsEstimated": null, "time": "bmo", "revenue": 11616850, "revenueEstimated": null, "fiscalDateEnding": "2019-02-27", "updatedFromDate": "2023-10-17"}, {"date": "2019-02-27", "symbol": "002206.SZ", "eps": 0.05159, "epsEstimated": null, "time": "bmo", "revenue": 894962527.14, "revenueEstimated": null, "fiscalDateEnding": "2018-12-30", "updatedFromDate": "2023-05-17"}, {"date": "2019-02-27", "symbol": "VGM", "eps": 0.1528, "epsEstimated": null, "time": "bmo", "revenue": 25127920, "revenueEstimated": null, "fiscalDateEnding": "2019-02-27", "updatedFromDate": "2023-10-17"}, {"date": "2019-02-27", "symbol": "NULGF", "eps": -0.00161, "epsEstimated": null, "time": "bmo", "revenue": null, "revenueEstimated": null, "fiscalDateEnding": "2018-11-27", "updatedFromDate": "2023-10-16"}, {"date": "2019-02-27", "symbol": "S41.SI", "eps": null, "epsEstimated": null, "time": "bmo", "revenue": null, "revenueEstimated": null, "fiscalDateEnding": "2018-12-31", "updatedFromDate": "2023-05-17"}, {"date": "2019-02-27", "symbol": "300719.SZ", "eps": null, "epsEstimated": null, "time": "bmo", "revenue": null, "revenueEstimated": null, "fiscalDateEnding": "2018-12-31", "updatedFromDate": "2023-05-17"}, {"date": "2019-02-27", "symbol": "002324.SZ", "eps": -0.0297, "epsEstimated": null, "time": "bmo", "revenue": 976284362.86, "revenueEstimated": null, "fiscalDateEnding": "2018-12-30", "updatedFromDate": "2023-05-17"}, {"date": "2019-02-27", "symbol": "002405.SZ", "eps": 0.13, "epsEstimated": 0.07, "time": "bmo", "revenue": 610207091.63, "revenueEstimated": null, "fiscalDateEnding": "2018-12-31", "updatedFromDate": "2023-08-25"}, {"date": "2019-02-27", "symbol": "002792.SZ", "eps": -0.04585, "epsEstimated": null, "time": "bmo", "revenue": 278563213.15, "revenueEstimated": null, "fiscalDateEnding": "2018-12-30", "updatedFromDate": "2023-05-17"}, {"date": "2019-02-27", "symbol": "KNNGF", "eps": 1.72, "epsEstimated": 1.37, "time": "bmo", "revenue": null, "revenueEstimated": null, "fiscalDateEnding": "2018-12-31", "updatedFromDate": "2023-05-17"}, {"date": "2019-02-27", "symbol": "BABWF", "eps": 0.18, "epsEstimated": 0.14, "time": "bmo", "revenue": 6060000000, "revenueEstimated": null, "fiscalDateEnding": "2018-12-31", "updatedFromDate": "2023-05-17"}, {"date": "2019-02-27", "symbol": "002537.SZ", "eps": -0.11603, "epsEstimated": null, "time": "bmo", "revenue": 1340632590.45, "revenueEstimated": null, "fiscalDateEnding": "2018-12-30", "updatedFromDate": "2023-05-17"}, {"date": "2019-02-27", "symbol": "GENGF", "eps": 0.05, "epsEstimated": 0.01111, "time": "amc", "revenue": null, "revenueEstimated": null, "fiscalDateEnding": "2018-12-31", "updatedFromDate": "2023-08-16"}, {"date": "2019-02-27", "symbol": "JOE", "eps": -0.00165, "epsEstimated": null, "time": "bmo", "revenue": 16300000, "revenueEstimated": null, "fiscalDateEnding": "2018-12-30", "updatedFromDate": "2023-09-29"}, {"date": "2019-02-27", "symbol": "0388.HK", "eps": 1.46, "epsEstimated": 1.65, "time": "bmo", "revenue": 3304000000, "revenueEstimated": null, "fiscalDateEnding": "2018-12-30", "updatedFromDate": "2023-05-17"}, {"date": "2019-02-27", "symbol": "002837.SZ", "eps": 0.06959, "epsEstimated": null, "time": "bmo", "revenue": 375453906.76, "revenueEstimated": null, "fiscalDateEnding": "2018-12-30", "updatedFromDate": "2023-08-16"}, {"date": "2019-02-27", "symbol": "NIF-UN.TO", "eps": -0.16775, "epsEstimated": null, "time": "bmo", "revenue": 211509000, "revenueEstimated": null, "fiscalDateEnding": "2018-12-30", "updatedFromDate": "2023-05-17"}, {"date": "2019-02-27", "symbol": "IVBT", "eps": 0.03054, "epsEstimated": null, "time": "bmo", "revenue": 62259, "revenueEstimated": null, "fiscalDateEnding": "2019-02-27", "updatedFromDate": "2023-10-17"}, {"date": "2019-02-27", "symbol": "002228.SZ", "eps": -0.21, "epsEstimated": null, "time": "bmo", "revenue": 2876414886.99, "revenueEstimated": null, "fiscalDateEnding": "2018-11-27", "updatedFromDate": "2023-05-17"}, {"date": "2019-02-27", "symbol": "002048.SZ", "eps": 0.364, "epsEstimated": null, "time": "bmo", "revenue": 4212469113.44, "revenueEstimated": null, "fiscalDateEnding": "2018-12-30", "updatedFromDate": "2023-05-17"}, {"date": "2019-02-27", "symbol": "JMT.LS", "eps": 0.17, "epsEstimated": 0.18, "time": "bmo", "revenue": 4536775000, "revenueEstimated": null, "fiscalDateEnding": "2018-12-30", "updatedFromDate": "2023-05-17"}, {"date": "2019-02-27", "symbol": "002389.SZ", "eps": 0.17, "epsEstimated": null, "time": "bmo", "revenue": 1214974322.59, "revenueEstimated": null, "fiscalDateEnding": "2018-12-30", "updatedFromDate": "2023-05-17"}, {"date": "2019-02-27", "symbol": "002159.SZ", "eps": -0.18, "epsEstimated": null, "time": "bmo", "revenue": 144589375.37, "revenueEstimated": null, "fiscalDateEnding": "2018-12-30", "updatedFromDate": "2023-05-17"}, {"date": "2019-02-27", "symbol": "300015.SZ", "eps": 0.03, "epsEstimated": 0.03214, "time": "bmo", "revenue": 1884297631.34, "revenueEstimated": null, "fiscalDateEnding": "2018-12-30", "updatedFromDate": "2023-05-17"}, {"date": "2019-02-27", "symbol": "JCAP", "eps": 0.87, "epsEstimated": 0.74, "time": "bmo", "revenue": 9666000, "revenueEstimated": 8221655.172413792, "fiscalDateEnding": "2018-12-30", "updatedFromDate": "2023-05-17"}, {"date": "2019-02-27", "symbol": "DMB", "eps": 0.00679, "epsEstimated": null, "time": "bmo", "revenue": 8792800, "revenueEstimated": null, "fiscalDateEnding": "2019-02-27", "updatedFromDate": "2023-10-17"}, {"date": "2019-02-27", "symbol": "002101.SZ", "eps": 0.11, "epsEstimated": null, "time": "bmo", "revenue": 1827642830.49, "revenueEstimated": null, "fiscalDateEnding": "2018-12-30", "updatedFromDate": "2023-05-17"}, {"date": "2019-02-27", "symbol": "002543.SZ", "eps": 0.16, "epsEstimated": null, "time": "bmo", "revenue": 1622261887.33, "revenueEstimated": null, "fiscalDateEnding": "2018-12-30", "updatedFromDate": "2023-05-17"}, {"date": "2019-02-27", "symbol": "002367.SZ", "eps": 0.06, "epsEstimated": 0.12, "time": "bmo", "revenue": 819515973.33, "revenueEstimated": null, "fiscalDateEnding": "2018-12-31", "updatedFromDate": "2023-08-17"}, {"date": "2019-02-27", "symbol": "PPG.AX", "eps": 0.02147, "epsEstimated": null, "time": "bmo", "revenue": 119550000, "revenueEstimated": null, "fiscalDateEnding": "2018-11-27", "updatedFromDate": "2023-10-17"}, {"date": "2019-02-27", "symbol": "002520.SZ", "eps": 0.13, "epsEstimated": null, "time": "bmo", "revenue": 1069299887.33, "revenueEstimated": null, "fiscalDateEnding": "2018-12-30", "updatedFromDate": "2023-05-17"}, {"date": "2019-02-27", "symbol": "GEF-B", "eps": 0.65, "epsEstimated": 0.64, "time": "amc", "revenue": 897000000, "revenueEstimated": 883200000, "fiscalDateEnding": "2019-01-30", "updatedFromDate": "2023-05-17"}, {"date": "2019-02-27", "symbol": "002632.SZ", "eps": 0.11, "epsEstimated": null, "time": "bmo", "revenue": 298173315.59, "revenueEstimated": null, "fiscalDateEnding": "2019-03-30", "updatedFromDate": "2023-05-17"}, {"date": "2019-02-27", "symbol": "300659.SZ", "eps": 0.22, "epsEstimated": null, "time": "bmo", "revenue": null, "revenueEstimated": null, "fiscalDateEnding": "2018-12-31", "updatedFromDate": "2023-05-17"}, {"date": "2019-02-27", "symbol": "284740.KS", "eps": 33.8, "epsEstimated": 531.2, "time": "bmo", "revenue": 115558642280, "revenueEstimated": null, "fiscalDateEnding": "2018-12-30", "updatedFromDate": "2023-05-17"}, {"date": "2019-02-27", "symbol": "002419.SZ", "eps": 0.19, "epsEstimated": null, "time": "bmo", "revenue": 5303829075.5, "revenueEstimated": null, "fiscalDateEnding": "2018-12-30", "updatedFromDate": "2023-05-17"}, {"date": "2019-02-27", "symbol": "VRRKF", "eps": null, "epsEstimated": null, "time": "bmo", "revenue": null, "revenueEstimated": null, "fiscalDateEnding": "2018-12-31", "updatedFromDate": "2023-05-17"}, {"date": "2019-02-27", "symbol": "BOLD", "eps": -0.84, "epsEstimated": -0.91, "time": "bmo", "revenue": null, "revenueEstimated": null, "fiscalDateEnding": "2018-12-30", "updatedFromDate": "2023-05-17"}, {"date": "2019-02-27", "symbol": "8383.HK", "eps": 0.0006, "epsEstimated": null, "time": "bmo", "revenue": 44533000, "revenueEstimated": null, "fiscalDateEnding": "2019-02-27", "updatedFromDate": "2023-05-17"}, {"date": "2019-02-27", "symbol": "002403.SZ", "eps": 0.09327, "epsEstimated": null, "time": "bmo", "revenue": 991457412.44, "revenueEstimated": null, "fiscalDateEnding": "2018-12-30", "updatedFromDate": "2023-05-17"}, {"date": "2019-02-27", "symbol": "300166.SZ", "eps": 0.33, "epsEstimated": null, "time": "bmo", "revenue": 1044196927.31, "revenueEstimated": null, "fiscalDateEnding": "2018-12-31", "updatedFromDate": "2023-08-25"}, {"date": "2019-02-27", "symbol": "002269.SZ", "eps": 0.00017, "epsEstimated": null, "time": "bmo", "revenue": 2130489932, "revenueEstimated": null, "fiscalDateEnding": "2018-12-30", "updatedFromDate": "2023-05-17"}, {"date": "2019-02-27", "symbol": "CAOLF", "eps": null, "epsEstimated": null, "time": "bmo", "revenue": null, "revenueEstimated": null, "fiscalDateEnding": "2018-12-31", "updatedFromDate": "2023-05-17"}, {"date": "2019-02-27", "symbol": "BTI", "eps": 0.8, "epsEstimated": null, "time": "bmo", "revenue": 7925137729, "revenueEstimated": null, "fiscalDateEnding": "2018-11-27", "updatedFromDate": "2023-08-25"}, {"date": "2019-02-27", "symbol": "FCC.MC", "eps": 0.19, "epsEstimated": null, "time": "bmo", "revenue": 1229900000, "revenueEstimated": null, "fiscalDateEnding": "2018-11-27", "updatedFromDate": "2023-05-17"}, {"date": "2019-02-27", "symbol": "PEG", "eps": 0.56, "epsEstimated": 0.55, "time": "bmo", "revenue": 2468000000, "revenueEstimated": null, "fiscalDateEnding": "2018-12-30", "updatedFromDate": "2023-09-29"}, {"date": "2019-02-27", "symbol": "JNSTF", "eps": -0.03, "epsEstimated": -0.01111, "time": "bmo", "revenue": null, "revenueEstimated": null, "fiscalDateEnding": "2018-12-31", "updatedFromDate": "2023-05-17"}, {"date": "2019-02-27", "symbol": "300673.SZ", "eps": null, "epsEstimated": null, "time": "bmo", "revenue": null, "revenueEstimated": null, "fiscalDateEnding": "2018-12-31", "updatedFromDate": "2023-05-17"}, {"date": "2019-02-27", "symbol": "ASM", "eps": 0.02, "epsEstimated": 0.003, "time": "amc", "revenue": 8268000, "revenueEstimated": null, "fiscalDateEnding": "2018-12-31", "updatedFromDate": "2023-09-29"}, {"date": "2019-02-27", "symbol": "CVNA", "eps": -0.55, "epsEstimated": -0.47, "time": "amc", "revenue": 584838000, "revenueEstimated": 521037490.9090909, "fiscalDateEnding": "2018-12-30", "updatedFromDate": "2023-09-29"}, {"date": "2019-02-27", "symbol": "SKN.BK", "eps": 0.07585, "epsEstimated": null, "time": "bmo", "revenue": 371532485, "revenueEstimated": null, "fiscalDateEnding": "2018-12-30", "updatedFromDate": "2023-05-17"}, {"date": "2019-02-27", "symbol": "LXP", "eps": 0.1, "epsEstimated": 0.05, "time": "bmo", "revenue": 87251000, "revenueEstimated": 44091000, "fiscalDateEnding": "2018-12-30", "updatedFromDate": "2023-09-29"}, {"date": "2019-02-27", "symbol": "300571.SZ", "eps": null, "epsEstimated": null, "time": "bmo", "revenue": null, "revenueEstimated": null, "fiscalDateEnding": "2018-12-31", "updatedFromDate": "2023-05-17"}, {"date": "2019-02-27", "symbol": "300666.SZ", "eps": null, "epsEstimated": null, "time": "bmo", "revenue": null, "revenueEstimated": null, "fiscalDateEnding": "2018-12-31", "updatedFromDate": "2023-08-16"}, {"date": "2019-02-27", "symbol": "OBSJF", "eps": null, "epsEstimated": null, "time": "bmo", "revenue": null, "revenueEstimated": null, "fiscalDateEnding": "2018-12-31", "updatedFromDate": "2023-05-17"}, {"date": "2019-02-27", "symbol": "002399.SZ", "eps": 0.13, "epsEstimated": null, "time": "bmo", "revenue": 1482955756.74, "revenueEstimated": null, "fiscalDateEnding": "2018-12-30", "updatedFromDate": "2023-05-17"}, {"date": "2019-02-27", "symbol": "002773.SZ", "eps": 0.22, "epsEstimated": null, "time": "bmo", "revenue": 734982733.22, "revenueEstimated": null, "fiscalDateEnding": "2018-12-30", "updatedFromDate": "2023-05-17"}, {"date": "2019-02-27", "symbol": "YTLPF", "eps": null, "epsEstimated": null, "time": "bmo", "revenue": null, "revenueEstimated": null, "fiscalDateEnding": "2018-12-31", "updatedFromDate": "2023-05-17"}, {"date": "2019-02-27", "symbol": "002666.SZ", "eps": 0.06, "epsEstimated": null, "time": "bmo", "revenue": 1081736265.39, "revenueEstimated": null, "fiscalDateEnding": "2018-12-30", "updatedFromDate": "2023-05-17"}, {"date": "2019-02-27", "symbol": "002019.SZ", "eps": 0.02, "epsEstimated": null, "time": "bmo", "revenue": 1198214662.61, "revenueEstimated": null, "fiscalDateEnding": "2018-12-30", "updatedFromDate": "2023-05-17"}, {"date": "2019-02-27", "symbol": "002821.SZ", "eps": 0.755, "epsEstimated": null, "time": "bmo", "revenue": 629915038.28, "revenueEstimated": null, "fiscalDateEnding": "2018-12-30", "updatedFromDate": "2023-05-17"}, {"date": "2019-02-27", "symbol": "002313.SZ", "eps": -0.1, "epsEstimated": 0.25, "time": "bmo", "revenue": 1738713033.64, "revenueEstimated": null, "fiscalDateEnding": "2018-12-30", "updatedFromDate": "2023-05-17"}, {"date": "2019-02-27", "symbol": "SEN.AX", "eps": -0.00025, "epsEstimated": null, "time": "bmo", "revenue": 5651245.75, "revenueEstimated": null, "fiscalDateEnding": "2018-11-27", "updatedFromDate": "2023-10-17"}, {"date": "2019-02-27", "symbol": "002838.SZ", "eps": 0.08611, "epsEstimated": null, "time": "bmo", "revenue": 560138232.63, "revenueEstimated": null, "fiscalDateEnding": "2018-12-30", "updatedFromDate": "2023-05-17"}, {"date": "2019-02-27", "symbol": "002428.SZ", "eps": 0.001, "epsEstimated": null, "time": "bmo", "revenue": 103014112.38, "revenueEstimated": null, "fiscalDateEnding": "2018-11-27", "updatedFromDate": "2023-05-17"}, {"date": "2019-02-27", "symbol": "LDHOF", "eps": null, "epsEstimated": null, "time": "bmo", "revenue": null, "revenueEstimated": null, "fiscalDateEnding": "2018-12-31", "updatedFromDate": "2023-05-17"}, {"date": "2019-02-27", "symbol": "PRINC.BK", "eps": -0.03727, "epsEstimated": null, "time": "bmo", "revenue": 646432724, "revenueEstimated": null, "fiscalDateEnding": "2018-12-30", "updatedFromDate": "2023-05-17"}, {"date": "2019-02-27", "symbol": "ENMPF", "eps": null, "epsEstimated": null, "time": "bmo", "revenue": null, "revenueEstimated": null, "fiscalDateEnding": "2018-12-31", "updatedFromDate": "2023-05-17"}, {"date": "2019-02-27", "symbol": "GEF.B", "eps": 0.65, "epsEstimated": null, "time": "amc", "revenue": null, "revenueEstimated": null, "fiscalDateEnding": "2018-12-31", "updatedFromDate": "2023-09-29"}, {"date": "2019-02-27", "symbol": "AFI.CN", "eps": -0.01067, "epsEstimated": null, "time": "bmo", "revenue": 3000, "revenueEstimated": null, "fiscalDateEnding": "2019-02-27", "updatedFromDate": "2023-10-09"}, {"date": "2019-02-27", "symbol": "002414.SZ", "eps": 0.02, "epsEstimated": null, "time": "bmo", "revenue": 177028551.03, "revenueEstimated": null, "fiscalDateEnding": "2018-11-27", "updatedFromDate": "2023-05-17"}, {"date": "2019-02-27", "symbol": "WINR", "eps": -0.15995, "epsEstimated": null, "time": "bmo", "revenue": 14070, "revenueEstimated": null, "fiscalDateEnding": "2019-02-27", "updatedFromDate": "2023-09-29"}, {"date": "2019-02-27", "symbol": "MFIN", "eps": 0.32, "epsEstimated": 0.0123, "time": "amc", "revenue": 22324000, "revenueEstimated": 1582187.5, "fiscalDateEnding": "2018-12-30", "updatedFromDate": "2023-09-29"}, {"date": "2019-02-27", "symbol": "PLNTQ", "eps": null, "epsEstimated": null, "time": "bmo", "revenue": null, "revenueEstimated": null, "fiscalDateEnding": "2018-12-31", "updatedFromDate": "2023-05-17"}, {"date": "2019-02-27", "symbol": "300138.SZ", "eps": 0.06, "epsEstimated": null, "time": "bmo", "revenue": null, "revenueEstimated": null, "fiscalDateEnding": "2018-12-31", "updatedFromDate": "2023-08-16"}, {"date": "2019-02-27", "symbol": "002563.SZ", "eps": 0.16, "epsEstimated": 0.12, "time": "bmo", "revenue": 4117829110.03, "revenueEstimated": null, "fiscalDateEnding": "2018-11-27", "updatedFromDate": "2023-05-17"}, {"date": "2019-02-27", "symbol": "300347.SZ", "eps": 0.21, "epsEstimated": 0.18, "time": "bmo", "revenue": 706213831.15, "revenueEstimated": null, "fiscalDateEnding": "2018-12-30", "updatedFromDate": "2023-05-17"}, {"date": "2019-02-27", "symbol": "WIE.VI", "eps": 0.16, "epsEstimated": 0.23, "time": "bmo", "revenue": 809884000, "revenueEstimated": null, "fiscalDateEnding": "2018-12-30", "updatedFromDate": "2023-08-16"}, {"date": "2019-02-27", "symbol": "002616.SZ", "eps": 0.09391, "epsEstimated": null, "time": "bmo", "revenue": 529284423.31, "revenueEstimated": null, "fiscalDateEnding": "2018-12-30", "updatedFromDate": "2023-05-17"}, {"date": "2019-02-27", "symbol": "ALSSF", "eps": 0.22, "epsEstimated": 0.43, "time": "bmo", "revenue": null, "revenueEstimated": 1093372727.2727273, "fiscalDateEnding": "2018-12-31", "updatedFromDate": "2023-05-17"}, {"date": "2019-02-27", "symbol": "CLIGF", "eps": null, "epsEstimated": null, "time": "bmo", "revenue": null, "revenueEstimated": null, "fiscalDateEnding": "2018-12-31", "updatedFromDate": "2023-05-17"}, {"date": "2019-02-27", "symbol": "ACS.MC", "eps": 0.72, "epsEstimated": 1, "time": "bmo", "revenue": 9567516000, "revenueEstimated": null, "fiscalDateEnding": "2018-12-30", "updatedFromDate": "2023-05-17"}, {"date": "2019-02-27", "symbol": "OPK", "eps": -0.08, "epsEstimated": -0.09, "time": "bmo", "revenue": 221900000, "revenueEstimated": 153591230.76923075, "fiscalDateEnding": "2018-12-30", "updatedFromDate": "2023-09-29"}, {"date": "2019-02-27", "symbol": "INDP", "eps": 29.6, "epsEstimated": 24.16, "time": "bmo", "revenue": null, "revenueEstimated": null, "fiscalDateEnding": "2018-12-29", "updatedFromDate": "2023-09-29"}, {"date": "2019-02-27", "symbol": "002125.SZ", "eps": 0.02, "epsEstimated": null, "time": "bmo", "revenue": 258708039.31, "revenueEstimated": null, "fiscalDateEnding": "2018-11-27", "updatedFromDate": "2023-05-17"}, {"date": "2019-02-27", "symbol": "1665.HK", "eps": null, "epsEstimated": null, "time": "bmo", "revenue": null, "revenueEstimated": null, "fiscalDateEnding": "2018-12-30", "updatedFromDate": "2023-05-17"}, {"date": "2019-02-27", "symbol": "002145.SZ", "eps": 0.05619, "epsEstimated": null, "time": "bmo", "revenue": 755274952.35, "revenueEstimated": null, "fiscalDateEnding": "2018-12-30", "updatedFromDate": "2023-05-17"}, {"date": "2019-02-27", "symbol": "PGUUF", "eps": 0.03, "epsEstimated": 0.05, "time": "bmo", "revenue": null, "revenueEstimated": null, "fiscalDateEnding": "2018-12-31", "updatedFromDate": "2023-05-17"}, {"date": "2019-02-27", "symbol": "002739.SZ", "eps": 0.01, "epsEstimated": 0.15, "time": "bmo", "revenue": 3183616520.22, "revenueEstimated": null, "fiscalDateEnding": "2018-12-31", "updatedFromDate": "2023-08-25"}, {"date": "2019-02-27", "symbol": "002698.SZ", "eps": 0.05, "epsEstimated": null, "time": "bmo", "revenue": 284186269.82, "revenueEstimated": null, "fiscalDateEnding": "2018-12-30", "updatedFromDate": "2023-05-17"}, {"date": "2019-02-27", "symbol": "CORR", "eps": 1.32, "epsEstimated": 0.97, "time": "amc", "revenue": 22900039, "revenueEstimated": 31939529.473684214, "fiscalDateEnding": "2018-12-30", "updatedFromDate": "2023-09-29"}, {"date": "2019-02-27", "symbol": "CKRGQ", "eps": 42, "epsEstimated": 37.29, "time": "bmo", "revenue": null, "revenueEstimated": 443928.5714285714, "fiscalDateEnding": "2018-12-31", "updatedFromDate": "2023-05-17"}, {"date": "2019-02-27", "symbol": "CUERVO.MX", "eps": 0.54, "epsEstimated": 0.4, "time": "bmo", "revenue": 10268268000, "revenueEstimated": null, "fiscalDateEnding": "2018-12-31", "updatedFromDate": "2023-05-17"}, {"date": "2019-02-27", "symbol": "NUG.V", "eps": null, "epsEstimated": null, "time": "bmo", "revenue": null, "revenueEstimated": null, "fiscalDateEnding": "2019-06-30", "updatedFromDate": "2023-05-17"}, {"date": "2019-02-27", "symbol": "DNR", "eps": 0.1, "epsEstimated": 0.1, "time": "bmo", "revenue": 336104000, "revenueEstimated": 338355000, "fiscalDateEnding": "2018-12-30", "updatedFromDate": "2023-05-17"}, {"date": "2019-02-27", "symbol": "EWG.CN", "eps": 0.00465, "epsEstimated": null, "time": "bmo", "revenue": null, "revenueEstimated": null, "fiscalDateEnding": "2019-02-27", "updatedFromDate": "2023-05-17"}, {"date": "2019-02-27", "symbol": "002382.SZ", "eps": 0.06, "epsEstimated": null, "time": "bmo", "revenue": 859878263.18, "revenueEstimated": null, "fiscalDateEnding": "2018-12-30", "updatedFromDate": "2023-05-17"}, {"date": "2019-02-27", "symbol": "P34.SI", "eps": 0.01512, "epsEstimated": null, "time": "bmo", "revenue": 128226000, "revenueEstimated": null, "fiscalDateEnding": "2018-11-27", "updatedFromDate": "2023-05-17"}, {"date": "2019-02-27", "symbol": "KOR.TO", "eps": -0.02608, "epsEstimated": null, "time": "bmo", "revenue": null, "revenueEstimated": null, "fiscalDateEnding": "2019-02-27", "updatedFromDate": "2023-10-16"}, {"date": "2019-02-27", "symbol": "NANOV.OL", "eps": -1.78, "epsEstimated": -2.17, "time": "bmo", "revenue": null, "revenueEstimated": null, "fiscalDateEnding": "2018-12-31", "updatedFromDate": "2023-08-25"}, {"date": "2019-02-27", "symbol": "002567.SZ", "eps": 0.01, "epsEstimated": null, "time": "bmo", "revenue": 4333979667.97, "revenueEstimated": null, "fiscalDateEnding": "2018-12-30", "updatedFromDate": "2023-05-17"}, {"date": "2019-02-27", "symbol": "BILI", "eps": -0.07, "epsEstimated": -0.1, "time": "amc", "revenue": 1155545000, "revenueEstimated": 1657955869.5652173, "fiscalDateEnding": "2018-12-31", "updatedFromDate": "2023-09-29"}, {"date": "2019-02-27", "symbol": "MEL.MC", "eps": 0.0886, "epsEstimated": 0.04, "time": "bmo", "revenue": 417116000, "revenueEstimated": null, "fiscalDateEnding": "2018-12-30", "updatedFromDate": "2023-05-17"}, {"date": "2019-02-27", "symbol": "CODEF", "eps": null, "epsEstimated": null, "time": "bmo", "revenue": null, "revenueEstimated": null, "fiscalDateEnding": "2018-12-31", "updatedFromDate": "2023-05-17"}, {"date": "2019-02-27", "symbol": "LAI.CN", "eps": -0.00082, "epsEstimated": null, "time": "bmo", "revenue": null, "revenueEstimated": null, "fiscalDateEnding": "2019-02-27", "updatedFromDate": "2023-10-16"}, {"date": "2019-02-27", "symbol": "300451.SZ", "eps": 0.09, "epsEstimated": null, "time": "bmo", "revenue": 320103330.07, "revenueEstimated": null, "fiscalDateEnding": "2018-11-27", "updatedFromDate": "2023-05-17"}, {"date": "2019-02-27", "symbol": "FTDR", "eps": 0.23, "epsEstimated": 0.06, "time": "bmo", "revenue": 279000000, "revenueEstimated": 72782608.69565216, "fiscalDateEnding": "2018-12-30", "updatedFromDate": "2023-09-29"}, {"date": "2019-02-27", "symbol": "ADBE.SW", "eps": 1.36, "epsEstimated": null, "time": "bmo", "revenue": 2600946000, "revenueEstimated": null, "fiscalDateEnding": "2019-02-27", "updatedFromDate": "2023-05-17"}, {"date": "2019-02-27", "symbol": "002115.SZ", "eps": 0.07, "epsEstimated": 0.11, "time": "bmo", "revenue": 1172281359.83, "revenueEstimated": null, "fiscalDateEnding": "2018-12-30", "updatedFromDate": "2023-05-17"}, {"date": "2019-02-27", "symbol": "LBTYK", "eps": 0.03, "epsEstimated": 0.1, "time": "amc", "revenue": 2860200000, "revenueEstimated": 621782608.6956524, "fiscalDateEnding": "2018-12-30", "updatedFromDate": "2023-09-29"}, {"date": "2019-02-27", "symbol": "DNRCQ", "eps": 0.1, "epsEstimated": 0.1, "time": "bmo", "revenue": 336104000, "revenueEstimated": 336104000, "fiscalDateEnding": "2018-12-30", "updatedFromDate": "2023-05-17"}, {"date": "2019-02-27", "symbol": "UNIQ.BK", "eps": 0.23, "epsEstimated": 0.2, "time": "bmo", "revenue": 2955756000, "revenueEstimated": null, "fiscalDateEnding": "2018-11-27", "updatedFromDate": "2023-05-17"}, {"date": "2019-02-27", "symbol": "ITEL.BK", "eps": 0.03401, "epsEstimated": null, "time": "bmo", "revenue": 314279064, "revenueEstimated": null, "fiscalDateEnding": "2018-12-30", "updatedFromDate": "2023-05-17"}, {"date": "2019-02-27", "symbol": "STRO.OL", "eps": -0.05064, "epsEstimated": null, "time": "bmo", "revenue": 307935000, "revenueEstimated": null, "fiscalDateEnding": "2018-12-30", "updatedFromDate": "2023-05-17"}, {"date": "2019-02-27", "symbol": "RGNX", "eps": 0.04, "epsEstimated": -0.32, "time": "amc", "revenue": 40777000, "revenueEstimated": 126038000, "fiscalDateEnding": "2018-12-30", "updatedFromDate": "2023-09-29"}, {"date": "2019-02-27", "symbol": "IOVA", "eps": -0.27, "epsEstimated": -0.27, "time": "amc", "revenue": null, "revenueEstimated": null, "fiscalDateEnding": "2018-12-30", "updatedFromDate": "2023-09-29"}, {"date": "2019-02-27", "symbol": "PRQR", "eps": -0.38, "epsEstimated": -0.53, "time": "bmo", "revenue": 4941000, "revenueEstimated": 929060.6060606061, "fiscalDateEnding": "2018-12-31", "updatedFromDate": "2023-09-29"}, {"date": "2019-02-27", "symbol": "002087.SZ", "eps": 0.08456, "epsEstimated": null, "time": "bmo", "revenue": 1314013300.66, "revenueEstimated": null, "fiscalDateEnding": "2018-12-30", "updatedFromDate": "2023-05-17"}, {"date": "2019-02-27", "symbol": "300679.SZ", "eps": null, "epsEstimated": null, "time": "bmo", "revenue": null, "revenueEstimated": null, "fiscalDateEnding": "2018-12-31", "updatedFromDate": "2023-05-17"}, {"date": "2019-02-27", "symbol": "CHKAQ", "eps": 42, "epsEstimated": 37.29, "time": "bmo", "revenue": null, "revenueEstimated": null, "fiscalDateEnding": "2018-12-31", "updatedFromDate": "2023-05-17"}, {"date": "2019-02-27", "symbol": "EE", "eps": 0.38, "epsEstimated": null, "time": "bmo", "revenue": 190823000, "revenueEstimated": null, "fiscalDateEnding": "2018-12-30", "updatedFromDate": "2023-09-29"}, {"date": "2019-02-27", "symbol": "MDGL", "eps": -0.75, "epsEstimated": -0.75, "time": "bmo", "revenue": null, "revenueEstimated": null, "fiscalDateEnding": "2018-12-30", "updatedFromDate": "2023-09-29"}, {"date": "2019-02-27", "symbol": "AMP.MC", "eps": null, "epsEstimated": null, "time": "bmo", "revenue": null, "revenueEstimated": null, "fiscalDateEnding": "2018-12-31", "updatedFromDate": "2023-05-17"}, {"date": "2019-02-27", "symbol": "C8R.SI", "eps": null, "epsEstimated": null, "time": "bmo", "revenue": null, "revenueEstimated": null, "fiscalDateEnding": "2018-12-31", "updatedFromDate": "2023-05-17"}, {"date": "2019-02-27", "symbol": "300012.SZ", "eps": 0.06, "epsEstimated": 0.07, "time": "bmo", "revenue": 848070717.79, "revenueEstimated": null, "fiscalDateEnding": "2018-12-30", "updatedFromDate": "2023-05-17"}, {"date": "2019-02-27", "symbol": "KW", "eps": 0.62, "epsEstimated": -0.07, "time": "amc", "revenue": 178700000, "revenueEstimated": 59566666.666666694, "fiscalDateEnding": "2018-12-30", "updatedFromDate": "2023-09-29"}, {"date": "2019-02-27", "symbol": "300740.SZ", "eps": null, "epsEstimated": null, "time": "bmo", "revenue": null, "revenueEstimated": null, "fiscalDateEnding": "2018-12-31", "updatedFromDate": "2023-05-17"}, {"date": "2019-02-27", "symbol": "RUBI", "eps": 0.03, "epsEstimated": -0.05, "time": "bmo", "revenue": 41432000, "revenueEstimated": 69053333.33333334, "fiscalDateEnding": "2018-12-30", "updatedFromDate": "2023-05-17"}, {"date": "2019-02-27", "symbol": "NCZ", "eps": -0.24411, "epsEstimated": null, "time": "amc", "revenue": 20020000, "revenueEstimated": null, "fiscalDateEnding": "2019-02-27", "updatedFromDate": "2023-10-17"}, {"date": "2019-02-27", "symbol": "BYM", "eps": 0.2621, "epsEstimated": null, "time": "bmo", "revenue": 13058410, "revenueEstimated": null, "fiscalDateEnding": "2019-02-27", "updatedFromDate": "2023-05-17"}, {"date": "2019-02-27", "symbol": "002262.SZ", "eps": 0.1, "epsEstimated": 0.07, "time": "bmo", "revenue": 969186421.49, "revenueEstimated": null, "fiscalDateEnding": "2018-12-30", "updatedFromDate": "2023-05-17"}, {"date": "2019-02-27", "symbol": "300068.SZ", "eps": -0.22, "epsEstimated": null, "time": "bmo", "revenue": 1474491376.33, "revenueEstimated": null, "fiscalDateEnding": "2018-12-30", "updatedFromDate": "2023-05-17"}, {"date": "2019-02-27", "symbol": "300148.SZ", "eps": null, "epsEstimated": null, "time": "bmo", "revenue": null, "revenueEstimated": null, "fiscalDateEnding": "2018-12-31", "updatedFromDate": "2023-05-17"}, {"date": "2019-02-27", "symbol": "MGPI", "eps": 0.69, "epsEstimated": 0.56, "time": "bmo", "revenue": 104850000, "revenueEstimated": 85095652.17391306, "fiscalDateEnding": "2018-12-30", "updatedFromDate": "2023-09-29"}, {"date": "2019-02-27", "symbol": "002244.SZ", "eps": 0.16, "epsEstimated": null, "time": "bmo", "revenue": 8883672941.09, "revenueEstimated": null, "fiscalDateEnding": "2018-12-30", "updatedFromDate": "2023-05-17"}, {"date": "2019-02-27", "symbol": "ABLZF", "eps": 0.3, "epsEstimated": 0.28, "time": "bmo", "revenue": null, "revenueEstimated": 2202666.666666667, "fiscalDateEnding": "2018-12-31", "updatedFromDate": "2023-05-17"}, {"date": "2019-02-27", "symbol": "SRPT", "eps": -0.85, "epsEstimated": -0.66, "time": "amc", "revenue": 84415000, "revenueEstimated": 78743657.94873047, "fiscalDateEnding": "2018-12-30", "updatedFromDate": "2023-09-29"}, {"date": "2019-02-27", "symbol": "CCLP", "eps": -0.08, "epsEstimated": -0.08, "time": "bmo", "revenue": 138068000, "revenueEstimated": 138068000, "fiscalDateEnding": "2018-12-30", "updatedFromDate": "2023-09-29"}, {"date": "2019-02-27", "symbol": "PNM", "eps": 0.18, "epsEstimated": 0.17, "time": "bmo", "revenue": 343756000, "revenueEstimated": 324521500, "fiscalDateEnding": "2018-12-30", "updatedFromDate": "2023-09-29"}, {"date": "2019-02-27", "symbol": "002701.SZ", "eps": -0.2, "epsEstimated": null, "time": "bmo", "revenue": 1925463577, "revenueEstimated": null, "fiscalDateEnding": "2018-12-30", "updatedFromDate": "2023-05-17"}, {"date": "2019-02-27", "symbol": "NRP.JO", "eps": null, "epsEstimated": null, "time": "bmo", "revenue": null, "revenueEstimated": null, "fiscalDateEnding": "2018-11-27", "updatedFromDate": "2023-05-17"}, {"date": "2019-02-27", "symbol": "6004.SR", "eps": 0.93, "epsEstimated": 1.3, "time": "bmo", "revenue": 315002612, "revenueEstimated": null, "fiscalDateEnding": "2018-12-30", "updatedFromDate": "2023-05-17"}, {"date": "2019-02-27", "symbol": "300661.SZ", "eps": 0.1358, "epsEstimated": null, "time": "bmo", "revenue": 137305829.06, "revenueEstimated": null, "fiscalDateEnding": "2018-12-30", "updatedFromDate": "2023-08-16"}, {"date": "2019-02-27", "symbol": "300438.SZ", "eps": -0.01072, "epsEstimated": null, "time": "bmo", "revenue": 798572510.6, "revenueEstimated": null, "fiscalDateEnding": "2018-12-30", "updatedFromDate": "2023-05-17"}, {"date": "2019-02-27", "symbol": "MEKKO.HE", "eps": 0.16, "epsEstimated": 0.17, "time": "bmo", "revenue": 27116000, "revenueEstimated": null, "fiscalDateEnding": "2018-11-27", "updatedFromDate": "2023-05-17"}, {"date": "2019-02-27", "symbol": "STAY", "eps": 0.21, "epsEstimated": 0.19, "time": "amc", "revenue": 289715000, "revenueEstimated": 262123095.23809525, "fiscalDateEnding": "2018-12-30", "updatedFromDate": "2023-05-17"}, {"date": "2019-02-27", "symbol": "NMFX", "eps": 0.16, "epsEstimated": 0.35, "time": "bmo", "revenue": null, "revenueEstimated": null, "fiscalDateEnding": "2018-12-29", "updatedFromDate": "2023-05-17"}, {"date": "2019-02-27", "symbol": "MMEN.CN", "eps": -0.25, "epsEstimated": -0.12, "time": "bmo", "revenue": 43974745, "revenueEstimated": null, "fiscalDateEnding": "2018-11-27", "updatedFromDate": "2023-10-16"}, {"date": "2019-02-27", "symbol": "MNLO", "eps": -0.76, "epsEstimated": -0.81, "time": "bmo", "revenue": null, "revenueEstimated": 11340000.000000002, "fiscalDateEnding": "2018-12-30", "updatedFromDate": "2023-05-17"}, {"date": "2019-02-27", "symbol": "MVC.MC", "eps": 0.01, "epsEstimated": 0.16, "time": "bmo", "revenue": 28900000, "revenueEstimated": null, "fiscalDateEnding": "2018-11-27", "updatedFromDate": "2023-05-17"}, {"date": "2019-02-27", "symbol": "GPOR", "eps": 0.46, "epsEstimated": 0.5, "time": "bmo", "revenue": 442692000, "revenueEstimated": 452119565.21739125, "fiscalDateEnding": "2018-12-30", "updatedFromDate": "2023-09-29"}, {"date": "2019-02-27", "symbol": "TVO.BK", "eps": 0.34, "epsEstimated": 0.46, "time": "bmo", "revenue": 6284082785, "revenueEstimated": null, "fiscalDateEnding": "2018-12-30", "updatedFromDate": "2023-05-17"}, {"date": "2019-02-27", "symbol": "HLF.TO", "eps": 0.07, "epsEstimated": 0.06, "time": "bmo", "revenue": 242878000, "revenueEstimated": null, "fiscalDateEnding": "2018-12-31", "updatedFromDate": "2023-10-16"}, {"date": "2019-02-27", "symbol": "NAC", "eps": 0.09358, "epsEstimated": null, "time": "bmo", "revenue": 60035850, "revenueEstimated": null, "fiscalDateEnding": "2019-02-27", "updatedFromDate": "2023-10-17"}, {"date": "2019-02-27", "symbol": "BTAFF", "eps": null, "epsEstimated": null, "time": "bmo", "revenue": null, "revenueEstimated": null, "fiscalDateEnding": "2018-12-31", "updatedFromDate": "2023-05-17"}, {"date": "2019-02-27", "symbol": "GRYRF", "eps": null, "epsEstimated": null, "time": "bmo", "revenue": null, "revenueEstimated": null, "fiscalDateEnding": "2018-12-31", "updatedFromDate": "2023-05-17"}, {"date": "2019-02-27", "symbol": "AGTX", "eps": -0.03512, "epsEstimated": null, "time": "bmo", "revenue": null, "revenueEstimated": null, "fiscalDateEnding": "2019-02-27", "updatedFromDate": "2023-10-10"}, {"date": "2019-02-27", "symbol": "TCNGF", "eps": 0.3, "epsEstimated": 0.21, "time": "bmo", "revenue": null, "revenueEstimated": null, "fiscalDateEnding": "2018-12-31", "updatedFromDate": "2023-05-17"}, {"date": "2019-02-27", "symbol": "VO.V", "eps": null, "epsEstimated": null, "time": "bmo", "revenue": null, "revenueEstimated": null, "fiscalDateEnding": "2019-03-31", "updatedFromDate": "2023-05-17"}, {"date": "2019-02-27", "symbol": "LNF.TO", "eps": 0.47, "epsEstimated": 0.46, "time": "bmo", "revenue": 601660000, "revenueEstimated": null, "fiscalDateEnding": "2018-12-30", "updatedFromDate": "2023-05-17"}, {"date": "2019-02-27", "symbol": "CRHCF", "eps": null, "epsEstimated": null, "time": "bmo", "revenue": null, "revenueEstimated": null, "fiscalDateEnding": "2018-12-31", "updatedFromDate": "2023-05-17"}, {"date": "2019-02-27", "symbol": "300031.SZ", "eps": 0.13, "epsEstimated": null, "time": "bmo", "revenue": 618811462.92, "revenueEstimated": null, "fiscalDateEnding": "2018-12-30", "updatedFromDate": "2023-05-17"}, {"date": "2019-02-27", "symbol": "002640.SZ", "eps": -0.13, "epsEstimated": null, "time": "bmo", "revenue": 5743219410.81, "revenueEstimated": null, "fiscalDateEnding": "2018-12-30", "updatedFromDate": "2023-05-17"}, {"date": "2019-02-27", "symbol": "FETM", "eps": 0.41, "epsEstimated": null, "time": "amc", "revenue": 38800000, "revenueEstimated": null, "fiscalDateEnding": "2018-12-31", "updatedFromDate": "2023-09-29"}, {"date": "2019-02-27", "symbol": "002912.SZ", "eps": -0.0375, "epsEstimated": null, "time": "bmo", "revenue": 97417355.27, "revenueEstimated": null, "fiscalDateEnding": "2018-11-27", "updatedFromDate": "2023-05-17"}, {"date": "2019-02-27", "symbol": "LZGI", "eps": -0.02423, "epsEstimated": null, "time": "bmo", "revenue": null, "revenueEstimated": null, "fiscalDateEnding": "2019-02-27", "updatedFromDate": "2023-10-10"}, {"date": "2019-02-27", "symbol": "FIT", "eps": 0.14, "epsEstimated": 0.08, "time": "amc", "revenue": 571199000, "revenueEstimated": 530144068.5, "fiscalDateEnding": "2018-12-30", "updatedFromDate": "2023-05-17"}, {"date": "2019-02-27", "symbol": "BKNG", "eps": 22.49, "epsEstimated": 19.39, "time": "amc", "revenue": 3213000000, "revenueEstimated": 2774076625.1667414, "fiscalDateEnding": "2018-12-30", "updatedFromDate": "2023-09-29"}, {"date": "2019-02-27", "symbol": "ANSS", "eps": 2.13, "epsEstimated": 1.49, "time": "amc", "revenue": 415432000, "revenueEstimated": 290607361.50234747, "fiscalDateEnding": "2018-12-30", "updatedFromDate": "2023-09-29"}, {"date": "2019-02-27", "symbol": "INE.TO", "eps": 0.09, "epsEstimated": 0.01565, "time": "bmo", "revenue": 168426000, "revenueEstimated": null, "fiscalDateEnding": "2018-12-30", "updatedFromDate": "2023-05-17"}, {"date": "2019-02-27", "symbol": "002301.SZ", "eps": 0.08972, "epsEstimated": null, "time": "bmo", "revenue": 1488536992.39, "revenueEstimated": null, "fiscalDateEnding": "2018-12-30", "updatedFromDate": "2023-05-17"}, {"date": "2019-02-27", "symbol": "RCEL", "eps": null, "epsEstimated": null, "time": "bmo", "revenue": null, "revenueEstimated": null, "fiscalDateEnding": "2018-12-29", "updatedFromDate": "2023-10-10"}, {"date": "2019-02-27", "symbol": "SYBJF", "eps": 2.75, "epsEstimated": 3.15, "time": "bmo", "revenue": null, "revenueEstimated": 236024345.45454547, "fiscalDateEnding": "2018-12-31", "updatedFromDate": "2023-05-17"}, {"date": "2019-02-27", "symbol": "SPUP", "eps": -0.00178, "epsEstimated": null, "time": "bmo", "revenue": null, "revenueEstimated": null, "fiscalDateEnding": "2019-02-27", "updatedFromDate": "2023-11-28"}, {"date": "2019-02-27", "symbol": "002129.SZ", "eps": 0.07338, "epsEstimated": null, "time": "bmo", "revenue": 4500120253.08, "revenueEstimated": null, "fiscalDateEnding": "2018-12-30", "updatedFromDate": "2023-05-17"}, {"date": "2019-02-27", "symbol": "002413.SZ", "eps": 0.02344, "epsEstimated": null, "time": "bmo", "revenue": 359860142.69, "revenueEstimated": null, "fiscalDateEnding": "2018-12-30", "updatedFromDate": "2023-05-17"}, {"date": "2019-02-27", "symbol": "PERK.CN", "eps": 0.03316, "epsEstimated": null, "time": "bmo", "revenue": 43110, "revenueEstimated": null, "fiscalDateEnding": "2019-02-27", "updatedFromDate": "2023-05-17"}, {"date": "2019-02-27", "symbol": "UPYY", "eps": -0.00073, "epsEstimated": null, "time": "bmo", "revenue": 331437, "revenueEstimated": null, "fiscalDateEnding": "2019-02-27", "updatedFromDate": "2023-10-10"}, {"date": "2019-02-27", "symbol": "WINRW", "eps": -0.01999, "epsEstimated": null, "time": "bmo", "revenue": 14070, "revenueEstimated": null, "fiscalDateEnding": "2019-02-27", "updatedFromDate": "2023-10-10"}, {"date": "2019-02-27", "symbol": "DUSCF", "eps": null, "epsEstimated": null, "time": "bmo", "revenue": null, "revenueEstimated": null, "fiscalDateEnding": "2018-12-31", "updatedFromDate": "2023-05-17"}, {"date": "2019-02-27", "symbol": "002288.SZ", "eps": -0.0066, "epsEstimated": null, "time": "bmo", "revenue": 378955214.34, "revenueEstimated": null, "fiscalDateEnding": "2018-12-30", "updatedFromDate": "2023-05-17"}, {"date": "2019-02-27", "symbol": "GLNG", "eps": 0.32, "epsEstimated": 0.15, "time": "bmo", "revenue": 181939000, "revenueEstimated": 63467093.0232558, "fiscalDateEnding": "2018-12-31", "updatedFromDate": "2023-09-29"}, {"date": "2019-02-27", "symbol": "AMADF", "eps": 0.54, "epsEstimated": 0.52, "time": "bmo", "revenue": null, "revenueEstimated": null, "fiscalDateEnding": "2018-12-31", "updatedFromDate": "2023-05-17"}, {"date": "2019-02-27", "symbol": "CHYHY", "eps": 0.11, "epsEstimated": null, "time": "bmo", "revenue": 283700000, "revenueEstimated": null, "fiscalDateEnding": "2019-02-27", "updatedFromDate": "2023-05-17"}, {"date": "2019-02-27", "symbol": "002664.SZ", "eps": 0.15, "epsEstimated": null, "time": "bmo", "revenue": 664343800.14, "revenueEstimated": null, "fiscalDateEnding": "2018-12-30", "updatedFromDate": "2023-05-17"}, {"date": "2019-02-27", "symbol": "AAON", "eps": 0.16, "epsEstimated": 0.17, "time": "bmo", "revenue": 112340000, "revenueEstimated": 131063333.33333334, "fiscalDateEnding": "2018-12-30", "updatedFromDate": "2023-09-29"}, {"date": "2019-02-27", "symbol": "AVTBF", "eps": -0.03166, "epsEstimated": null, "time": "amc", "revenue": 93236, "revenueEstimated": null, "fiscalDateEnding": "2019-02-27", "updatedFromDate": "2023-05-17"}, {"date": "2019-02-27", "symbol": "SPRS", "eps": 0.1294, "epsEstimated": null, "time": "bmo", "revenue": 8407342, "revenueEstimated": null, "fiscalDateEnding": "2019-02-27", "updatedFromDate": "2023-05-17"}, {"date": "2019-02-27", "symbol": "002267.SZ", "eps": 0.05, "epsEstimated": 0.1, "time": "bmo", "revenue": 3192626074.23, "revenueEstimated": null, "fiscalDateEnding": "2018-12-30", "updatedFromDate": "2023-05-17"}, {"date": "2019-02-27", "symbol": "RVR.AX", "eps": 0.0019, "epsEstimated": null, "time": "bmo", "revenue": 24127000, "revenueEstimated": null, "fiscalDateEnding": "2019-01-30", "updatedFromDate": "2023-05-17"}, {"date": "2019-02-27", "symbol": "OMI.TO", "eps": -0.01348, "epsEstimated": null, "time": "bmo", "revenue": null, "revenueEstimated": null, "fiscalDateEnding": "2019-02-27", "updatedFromDate": "2023-10-16"}, {"date": "2019-02-27", "symbol": "002397.SZ", "eps": -0.01475, "epsEstimated": null, "time": "bmo", "revenue": 862208857.72, "revenueEstimated": null, "fiscalDateEnding": "2018-12-30", "updatedFromDate": "2023-05-17"}, {"date": "2019-02-27", "symbol": "SVC", "eps": 0.66, "epsEstimated": 0.00971, "time": "bmo", "revenue": 550799000, "revenueEstimated": 8345439.393939386, "fiscalDateEnding": "2018-12-30", "updatedFromDate": "2023-09-29"}, {"date": "2019-02-27", "symbol": "OCN", "eps": -1.05, "epsEstimated": -6.67, "time": "bmo", "revenue": 315959000, "revenueEstimated": 271097572.54901963, "fiscalDateEnding": "2018-12-30", "updatedFromDate": "2023-09-29"}, {"date": "2019-02-27", "symbol": "002176.SZ", "eps": -2.59074, "epsEstimated": null, "time": "bmo", "revenue": 702067833.82, "revenueEstimated": null, "fiscalDateEnding": "2018-12-30", "updatedFromDate": "2023-05-17"}, {"date": "2019-02-27", "symbol": "AAMC", "eps": -1.01, "epsEstimated": null, "time": "bmo", "revenue": 4024000, "revenueEstimated": null, "fiscalDateEnding": "2018-12-30", "updatedFromDate": "2023-09-29"}, {"date": "2019-02-27", "symbol": "1323.TW", "eps": 0.87, "epsEstimated": 0.73, "time": "bmo", "revenue": 844807000, "revenueEstimated": null, "fiscalDateEnding": "2019-03-30", "updatedFromDate": "2023-05-17"}, {"date": "2019-02-27", "symbol": "1970.HK", "eps": 0.03024, "epsEstimated": null, "time": "bmo", "revenue": 31073500, "revenueEstimated": null, "fiscalDateEnding": "2018-11-27", "updatedFromDate": "2023-05-17"}, {"date": "2019-02-27", "symbol": "PGTI", "eps": 0.21, "epsEstimated": 0.2, "time": "bmo", "revenue": 189887000, "revenueEstimated": 180844761.9047619, "fiscalDateEnding": "2018-12-28", "updatedFromDate": "2023-09-29"}, {"date": "2019-02-27", "symbol": "SPNE", "eps": -0.53, "epsEstimated": -0.42, "time": "amc", "revenue": 38025000, "revenueEstimated": 30133018.867924526, "fiscalDateEnding": "2018-12-30", "updatedFromDate": "2023-05-17"}, {"date": "2019-02-27", "symbol": "002131.SZ", "eps": -0.26239, "epsEstimated": null, "time": "bmo", "revenue": 2387155013.63, "revenueEstimated": null, "fiscalDateEnding": "2018-12-30", "updatedFromDate": "2023-05-17"}, {"date": "2019-02-27", "symbol": "LEXXW", "eps": -0.01481, "epsEstimated": null, "time": "bmo", "revenue": 15349, "revenueEstimated": null, "fiscalDateEnding": "2019-02-27", "updatedFromDate": "2023-10-17"}, {"date": "2019-02-27", "symbol": "CIO", "eps": -0.22, "epsEstimated": 0.28, "time": "bmo", "revenue": 34167000, "revenueEstimated": 26282307.692307692, "fiscalDateEnding": "2018-12-30", "updatedFromDate": "2023-09-29"}, {"date": "2019-02-27", "symbol": "002603.SZ", "eps": 0.03, "epsEstimated": 0.08, "time": "bmo", "revenue": 988400211.59, "revenueEstimated": null, "fiscalDateEnding": "2018-12-30", "updatedFromDate": "2023-05-17"}, {"date": "2019-02-27", "symbol": "OSP.BK", "eps": 0.2627, "epsEstimated": null, "time": "bmo", "revenue": 6332814998, "revenueEstimated": null, "fiscalDateEnding": "2018-12-31", "updatedFromDate": "2023-05-17"}, {"date": "2019-02-27", "symbol": "PK", "eps": 0.27, "epsEstimated": 0.31, "time": "amc", "revenue": 686000000, "revenueEstimated": 787629629.6296296, "fiscalDateEnding": "2018-12-30", "updatedFromDate": "2023-09-29"}, {"date": "2019-02-27", "symbol": "002448.SZ", "eps": 0.1395, "epsEstimated": null, "time": "bmo", "revenue": 391356428.39, "revenueEstimated": null, "fiscalDateEnding": "2018-12-30", "updatedFromDate": "2023-05-17"}, {"date": "2019-02-27", "symbol": "002519.SZ", "eps": -1.15, "epsEstimated": null, "time": "bmo", "revenue": 408377062.48, "revenueEstimated": null, "fiscalDateEnding": "2018-12-30", "updatedFromDate": "2023-05-17"}, {"date": "2019-02-27", "symbol": "LOW", "eps": 0.8, "epsEstimated": 0.8, "time": "bmo", "revenue": 17741000000, "revenueEstimated": null, "fiscalDateEnding": "2018-11-27", "updatedFromDate": "2023-10-10"}, {"date": "2019-02-27", "symbol": "GMLP", "eps": -0.27, "epsEstimated": 0.31, "time": "bmo", "revenue": 80003000, "revenueEstimated": 91855296.29629631, "fiscalDateEnding": "2018-12-30", "updatedFromDate": "2023-05-17"}, {"date": "2019-02-27", "symbol": "CAJ", "eps": 0.59, "epsEstimated": 0.55, "time": "bmo", "revenue": 1058340000000, "revenueEstimated": 981369818181, "fiscalDateEnding": "2018-12-30", "updatedFromDate": "2023-05-17"}, {"date": "2019-02-27", "symbol": "SAS.ST", "eps": -0.44, "epsEstimated": -0.39, "time": "bmo", "revenue": 9534000000, "revenueEstimated": null, "fiscalDateEnding": "2019-01-31", "updatedFromDate": "2023-10-16"}, {"date": "2019-02-27", "symbol": "MRPRF", "eps": 0.16, "epsEstimated": 0.16, "time": "bmo", "revenue": null, "revenueEstimated": null, "fiscalDateEnding": "2018-12-31", "updatedFromDate": "2023-05-17"}, {"date": "2019-02-27", "symbol": "3044.TW", "eps": 2.72, "epsEstimated": 2.47, "time": "bmo", "revenue": 13112218000, "revenueEstimated": null, "fiscalDateEnding": "2018-12-30", "updatedFromDate": "2023-05-17"}, {"date": "2019-02-27", "symbol": "AVNT.TO", "eps": -0.03166, "epsEstimated": null, "time": "bmo", "revenue": 93236, "revenueEstimated": null, "fiscalDateEnding": "2019-02-27", "updatedFromDate": "2023-05-17"}, {"date": "2019-02-27", "symbol": "CBAOF", "eps": 0.78, "epsEstimated": 0.69, "time": "bmo", "revenue": null, "revenueEstimated": null, "fiscalDateEnding": "2018-12-31", "updatedFromDate": "2023-05-17"}, {"date": "2019-02-27", "symbol": "ABIO", "eps": -1.8, "epsEstimated": -2.52, "time": "bmo", "revenue": null, "revenueEstimated": null, "fiscalDateEnding": "2018-11-27", "updatedFromDate": "2023-10-10"}, {"date": "2019-02-27", "symbol": "PKI.TO", "eps": 0.57, "epsEstimated": 0.62, "time": "bmo", "revenue": 3468000000, "revenueEstimated": null, "fiscalDateEnding": "2018-12-31", "updatedFromDate": "2023-10-16"}, {"date": "2019-02-27", "symbol": "002348.SZ", "eps": -0.03046, "epsEstimated": null, "time": "bmo", "revenue": 165047803.96, "revenueEstimated": null, "fiscalDateEnding": "2018-12-30", "updatedFromDate": "2023-05-17"}, {"date": "2019-02-27", "symbol": "GNNDY", "eps": 1.5, "epsEstimated": null, "time": "bmo", "revenue": 3187000000, "revenueEstimated": null, "fiscalDateEnding": "2018-12-31", "updatedFromDate": "2023-09-29"}, {"date": "2019-02-27", "symbol": "002541.SZ", "eps": 0.13, "epsEstimated": null, "time": "bmo", "revenue": 2133381479.66, "revenueEstimated": null, "fiscalDateEnding": "2018-11-27", "updatedFromDate": "2023-05-17"}, {"date": "2019-02-27", "symbol": "LOAC", "eps": 0.00541, "epsEstimated": null, "time": "amc", "revenue": null, "revenueEstimated": null, "fiscalDateEnding": "2019-02-27", "updatedFromDate": "2023-05-17"}, {"date": "2019-02-27", "symbol": "002601.SZ", "eps": 0.17, "epsEstimated": null, "time": "bmo", "revenue": 2448663676.97, "revenueEstimated": null, "fiscalDateEnding": "2018-12-30", "updatedFromDate": "2023-08-16"}, {"date": "2019-02-27", "symbol": "EYE", "eps": 0.01, "epsEstimated": 0.00826, "time": "bmo", "revenue": 355922000, "revenueEstimated": 355922000, "fiscalDateEnding": "2018-12-28", "updatedFromDate": "2023-09-29"}, {"date": "2019-02-27", "symbol": "TFII", "eps": 0.96, "epsEstimated": 0.83, "time": "bmo", "revenue": 818931941.559047, "revenueEstimated": 1114471686, "fiscalDateEnding": "2018-12-31", "updatedFromDate": "2023-09-29"}, {"date": "2019-02-27", "symbol": "EMMSP", "eps": -0.01048, "epsEstimated": null, "time": "bmo", "revenue": 23746000, "revenueEstimated": null, "fiscalDateEnding": "2019-02-27", "updatedFromDate": "2023-10-10"}, {"date": "2019-02-27", "symbol": "300058.SZ", "eps": -0.02, "epsEstimated": -0.00643, "time": "bmo", "revenue": 6101784252.26, "revenueEstimated": null, "fiscalDateEnding": "2018-12-30", "updatedFromDate": "2023-05-17"}, {"date": "2019-02-27", "symbol": "FLCX", "eps": -0.08197, "epsEstimated": null, "time": "bmo", "revenue": null, "revenueEstimated": null, "fiscalDateEnding": "2019-02-27", "updatedFromDate": "2023-10-10"}, {"date": "2019-02-27", "symbol": "ALKIM.IS", "eps": 0.1058, "epsEstimated": null, "time": "bmo", "revenue": 164001742, "revenueEstimated": null, "fiscalDateEnding": "2018-12-30", "updatedFromDate": "2023-05-17"}, {"date": "2019-02-27", "symbol": "GEBHF", "eps": 0.49, "epsEstimated": 0.11, "time": "bmo", "revenue": null, "revenueEstimated": null, "fiscalDateEnding": "2018-12-31", "updatedFromDate": "2023-05-17"}, {"date": "2019-02-27", "symbol": "GEF", "eps": 0.65, "epsEstimated": 0.64, "time": "amc", "revenue": 897000000, "revenueEstimated": 883200000, "fiscalDateEnding": "2019-01-30", "updatedFromDate": "2023-09-29"}, {"date": "2019-02-27", "symbol": "002625.SZ", "eps": 0.01836, "epsEstimated": null, "time": "bmo", "revenue": 186377040.82, "revenueEstimated": null, "fiscalDateEnding": "2018-12-30", "updatedFromDate": "2023-05-17"}, {"date": "2019-02-27", "symbol": "002717.SZ", "eps": 0.1338, "epsEstimated": null, "time": "bmo", "revenue": 3130683785.1, "revenueEstimated": null, "fiscalDateEnding": "2018-12-30", "updatedFromDate": "2023-05-17"}, {"date": "2019-02-27", "symbol": "DOC", "eps": 0.06, "epsEstimated": 0.07, "time": "bmo", "revenue": 105311000, "revenueEstimated": 122862833.33333334, "fiscalDateEnding": "2018-12-30", "updatedFromDate": "2023-09-29"}, {"date": "2019-02-27", "symbol": "IRCC", "eps": 0.2102, "epsEstimated": null, "time": "bmo", "revenue": null, "revenueEstimated": null, "fiscalDateEnding": "2019-02-27", "updatedFromDate": "2023-10-10"}, {"date": "2019-02-27", "symbol": "BGNE", "eps": -4.52, "epsEstimated": -2.87, "time": "amc", "revenue": 58670000, "revenueEstimated": 36214446.90265487, "fiscalDateEnding": "2018-12-30", "updatedFromDate": "2023-09-29"}, {"date": "2019-02-27", "symbol": "002485.SZ", "eps": 0.09, "epsEstimated": null, "time": "bmo", "revenue": 728161190.49, "revenueEstimated": null, "fiscalDateEnding": "2018-12-30", "updatedFromDate": "2023-05-17"}, {"date": "2019-02-27", "symbol": "ASII.JK", "eps": 113, "epsEstimated": 139.04, "time": "bmo", "revenue": 64324000000000, "revenueEstimated": null, "fiscalDateEnding": "2018-12-30", "updatedFromDate": "2023-05-17"}, {"date": "2019-02-27", "symbol": "QRTEP", "eps": 0.62, "epsEstimated": 0.73, "time": "bmo", "revenue": 4376000000, "revenueEstimated": 5035397260, "fiscalDateEnding": "2018-12-30", "updatedFromDate": "2023-05-17"}, {"date": "2019-02-27", "symbol": "ORBIA.MX", "eps": 0.02, "epsEstimated": 0.05, "time": "bmo", "revenue": null, "revenueEstimated": null, "fiscalDateEnding": "2018-12-31", "updatedFromDate": "2023-05-17"}, {"date": "2019-02-27", "symbol": "SWX", "eps": 1.36, "epsEstimated": 1.53, "time": "amc", "revenue": 786654000, "revenueEstimated": 781545857.1428571, "fiscalDateEnding": "2018-12-30", "updatedFromDate": "2023-09-29"}, {"date": "2019-02-27", "symbol": "DUERF", "eps": 1.21, "epsEstimated": 0.82, "time": "bmo", "revenue": null, "revenueEstimated": null, "fiscalDateEnding": "2018-12-31", "updatedFromDate": "2023-05-17"}, {"date": "2019-02-27", "symbol": "TERRA13.MX", "eps": 0.78, "epsEstimated": 0.69, "time": "bmo", "revenue": null, "revenueEstimated": null, "fiscalDateEnding": "2018-12-31", "updatedFromDate": "2023-05-17"}, {"date": "2019-02-27", "symbol": "002658.SZ", "eps": 0.07, "epsEstimated": null, "time": "bmo", "revenue": 440838965.55, "revenueEstimated": null, "fiscalDateEnding": "2018-12-30", "updatedFromDate": "2023-05-17"}, {"date": "2019-02-27", "symbol": "DENR", "eps": -0.05341, "epsEstimated": null, "time": "bmo", "revenue": null, "revenueEstimated": null, "fiscalDateEnding": "2019-02-27", "updatedFromDate": "2023-05-17"}, {"date": "2019-02-27", "symbol": "OLMIF", "eps": null, "epsEstimated": null, "time": "bmo", "revenue": null, "revenueEstimated": null, "fiscalDateEnding": "2018-12-31", "updatedFromDate": "2023-05-17"}, {"date": "2019-02-27", "symbol": "FESTI.IC", "eps": 1.86, "epsEstimated": null, "time": "bmo", "revenue": 58931554000, "revenueEstimated": null, "fiscalDateEnding": "2018-12-30", "updatedFromDate": "2023-05-17"}, {"date": "2019-02-27", "symbol": "MCPNF", "eps": null, "epsEstimated": null, "time": "bmo", "revenue": null, "revenueEstimated": null, "fiscalDateEnding": "2018-12-31", "updatedFromDate": "2023-05-17"}, {"date": "2019-02-27", "symbol": "MIDD", "eps": 1.7, "epsEstimated": 1.64, "time": "bmo", "revenue": 756672000, "revenueEstimated": 729965929.4117647, "fiscalDateEnding": "2018-12-28", "updatedFromDate": "2023-09-29"}, {"date": "2019-02-27", "symbol": "GOODY.IS", "eps": null, "epsEstimated": null, "time": "bmo", "revenue": null, "revenueEstimated": null, "fiscalDateEnding": "2018-12-31", "updatedFromDate": "2023-05-17"}, {"date": "2019-02-27", "symbol": "PRAH", "eps": 1.31, "epsEstimated": 1.27, "time": "amc", "revenue": 729648000, "revenueEstimated": 707368671.7557251, "fiscalDateEnding": "2018-12-30", "updatedFromDate": "2023-05-17"}, {"date": "2019-02-27", "symbol": "LB.TO", "eps": 0.98, "epsEstimated": 1.29, "time": "bmo", "revenue": 242338000, "revenueEstimated": null, "fiscalDateEnding": "2019-01-31", "updatedFromDate": "2023-05-17"}, {"date": "2019-02-27", "symbol": "ACSAF", "eps": 0.72, "epsEstimated": 1, "time": "bmo", "revenue": null, "revenueEstimated": null, "fiscalDateEnding": "2018-12-31", "updatedFromDate": "2023-05-17"}, {"date": "2019-02-27", "symbol": "300351.SZ", "eps": 0.06, "epsEstimated": null, "time": "bmo", "revenue": 240663970.62, "revenueEstimated": null, "fiscalDateEnding": "2018-11-27", "updatedFromDate": "2023-05-17"}, {"date": "2019-02-27", "symbol": "TC.BK", "eps": 0.2378, "epsEstimated": null, "time": "bmo", "revenue": 1311082096, "revenueEstimated": null, "fiscalDateEnding": "2018-12-30", "updatedFromDate": "2023-05-17"}, {"date": "2019-02-27", "symbol": "HPHA.DE", "eps": -0.11, "epsEstimated": null, "time": "bmo", "revenue": 1070613, "revenueEstimated": null, "fiscalDateEnding": "2019-02-27", "updatedFromDate": "2023-05-17"}, {"date": "2019-02-27", "symbol": "002183.SZ", "eps": -0.09, "epsEstimated": null, "time": "bmo", "revenue": null, "revenueEstimated": null, "fiscalDateEnding": "2018-12-31", "updatedFromDate": "2023-05-17"}, {"date": "2019-02-27", "symbol": "1707.TW", "eps": 2.97, "epsEstimated": 3.12, "time": "bmo", "revenue": 2667216000, "revenueEstimated": null, "fiscalDateEnding": "2018-12-30", "updatedFromDate": "2023-05-17"}, {"date": "2019-02-27", "symbol": "B58.SI", "eps": null, "epsEstimated": null, "time": "bmo", "revenue": null, "revenueEstimated": null, "fiscalDateEnding": "2018-12-31", "updatedFromDate": "2023-05-17"}, {"date": "2019-02-27", "symbol": "1810.SR", "eps": 0.06, "epsEstimated": 0.21, "time": "bmo", "revenue": 466422551, "revenueEstimated": null, "fiscalDateEnding": "2018-11-27", "updatedFromDate": "2023-05-17"}, {"date": "2019-02-27", "symbol": "300758.SZ", "eps": null, "epsEstimated": null, "time": "bmo", "revenue": null, "revenueEstimated": null, "fiscalDateEnding": "2018-12-31", "updatedFromDate": "2023-05-17"}, {"date": "2019-02-27", "symbol": "002310.SZ", "eps": 0.23, "epsEstimated": null, "time": "bmo", "revenue": 3644206311.46, "revenueEstimated": null, "fiscalDateEnding": "2018-12-30", "updatedFromDate": "2023-05-17"}, {"date": "2019-02-27", "symbol": "COLZF", "eps": 0.58, "epsEstimated": 0.15, "time": "bmo", "revenue": null, "revenueEstimated": null, "fiscalDateEnding": "2018-12-31", "updatedFromDate": "2023-05-17"}, {"date": "2019-02-27", "symbol": "002149.SZ", "eps": 0.05, "epsEstimated": null, "time": "bmo", "revenue": 559636763.15, "revenueEstimated": null, "fiscalDateEnding": "2018-12-30", "updatedFromDate": "2023-05-17"}, {"date": "2019-02-27", "symbol": "IVEVF", "eps": null, "epsEstimated": null, "time": "bmo", "revenue": null, "revenueEstimated": null, "fiscalDateEnding": "2018-12-31", "updatedFromDate": "2023-05-17"}, {"date": "2019-02-27", "symbol": "002734.SZ", "eps": 0.15, "epsEstimated": null, "time": "bmo", "revenue": 396577307.05, "revenueEstimated": null, "fiscalDateEnding": "2018-11-27", "updatedFromDate": "2023-05-17"}, {"date": "2019-02-27", "symbol": "8271.TW", "eps": 0.63, "epsEstimated": 0.97, "time": "bmo", "revenue": 2224573000, "revenueEstimated": null, "fiscalDateEnding": "2018-12-30", "updatedFromDate": "2023-05-17"}, {"date": "2019-02-27", "symbol": "300637.SZ", "eps": null, "epsEstimated": null, "time": "bmo", "revenue": null, "revenueEstimated": null, "fiscalDateEnding": "2018-12-31", "updatedFromDate": "2023-05-17"}, {"date": "2019-02-27", "symbol": "002880.KS", "eps": 11.12, "epsEstimated": null, "time": "bmo", "revenue": 222849875000, "revenueEstimated": null, "fiscalDateEnding": "2019-03-30", "updatedFromDate": "2023-05-17"}, {"date": "2019-02-27", "symbol": "300750.SZ", "eps": 0.47, "epsEstimated": 0.7, "time": "bmo", "revenue": 10475341673.85, "revenueEstimated": null, "fiscalDateEnding": "2018-12-30", "updatedFromDate": "2023-08-16"}, {"date": "2019-02-27", "symbol": "DGNOF", "eps": -0.1, "epsEstimated": null, "time": "bmo", "revenue": 94511, "revenueEstimated": null, "fiscalDateEnding": "2018-12-31", "updatedFromDate": "2023-09-29"}, {"date": "2019-02-27", "symbol": "IDEX.OL", "eps": 0.12, "epsEstimated": 0.1, "time": "bmo", "revenue": 26650.779492, "revenueEstimated": null, "fiscalDateEnding": "2018-12-31", "updatedFromDate": "2023-08-25"}, {"date": "2019-02-27", "symbol": "RESI", "eps": -0.64, "epsEstimated": -0.52, "time": "bmo", "revenue": 54029000, "revenueEstimated": 43898562.5, "fiscalDateEnding": "2018-12-30", "updatedFromDate": "2023-05-17"}, {"date": "2019-02-27", "symbol": "OPESF", "eps": 0.1, "epsEstimated": 0.00833, "time": "bmo", "revenue": null, "revenueEstimated": null, "fiscalDateEnding": "2018-12-31", "updatedFromDate": "2023-05-17"}, {"date": "2019-02-27", "symbol": "002008.SZ", "eps": 0.06, "epsEstimated": 0.19, "time": "bmo", "revenue": 2373384010.67, "revenueEstimated": null, "fiscalDateEnding": "2018-12-31", "updatedFromDate": "2023-08-25"}, {"date": "2019-02-27", "symbol": "HMLP", "eps": 0.4, "epsEstimated": 0.43, "time": "bmo", "revenue": 37763000, "revenueEstimated": 40595225, "fiscalDateEnding": "2018-12-30", "updatedFromDate": "2023-08-25"}, {"date": "2019-02-27", "symbol": "OEE.V", "eps": null, "epsEstimated": null, "time": "bmo", "revenue": null, "revenueEstimated": null, "fiscalDateEnding": "2019-03-31", "updatedFromDate": "2023-05-17"}, {"date": "2019-02-27", "symbol": "LAIXY", "eps": -3.27, "epsEstimated": -2.71, "time": "amc", "revenue": null, "revenueEstimated": null, "fiscalDateEnding": "2018-12-31", "updatedFromDate": "2023-08-25"}, {"date": "2019-02-27", "symbol": "002400.SZ", "eps": 0.03, "epsEstimated": 0.02, "time": "bmo", "revenue": 3861367638.93, "revenueEstimated": null, "fiscalDateEnding": "2018-12-30", "updatedFromDate": "2023-05-17"}, {"date": "2019-02-27", "symbol": "002068.SZ", "eps": -0.0532, "epsEstimated": null, "time": "bmo", "revenue": 2120123018.37, "revenueEstimated": null, "fiscalDateEnding": "2018-12-30", "updatedFromDate": "2023-05-17"}, {"date": "2019-02-27", "symbol": "BBY.DE", "eps": -1.92329, "epsEstimated": null, "time": "bmo", "revenue": 3307881000, "revenueEstimated": null, "fiscalDateEnding": "2019-02-27", "updatedFromDate": "2023-10-16"}, {"date": "2019-02-27", "symbol": "300415.SZ", "eps": 0.03616, "epsEstimated": null, "time": "bmo", "revenue": 488046331.5, "revenueEstimated": null, "fiscalDateEnding": "2018-12-30", "updatedFromDate": "2023-05-17"}, {"date": "2019-02-27", "symbol": "PSTC.BK", "eps": 0.01645, "epsEstimated": null, "time": "bmo", "revenue": 759625862, "revenueEstimated": null, "fiscalDateEnding": "2018-12-30", "updatedFromDate": "2023-05-17"}, {"date": "2019-02-27", "symbol": "600887.SS", "eps": 0.23, "epsEstimated": 0.19, "time": "bmo", "revenue": 18225946773.93, "revenueEstimated": null, "fiscalDateEnding": "2018-12-31", "updatedFromDate": "2023-08-25"}, {"date": "2019-02-27", "symbol": "HZNP", "eps": 0.67, "epsEstimated": 0.54, "time": "bmo", "revenue": 355543000, "revenueEstimated": 286557044.7761194, "fiscalDateEnding": "2018-12-30", "updatedFromDate": "2023-09-29"}, {"date": "2019-02-27", "symbol": "002544.SZ", "eps": -0.04923, "epsEstimated": null, "time": "bmo", "revenue": 2948653811.38, "revenueEstimated": null, "fiscalDateEnding": "2018-12-30", "updatedFromDate": "2023-05-17"}, {"date": "2019-02-27", "symbol": "GKOS", "eps": 0.04, "epsEstimated": 0.13, "time": "amc", "revenue": 54076000, "revenueEstimated": 175747000, "fiscalDateEnding": "2018-12-30", "updatedFromDate": "2023-09-29"}, {"date": "2019-02-27", "symbol": "FMXUF", "eps": 2.96, "epsEstimated": 2.2, "time": "bmo", "revenue": null, "revenueEstimated": null, "fiscalDateEnding": "2018-12-31", "updatedFromDate": "2023-05-17"}, {"date": "2019-02-27", "symbol": "SHOO", "eps": 0.42, "epsEstimated": 0.38, "time": "bmo", "revenue": 410360000, "revenueEstimated": 371278095.2380952, "fiscalDateEnding": "2018-12-30", "updatedFromDate": "2023-09-29"}, {"date": "2019-02-27", "symbol": "CZR", "eps": 0.03, "epsEstimated": 0.37, "time": "amc", "revenue": 671760000, "revenueEstimated": 1817094484.5, "fiscalDateEnding": "2018-12-30", "updatedFromDate": "2023-09-29"}, {"date": "2019-02-27", "symbol": "LRCDF", "eps": 0.98, "epsEstimated": 1.29, "time": "bmo", "revenue": 242338000, "revenueEstimated": null, "fiscalDateEnding": "2019-01-31", "updatedFromDate": "2023-08-25"}, {"date": "2019-02-27", "symbol": "002036.SZ", "eps": 0.09, "epsEstimated": null, "time": "bmo", "revenue": 4802264162.21, "revenueEstimated": null, "fiscalDateEnding": "2018-12-31", "updatedFromDate": "2023-08-25"}, {"date": "2019-02-27", "symbol": "002669.SZ", "eps": 0.09, "epsEstimated": null, "time": "bmo", "revenue": 232514543.95, "revenueEstimated": null, "fiscalDateEnding": "2018-12-30", "updatedFromDate": "2023-05-17"}, {"date": "2019-02-27", "symbol": "BKTI", "eps": -0.5, "epsEstimated": null, "time": "amc", "revenue": 10676000, "revenueEstimated": null, "fiscalDateEnding": "2018-12-30", "updatedFromDate": "2023-09-29"}, {"date": "2019-02-27", "symbol": "SCR.TO", "eps": -0.09784, "epsEstimated": null, "time": "bmo", "revenue": 6776000, "revenueEstimated": null, "fiscalDateEnding": "2019-02-27", "updatedFromDate": "2023-10-16"}, {"date": "2019-02-27", "symbol": "SECU.V", "eps": -0.02396, "epsEstimated": null, "time": "bmo", "revenue": 25253901, "revenueEstimated": null, "fiscalDateEnding": "2018-12-31", "updatedFromDate": "2023-10-16"}, {"date": "2019-02-27", "symbol": "CGD.BK", "eps": -0.0131, "epsEstimated": null, "time": "bmo", "revenue": 17686805, "revenueEstimated": null, "fiscalDateEnding": "2019-03-30", "updatedFromDate": "2023-05-17"}, {"date": "2019-02-27", "symbol": "BRGSF", "eps": null, "epsEstimated": null, "time": "bmo", "revenue": null, "revenueEstimated": null, "fiscalDateEnding": "2018-12-31", "updatedFromDate": "2023-08-25"}, {"date": "2019-02-27", "symbol": "002897.SZ", "eps": 0.0843, "epsEstimated": null, "time": "bmo", "revenue": 391899270.88, "revenueEstimated": null, "fiscalDateEnding": "2018-12-30", "updatedFromDate": "2023-05-17"}, {"date": "2019-02-27", "symbol": "LOVE.V", "eps": -0.00066, "epsEstimated": null, "time": "bmo", "revenue": 518438, "revenueEstimated": null, "fiscalDateEnding": "2019-02-27", "updatedFromDate": "2023-05-17"}, {"date": "2019-02-27", "symbol": "H02.SI", "eps": null, "epsEstimated": null, "time": "bmo", "revenue": null, "revenueEstimated": null, "fiscalDateEnding": "2018-12-31", "updatedFromDate": "2023-05-17"}, {"date": "2019-02-27", "symbol": "SBOW", "eps": 4.82, "epsEstimated": 1.9, "time": "amc", "revenue": 88152000, "revenueEstimated": 64757815.38461538, "fiscalDateEnding": "2018-12-30", "updatedFromDate": "2023-09-29"}, {"date": "2019-02-27", "symbol": "300323.SZ", "eps": -0.13, "epsEstimated": null, "time": "bmo", "revenue": 549855886.65, "revenueEstimated": null, "fiscalDateEnding": "2019-03-30", "updatedFromDate": "2023-05-17"}, {"date": "2019-02-27", "symbol": "300653.SZ", "eps": null, "epsEstimated": null, "time": "bmo", "revenue": null, "revenueEstimated": null, "fiscalDateEnding": "2018-12-31", "updatedFromDate": "2023-05-17"}, {"date": "2019-02-27", "symbol": "HLNFF", "eps": 0.07, "epsEstimated": 0.06, "time": "bmo", "revenue": 1048531000, "revenueEstimated": null, "fiscalDateEnding": "2018-12-31", "updatedFromDate": "2023-10-16"}, {"date": "2019-02-27", "symbol": "SGD.CN", "eps": -0.00097, "epsEstimated": null, "time": "bmo", "revenue": 1245, "revenueEstimated": null, "fiscalDateEnding": "2019-02-27", "updatedFromDate": "2023-10-16"}, {"date": "2019-02-27", "symbol": "300075.SZ", "eps": 0.0598, "epsEstimated": null, "time": "bmo", "revenue": 667642279.06, "revenueEstimated": null, "fiscalDateEnding": "2018-12-30", "updatedFromDate": "2023-05-17"}, {"date": "2019-02-27", "symbol": "GGBXF", "eps": null, "epsEstimated": null, "time": "bmo", "revenue": null, "revenueEstimated": null, "fiscalDateEnding": "2019-03-31", "updatedFromDate": "2023-05-17"}, {"date": "2019-02-27", "symbol": "AUTLANB.MX", "eps": null, "epsEstimated": null, "time": "bmo", "revenue": null, "revenueEstimated": null, "fiscalDateEnding": "2018-12-31", "updatedFromDate": "2023-05-31"}, {"date": "2019-02-27", "symbol": "BAFARB.MX", "eps": null, "epsEstimated": null, "time": "bmo", "revenue": null, "revenueEstimated": null, "fiscalDateEnding": "2018-12-31", "updatedFromDate": "2023-05-31"}, {"date": "2019-02-27", "symbol": "ONVVF", "eps": null, "epsEstimated": null, "time": "bmo", "revenue": null, "revenueEstimated": null, "fiscalDateEnding": "2018-12-31", "updatedFromDate": "2023-05-17"}, {"date": "2019-02-27", "symbol": "ADRNY", "eps": 0.51, "epsEstimated": null, "time": "bmo", "revenue": 16547000000, "revenueEstimated": null, "fiscalDateEnding": "2018-12-31", "updatedFromDate": "2023-10-16"}, {"date": "2019-02-27", "symbol": "COLLADO.MX", "eps": null, "epsEstimated": null, "time": "bmo", "revenue": null, "revenueEstimated": null, "fiscalDateEnding": "2018-12-31", "updatedFromDate": "2023-05-31"}, {"date": "2019-02-27", "symbol": "CONVERA.MX", "eps": null, "epsEstimated": null, "time": "bmo", "revenue": null, "revenueEstimated": null, "fiscalDateEnding": "2018-12-31", "updatedFromDate": "2023-05-31"}, {"date": "2019-02-27", "symbol": "002092.SZ", "eps": null, "epsEstimated": null, "time": "bmo", "revenue": null, "revenueEstimated": null, "fiscalDateEnding": "2018-12-31", "updatedFromDate": "2023-05-17"}, {"date": "2019-02-27", "symbol": "TDOC", "eps": -0.35, "epsEstimated": -0.35, "time": "amc", "revenue": 122741000, "revenueEstimated": 122741000, "fiscalDateEnding": "2018-12-30", "updatedFromDate": "2023-09-29"}, {"date": "2019-02-27", "symbol": "GFMULTIO.MX", "eps": null, "epsEstimated": null, "time": "bmo", "revenue": null, "revenueEstimated": null, "fiscalDateEnding": "2018-12-31", "updatedFromDate": "2023-05-31"}, {"date": "2019-02-27", "symbol": "GIGANTE.MX", "eps": null, "epsEstimated": null, "time": "bmo", "revenue": null, "revenueEstimated": null, "fiscalDateEnding": "2018-12-31", "updatedFromDate": "2023-05-31"}, {"date": "2019-02-27", "symbol": "GNP.MX", "eps": null, "epsEstimated": null, "time": "bmo", "revenue": null, "revenueEstimated": null, "fiscalDateEnding": "2018-12-31", "updatedFromDate": "2023-05-31"}, {"date": "2019-02-27", "symbol": "NRNVF", "eps": -1.78, "epsEstimated": -2.17, "time": "bmo", "revenue": null, "revenueEstimated": null, "fiscalDateEnding": "2018-12-31", "updatedFromDate": "2023-05-17"}, {"date": "2019-02-27", "symbol": "LAMOSA.MX", "eps": null, "epsEstimated": null, "time": "bmo", "revenue": null, "revenueEstimated": null, "fiscalDateEnding": "2018-12-31", "updatedFromDate": "2023-05-31"}, {"date": "2019-02-27", "symbol": "MEDICAB.MX", "eps": null, "epsEstimated": null, "time": "bmo", "revenue": null, "revenueEstimated": null, "fiscalDateEnding": "2018-12-31", "updatedFromDate": "2023-05-31"}, {"date": "2019-02-27", "symbol": "002095.SZ", "eps": 0.02, "epsEstimated": null, "time": "bmo", "revenue": 95619632.88, "revenueEstimated": null, "fiscalDateEnding": "2018-12-30", "updatedFromDate": "2023-05-17"}, {"date": "2019-02-27", "symbol": "CNPOF", "eps": 0.01, "epsEstimated": 0.00333, "time": "bmo", "revenue": 1516090.043813, "revenueEstimated": null, "fiscalDateEnding": "2018-11-27", "updatedFromDate": "2023-10-17"}, {"date": "2019-02-27", "symbol": "RCENTROA.MX", "eps": null, "epsEstimated": null, "time": "bmo", "revenue": null, "revenueEstimated": null, "fiscalDateEnding": "2018-12-31", "updatedFromDate": "2023-05-31"}, {"date": "2019-02-27", "symbol": "PV.MX", "eps": null, "epsEstimated": null, "time": "bmo", "revenue": null, "revenueEstimated": null, "fiscalDateEnding": "2018-12-31", "updatedFromDate": "2023-05-31"}, {"date": "2019-02-27", "symbol": "ANIP", "eps": 1.32, "epsEstimated": 1.25, "time": "bmo", "revenue": 57122000, "revenueEstimated": 53660060.6060606, "fiscalDateEnding": "2018-12-30", "updatedFromDate": "2023-09-29"}, {"date": "2019-02-27", "symbol": "ITCI", "eps": -0.75, "epsEstimated": -0.84, "time": "bmo", "revenue": null, "revenueEstimated": null, "fiscalDateEnding": "2018-12-30", "updatedFromDate": "2023-09-29"}, {"date": "2019-02-27", "symbol": "PCELL.ST", "eps": -0.2, "epsEstimated": -0.4, "time": "bmo", "revenue": null, "revenueEstimated": null, "fiscalDateEnding": "2018-12-31", "updatedFromDate": "2023-05-17"}, {"date": "2019-02-27", "symbol": "GTEC", "eps": 0.00623, "epsEstimated": null, "time": "bmo", "revenue": null, "revenueEstimated": null, "fiscalDateEnding": "2019-02-27", "updatedFromDate": "2023-09-29"}, {"date": "2019-02-27", "symbol": "002162.SZ", "eps": 0.00533, "epsEstimated": null, "time": "bmo", "revenue": 277520738.1, "revenueEstimated": null, "fiscalDateEnding": "2018-12-30", "updatedFromDate": "2023-05-17"}, {"date": "2019-02-27", "symbol": "002818.SZ", "eps": 0.2471, "epsEstimated": null, "time": "bmo", "revenue": 337275333.92, "revenueEstimated": null, "fiscalDateEnding": "2018-11-27", "updatedFromDate": "2023-05-17"}, {"date": "2019-02-27", "symbol": "ARKAY", "eps": 1.75, "epsEstimated": null, "time": "bmo", "revenue": 2207000000, "revenueEstimated": null, "fiscalDateEnding": "2018-12-31", "updatedFromDate": "2023-09-29"}, {"date": "2019-02-27", "symbol": "APA", "eps": 0.31, "epsEstimated": 0.25, "time": "amc", "revenue": 1703000000, "revenueEstimated": 1318451612.9032257, "fiscalDateEnding": "2018-12-30", "updatedFromDate": "2023-09-29"}, {"date": "2019-02-27", "symbol": "REPYF", "eps": 0.37, "epsEstimated": 0.34, "time": "bmo", "revenue": null, "revenueEstimated": null, "fiscalDateEnding": "2018-12-31", "updatedFromDate": "2023-05-17"}, {"date": "2019-02-27", "symbol": "TROX", "eps": 0.06, "epsEstimated": 0.07, "time": "amc", "revenue": 429000000, "revenueEstimated": 643500000, "fiscalDateEnding": "2018-12-30", "updatedFromDate": "2023-09-29"}, {"date": "2019-02-27", "symbol": "300016.SZ", "eps": 0.04, "epsEstimated": null, "time": "bmo", "revenue": null, "revenueEstimated": null, "fiscalDateEnding": "2018-12-31", "updatedFromDate": "2023-05-31"}, {"date": "2019-02-27", "symbol": "002185.SZ", "eps": 0.03, "epsEstimated": 0.06, "time": "bmo", "revenue": 1711326979.16, "revenueEstimated": null, "fiscalDateEnding": "2018-11-27", "updatedFromDate": "2023-05-17"}, {"date": "2019-02-27", "symbol": "FBRX", "eps": 14.4, "epsEstimated": 10.26, "time": "bmo", "revenue": null, "revenueEstimated": null, "fiscalDateEnding": "2018-12-29", "updatedFromDate": "2023-09-29"}, {"date": "2019-02-27", "symbol": "ESTC", "eps": -0.16, "epsEstimated": -0.31, "time": "amc", "revenue": 70835000, "revenueEstimated": 137242812.5, "fiscalDateEnding": "2019-01-30", "updatedFromDate": "2023-09-29"}, {"date": "2019-02-27", "symbol": "300760.SZ", "eps": 0.69, "epsEstimated": null, "time": "bmo", "revenue": 3473547584, "revenueEstimated": null, "fiscalDateEnding": "2018-12-30", "updatedFromDate": "2023-08-16"}, {"date": "2019-02-27", "symbol": "VMD", "eps": 0.08, "epsEstimated": 0.08, "time": "bmo", "revenue": 18489000, "revenueEstimated": 18489000, "fiscalDateEnding": "2018-12-31", "updatedFromDate": "2023-09-29"}, {"date": "2019-02-27", "symbol": "300045.SZ", "eps": 0.11, "epsEstimated": null, "time": "bmo", "revenue": null, "revenueEstimated": null, "fiscalDateEnding": "2018-12-31", "updatedFromDate": "2023-05-31"}, {"date": "2019-02-27", "symbol": "002268.SZ", "eps": 0.2312, "epsEstimated": null, "time": "bmo", "revenue": 889055784.84, "revenueEstimated": null, "fiscalDateEnding": "2018-12-30", "updatedFromDate": "2023-05-17"}, {"date": "2019-02-27", "symbol": "300053.SZ", "eps": 0.04, "epsEstimated": null, "time": "bmo", "revenue": null, "revenueEstimated": null, "fiscalDateEnding": "2018-12-31", "updatedFromDate": "2023-05-31"}, {"date": "2019-02-27", "symbol": "300054.SZ", "eps": 0.08, "epsEstimated": null, "time": "bmo", "revenue": null, "revenueEstimated": null, "fiscalDateEnding": "2018-12-31", "updatedFromDate": "2023-05-31"}, {"date": "2019-02-27", "symbol": "300065.SZ", "eps": 0.05, "epsEstimated": null, "time": "bmo", "revenue": null, "revenueEstimated": null, "fiscalDateEnding": "2018-12-31", "updatedFromDate": "2023-05-31"}, {"date": "2019-02-27", "symbol": "300066.SZ", "eps": 0.01, "epsEstimated": null, "time": "bmo", "revenue": null, "revenueEstimated": null, "fiscalDateEnding": "2018-12-31", "updatedFromDate": "2023-05-31"}, {"date": "2019-02-27", "symbol": "PBR-A", "eps": 0.32, "epsEstimated": 0.46, "time": "bmo", "revenue": 24346000000, "revenueEstimated": 31755652173, "fiscalDateEnding": "2018-12-30", "updatedFromDate": "2023-05-17"}, {"date": "2019-02-27", "symbol": "145270.KS", "eps": 33.85, "epsEstimated": null, "time": "bmo", "revenue": 2733397110, "revenueEstimated": null, "fiscalDateEnding": "2018-12-30", "updatedFromDate": "2023-05-17"}, {"date": "2019-02-27", "symbol": "300078.SZ", "eps": 0.06, "epsEstimated": null, "time": "bmo", "revenue": null, "revenueEstimated": null, "fiscalDateEnding": "2018-12-31", "updatedFromDate": "2023-05-31"}, {"date": "2019-02-27", "symbol": "300082.SZ", "eps": null, "epsEstimated": null, "time": "bmo", "revenue": null, "revenueEstimated": null, "fiscalDateEnding": "2018-12-31", "updatedFromDate": "2023-05-31"}, {"date": "2019-02-27", "symbol": "300373.SZ", "eps": -0.10204, "epsEstimated": null, "time": "bmo", "revenue": 482714000.89, "revenueEstimated": null, "fiscalDateEnding": "2018-12-30", "updatedFromDate": "2023-05-17"}, {"date": "2019-02-27", "symbol": "300089.SZ", "eps": null, "epsEstimated": null, "time": "bmo", "revenue": null, "revenueEstimated": null, "fiscalDateEnding": "2018-12-31", "updatedFromDate": "2023-05-31"}, {"date": "2019-02-27", "symbol": "002646.SZ", "eps": 0.05, "epsEstimated": 0.05, "time": "bmo", "revenue": 396916398.41, "revenueEstimated": null, "fiscalDateEnding": "2018-12-30", "updatedFromDate": "2023-05-17"}, {"date": "2019-02-27", "symbol": "002470.SZ", "eps": -0.17, "epsEstimated": -0.04, "time": "bmo", "revenue": 4389379138.74, "revenueEstimated": null, "fiscalDateEnding": "2019-03-30", "updatedFromDate": "2023-05-17"}, {"date": "2019-02-27", "symbol": "LUMO", "eps": 2.52, "epsEstimated": 3.09, "time": "bmo", "revenue": 202000, "revenueEstimated": -1189203, "fiscalDateEnding": "2018-12-30", "updatedFromDate": "2023-09-29"}, {"date": "2019-02-27", "symbol": "FXMBF", "eps": null, "epsEstimated": null, "time": "bmo", "revenue": null, "revenueEstimated": null, "fiscalDateEnding": "2018-12-31", "updatedFromDate": "2023-05-17"}, {"date": "2019-02-27", "symbol": "300101.SZ", "eps": -0.02, "epsEstimated": null, "time": "bmo", "revenue": null, "revenueEstimated": null, "fiscalDateEnding": "2018-12-31", "updatedFromDate": "2023-05-31"}, {"date": "2019-02-27", "symbol": "002482.SZ", "eps": -0.07, "epsEstimated": null, "time": "bmo", "revenue": 4391320882.93, "revenueEstimated": null, "fiscalDateEnding": "2018-12-30", "updatedFromDate": "2023-05-17"}, {"date": "2019-02-27", "symbol": "IIM", "eps": 0.3136, "epsEstimated": null, "time": "bmo", "revenue": 24939520, "revenueEstimated": null, "fiscalDateEnding": "2019-02-27", "updatedFromDate": "2023-10-17"}, {"date": "2019-02-27", "symbol": "300121.SZ", "eps": 0.09, "epsEstimated": null, "time": "bmo", "revenue": null, "revenueEstimated": null, "fiscalDateEnding": "2018-12-31", "updatedFromDate": "2023-05-31"}, {"date": "2019-02-27", "symbol": "HMPRO.BK", "eps": 0.13, "epsEstimated": 0.13, "time": "bmo", "revenue": 16398582288, "revenueEstimated": null, "fiscalDateEnding": "2018-12-31", "updatedFromDate": "2023-05-17"}, {"date": "2019-02-27", "symbol": "BRG-B.ST", "eps": null, "epsEstimated": null, "time": "bmo", "revenue": null, "revenueEstimated": null, "fiscalDateEnding": "2018-12-30", "updatedFromDate": "2023-10-16"}, {"date": "2019-02-27", "symbol": "TNEYF", "eps": 0.08, "epsEstimated": 0.01037, "time": "bmo", "revenue": null, "revenueEstimated": null, "fiscalDateEnding": "2018-12-31", "updatedFromDate": "2023-08-16"}, {"date": "2019-02-27", "symbol": "SBGI", "eps": 2.1, "epsEstimated": 2, "time": "bmo", "revenue": 893325000, "revenueEstimated": 850785714.2857143, "fiscalDateEnding": "2018-12-30", "updatedFromDate": "2023-09-29"}, {"date": "2019-02-27", "symbol": "300137.SZ", "eps": null, "epsEstimated": null, "time": "bmo", "revenue": null, "revenueEstimated": null, "fiscalDateEnding": "2018-12-31", "updatedFromDate": "2023-05-31"}, {"date": "2019-02-27", "symbol": "300140.SZ", "eps": 0.16, "epsEstimated": null, "time": "bmo", "revenue": null, "revenueEstimated": null, "fiscalDateEnding": "2018-12-31", "updatedFromDate": "2023-05-31"}, {"date": "2019-02-27", "symbol": "IHL.BK", "eps": 0.17, "epsEstimated": 0.15, "time": "bmo", "revenue": 435977000, "revenueEstimated": null, "fiscalDateEnding": "2019-03-30", "updatedFromDate": "2023-05-17"}, {"date": "2019-02-27", "symbol": "300737.SZ", "eps": null, "epsEstimated": null, "time": "bmo", "revenue": null, "revenueEstimated": null, "fiscalDateEnding": "2018-12-31", "updatedFromDate": "2023-05-17"}, {"date": "2019-02-27", "symbol": "300145.SZ", "eps": -0.04, "epsEstimated": null, "time": "bmo", "revenue": null, "revenueEstimated": null, "fiscalDateEnding": "2018-12-31", "updatedFromDate": "2023-05-31"}, {"date": "2019-02-27", "symbol": "300177.SZ", "eps": 0.03, "epsEstimated": null, "time": "bmo", "revenue": null, "revenueEstimated": null, "fiscalDateEnding": "2018-12-31", "updatedFromDate": "2023-05-31"}, {"date": "2019-02-27", "symbol": "PPLFF", "eps": null, "epsEstimated": null, "time": "bmo", "revenue": null, "revenueEstimated": null, "fiscalDateEnding": "2018-12-31", "updatedFromDate": "2023-05-17"}, {"date": "2019-02-27", "symbol": "300203.SZ", "eps": 0.4, "epsEstimated": 0.59, "time": "bmo", "revenue": null, "revenueEstimated": null, "fiscalDateEnding": "2018-12-31", "updatedFromDate": "2023-05-31"}, {"date": "2019-02-27", "symbol": "STZ-B", "eps": 6.37, "epsEstimated": null, "time": "bmo", "revenue": 1797200000, "revenueEstimated": null, "fiscalDateEnding": "2019-02-27", "updatedFromDate": "2023-10-16"}, {"date": "2019-02-27", "symbol": "300408.SZ", "eps": 0.2239, "epsEstimated": null, "time": "bmo", "revenue": 914233250.61, "revenueEstimated": null, "fiscalDateEnding": "2018-12-30", "updatedFromDate": "2023-08-16"}, {"date": "2019-02-27", "symbol": "UNTR.JK", "eps": 551, "epsEstimated": 691.13, "time": "bmo", "revenue": 23499310000000, "revenueEstimated": null, "fiscalDateEnding": "2018-12-30", "updatedFromDate": "2023-05-17"}, {"date": "2019-02-27", "symbol": "FLEXM.ST", "eps": -0.01726, "epsEstimated": null, "time": "bmo", "revenue": 1260614, "revenueEstimated": null, "fiscalDateEnding": "2018-12-31", "updatedFromDate": "2023-10-16"}, {"date": "2019-02-27", "symbol": "NRK", "eps": 0.2579, "epsEstimated": null, "time": "amc", "revenue": 40036030, "revenueEstimated": null, "fiscalDateEnding": "2019-02-27", "updatedFromDate": "2023-10-17"}, {"date": "2019-02-27", "symbol": "300545.SZ", "eps": null, "epsEstimated": null, "time": "bmo", "revenue": null, "revenueEstimated": null, "fiscalDateEnding": "2018-12-31", "updatedFromDate": "2023-05-31"}, {"date": "2019-02-27", "symbol": "BB.SW", "eps": 0.08285, "epsEstimated": null, "time": "bmo", "revenue": 255000000, "revenueEstimated": null, "fiscalDateEnding": "2019-02-27", "updatedFromDate": "2023-10-17"}, {"date": "2019-02-27", "symbol": "GTE.L", "eps": -0.02771, "epsEstimated": null, "time": "bmo", "revenue": 136639000, "revenueEstimated": null, "fiscalDateEnding": "2018-12-30", "updatedFromDate": "2023-05-17"}, {"date": "2019-02-27", "symbol": "IPOT.CN", "eps": -0.02757, "epsEstimated": null, "time": "bmo", "revenue": 164827, "revenueEstimated": null, "fiscalDateEnding": "2019-02-27", "updatedFromDate": "2023-10-17"}, {"date": "2019-02-27", "symbol": "603806.SS", "eps": 0.543, "epsEstimated": null, "time": "bmo", "revenue": 1399041834.26, "revenueEstimated": null, "fiscalDateEnding": "2018-12-31", "updatedFromDate": "2023-08-17"}, {"date": "2019-02-27", "symbol": "6288.HK", "eps": 3.97, "epsEstimated": null, "time": "bmo", "revenue": 623230000000, "revenueEstimated": null, "fiscalDateEnding": "2019-02-27", "updatedFromDate": "2023-08-16"}, {"date": "2019-02-27", "symbol": "E5H.SI", "eps": 0.01, "epsEstimated": null, "time": "bmo", "revenue": null, "revenueEstimated": null, "fiscalDateEnding": "2018-12-31", "updatedFromDate": "2023-05-17"}, {"date": "2019-02-27", "symbol": "WATT", "eps": -9.6, "epsEstimated": -9.6, "time": "bmo", "revenue": 56050, "revenueEstimated": 52546.875, "fiscalDateEnding": "2018-12-30", "updatedFromDate": "2023-09-29"}, {"date": "2019-02-27", "symbol": "300017.SZ", "eps": 0.08, "epsEstimated": 0.14, "time": "bmo", "revenue": 1705664877.64, "revenueEstimated": null, "fiscalDateEnding": "2018-12-30", "updatedFromDate": "2023-08-16"}, {"date": "2019-02-27", "symbol": "PBR.A", "eps": 0.32, "epsEstimated": null, "time": "amc", "revenue": null, "revenueEstimated": null, "fiscalDateEnding": "2018-12-31", "updatedFromDate": "2023-09-29"}, {"date": "2019-02-27", "symbol": "ADB.DE", "eps": 1.36, "epsEstimated": null, "time": "bmo", "revenue": 2600946000, "revenueEstimated": null, "fiscalDateEnding": "2019-02-27", "updatedFromDate": "2023-05-17"}, {"date": "2019-02-27", "symbol": "MEDI.OL", "eps": 1.31, "epsEstimated": null, "time": "bmo", "revenue": 95043000, "revenueEstimated": null, "fiscalDateEnding": "2018-12-30", "updatedFromDate": "2023-08-16"}, {"date": "2019-02-27", "symbol": "300604.SZ", "eps": 0.00812, "epsEstimated": null, "time": "bmo", "revenue": 44463899.06, "revenueEstimated": null, "fiscalDateEnding": "2018-12-30", "updatedFromDate": "2023-08-16"}, {"date": "2019-02-27", "symbol": "300253.SZ", "eps": 0.05, "epsEstimated": null, "time": "bmo", "revenue": 513782606.45, "revenueEstimated": null, "fiscalDateEnding": "2018-12-30", "updatedFromDate": "2023-08-16"}, {"date": "2019-02-27", "symbol": "BCM.WA", "eps": -0.3297, "epsEstimated": null, "time": "bmo", "revenue": 27090000, "revenueEstimated": null, "fiscalDateEnding": "2018-11-27", "updatedFromDate": "2023-10-17"}, {"date": "2019-02-27", "symbol": "300003.SZ", "eps": 0.04, "epsEstimated": 0.0381, "time": "bmo", "revenue": 1771824749.77, "revenueEstimated": null, "fiscalDateEnding": "2018-12-30", "updatedFromDate": "2023-08-16"}, {"date": "2019-02-27", "symbol": "TFII.TO", "eps": 0.96, "epsEstimated": 0.83, "time": "bmo", "revenue": 818931941.559047, "revenueEstimated": null, "fiscalDateEnding": "2018-12-31", "updatedFromDate": "2023-10-16"}, {"date": "2019-02-27", "symbol": "CCOLA.IS", "eps": 0.58, "epsEstimated": 0.15, "time": "bmo", "revenue": 1884784000, "revenueEstimated": null, "fiscalDateEnding": "2018-12-31", "updatedFromDate": "2023-05-17"}, {"date": "2019-02-27", "symbol": "VKQ", "eps": 0.1729, "epsEstimated": null, "time": "bmo", "revenue": 24303160, "revenueEstimated": null, "fiscalDateEnding": "2019-02-27", "updatedFromDate": "2023-05-17"}, {"date": "2019-02-27", "symbol": "VIBHA.BK", "eps": 0.00763, "epsEstimated": null, "time": "bmo", "revenue": 1607501294, "revenueEstimated": null, "fiscalDateEnding": "2018-12-30", "updatedFromDate": "2023-08-16"}, {"date": "2019-02-27", "symbol": "PVAC", "eps": 2.56, "epsEstimated": 3.37, "time": "bmo", "revenue": 124030000, "revenueEstimated": 164700851.5625, "fiscalDateEnding": "2018-11-27", "updatedFromDate": "2023-10-10"}, {"date": "2019-02-27", "symbol": "300657.SZ", "eps": null, "epsEstimated": null, "time": "bmo", "revenue": null, "revenueEstimated": null, "fiscalDateEnding": "2018-12-31", "updatedFromDate": "2023-05-17"}, {"date": "2019-02-27", "symbol": "MSURF", "eps": null, "epsEstimated": null, "time": "bmo", "revenue": null, "revenueEstimated": null, "fiscalDateEnding": "2018-12-31", "updatedFromDate": "2023-05-17"}, {"date": "2019-02-27", "symbol": "ROCC", "eps": 2.56, "epsEstimated": 3.37, "time": "bmo", "revenue": 124856000, "revenueEstimated": null, "fiscalDateEnding": "2018-12-30", "updatedFromDate": "2023-09-29"}, {"date": "2019-02-27", "symbol": "GIFOF", "eps": 0.22, "epsEstimated": 0.26, "time": "bmo", "revenue": null, "revenueEstimated": null, "fiscalDateEnding": "2018-12-31", "updatedFromDate": "2023-05-17"}, {"date": "2019-02-27", "symbol": "002034.SZ", "eps": 0.26, "epsEstimated": null, "time": "bmo", "revenue": 222875645.49, "revenueEstimated": null, "fiscalDateEnding": "2018-12-30", "updatedFromDate": "2023-05-17"}, {"date": "2019-02-27", "symbol": "CHK", "eps": 42, "epsEstimated": 37.29, "time": "bmo", "revenue": 3069000000, "revenueEstimated": 2738151428.5714283, "fiscalDateEnding": "2018-12-30", "updatedFromDate": "2023-09-29"}, {"date": "2019-02-27", "symbol": "ANXGF", "eps": null, "epsEstimated": null, "time": "bmo", "revenue": null, "revenueEstimated": null, "fiscalDateEnding": "2018-12-31", "updatedFromDate": "2023-05-17"}, {"date": "2019-02-27", "symbol": "ELMFF", "eps": null, "epsEstimated": null, "time": "bmo", "revenue": null, "revenueEstimated": null, "fiscalDateEnding": "2019-03-31", "updatedFromDate": "2023-05-17"}, {"date": "2019-02-27", "symbol": "9945.T", "eps": -65.55579, "epsEstimated": null, "time": "bmo", "revenue": 38305000000, "revenueEstimated": null, "fiscalDateEnding": "2019-02-27", "updatedFromDate": "2023-05-17"}, {"date": "2019-02-27", "symbol": "SGBAF", "eps": -0.06, "epsEstimated": null, "time": "bmo", "revenue": 1933500000, "revenueEstimated": null, "fiscalDateEnding": "2018-12-30", "updatedFromDate": "2023-09-29"}, {"date": "2019-02-27", "symbol": "NEL.OL", "eps": -0.05, "epsEstimated": -0.03, "time": "bmo", "revenue": 101490000, "revenueEstimated": null, "fiscalDateEnding": "2018-12-30", "updatedFromDate": "2023-05-17"}, {"date": "2019-02-27", "symbol": "CCU.SN", "eps": 169.68, "epsEstimated": 152.05, "time": "bmo", "revenue": null, "revenueEstimated": null, "fiscalDateEnding": "2018-12-31", "updatedFromDate": "2023-05-17"}, {"date": "2019-02-27", "symbol": "TCN.TO", "eps": 0.3, "epsEstimated": 0.21, "time": "bmo", "revenue": 9565000, "revenueEstimated": null, "fiscalDateEnding": "2018-12-30", "updatedFromDate": "2023-05-17"}, {"date": "2019-02-27", "symbol": "002341.SZ", "eps": -0.01, "epsEstimated": null, "time": "bmo", "revenue": 622339086.68, "revenueEstimated": null, "fiscalDateEnding": "2018-12-30", "updatedFromDate": "2023-05-17"}, {"date": "2019-02-27", "symbol": "CWBU.SI", "eps": 0.01, "epsEstimated": 0.01, "time": "bmo", "revenue": null, "revenueEstimated": null, "fiscalDateEnding": "2018-12-31", "updatedFromDate": "2023-05-17"}, {"date": "2019-02-27", "symbol": "MRVCF", "eps": 0.01, "epsEstimated": 0.16, "time": "bmo", "revenue": null, "revenueEstimated": null, "fiscalDateEnding": "2018-12-31", "updatedFromDate": "2023-05-17"}, {"date": "2019-02-27", "symbol": "300146.SZ", "eps": -0.04, "epsEstimated": -0.034, "time": "bmo", "revenue": 929311722.84, "revenueEstimated": null, "fiscalDateEnding": "2018-12-30", "updatedFromDate": "2023-05-17"}, {"date": "2019-02-27", "symbol": "TELL", "eps": -0.14, "epsEstimated": -0.15, "time": "bmo", "revenue": 1872000, "revenueEstimated": 1872000, "fiscalDateEnding": "2018-12-30", "updatedFromDate": "2023-09-29"}, {"date": "2019-02-27", "symbol": "3376.T", "eps": null, "epsEstimated": null, "time": "bmo", "revenue": 1730015000, "revenueEstimated": null, "fiscalDateEnding": "2019-02-27", "updatedFromDate": "2023-10-16"}, {"date": "2019-02-27", "symbol": "SOLB.BR", "eps": 1.56, "epsEstimated": 1.17, "time": "bmo", "revenue": 2830000000, "revenueEstimated": null, "fiscalDateEnding": "2018-12-30", "updatedFromDate": "2023-05-17"}, {"date": "2019-02-27", "symbol": "BRR.BK", "eps": 0.09, "epsEstimated": -0.11, "time": "bmo", "revenue": 1041050505, "revenueEstimated": null, "fiscalDateEnding": "2019-03-30", "updatedFromDate": "2023-05-17"}, {"date": "2019-02-27", "symbol": "DFIN", "eps": -0.06, "epsEstimated": 0.16, "time": "bmo", "revenue": 200300000, "revenueEstimated": 500750000, "fiscalDateEnding": "2018-12-30", "updatedFromDate": "2023-09-29"}, {"date": "2019-02-27", "symbol": "VTVT", "eps": -0.1, "epsEstimated": -0.11, "time": "bmo", "revenue": 4522000, "revenueEstimated": 3316133.3333333335, "fiscalDateEnding": "2018-12-30", "updatedFromDate": "2023-09-29"}, {"date": "2019-02-27", "symbol": "SIILI.HE", "eps": null, "epsEstimated": 0.17, "time": "bmo", "revenue": null, "revenueEstimated": null, "fiscalDateEnding": "2018-12-31", "updatedFromDate": "2023-08-16"}, {"date": "2019-02-27", "symbol": "BAFS.BK", "eps": 0.2862, "epsEstimated": null, "time": "bmo", "revenue": 947169589, "revenueEstimated": null, "fiscalDateEnding": "2018-12-30", "updatedFromDate": "2023-08-16"}, {"date": "2019-02-27", "symbol": "ORCL.SW", "eps": 0.759, "epsEstimated": null, "time": "bmo", "revenue": 9614000000, "revenueEstimated": null, "fiscalDateEnding": "2019-02-27", "updatedFromDate": "2023-10-17"}, {"date": "2019-02-27", "symbol": "002014.SZ", "eps": 0.1449, "epsEstimated": null, "time": "bmo", "revenue": 672657277.05, "revenueEstimated": null, "fiscalDateEnding": "2018-12-30", "updatedFromDate": "2023-05-17"}, {"date": "2019-02-27", "symbol": "AMRN", "eps": -0.09, "epsEstimated": -0.05, "time": "bmo", "revenue": 77330000, "revenueEstimated": 49210000.00000001, "fiscalDateEnding": "2018-12-30", "updatedFromDate": "2023-09-29"}, {"date": "2019-02-27", "symbol": "SYDB.CO", "eps": 3.2, "epsEstimated": 3, "time": "bmo", "revenue": 882000000, "revenueEstimated": null, "fiscalDateEnding": "2018-12-30", "updatedFromDate": "2023-07-24"}, {"date": "2019-02-27", "symbol": "OPK.TA", "eps": -0.09, "epsEstimated": -0.09, "time": "bmo", "revenue": 221854000, "revenueEstimated": null, "fiscalDateEnding": "2018-12-30", "updatedFromDate": "2023-08-16"}, {"date": "2019-02-27", "symbol": "002637.SZ", "eps": 0.07, "epsEstimated": null, "time": "bmo", "revenue": 2158998842.62, "revenueEstimated": null, "fiscalDateEnding": "2018-12-30", "updatedFromDate": "2023-05-17"}, {"date": "2019-02-27", "symbol": "4394.T", "eps": 7.65, "epsEstimated": null, "time": "bmo", "revenue": 205037000, "revenueEstimated": null, "fiscalDateEnding": "2019-02-27", "updatedFromDate": "2023-05-17"}, {"date": "2019-02-27", "symbol": "SEBYF", "eps": null, "epsEstimated": null, "time": "bmo", "revenue": null, "revenueEstimated": null, "fiscalDateEnding": "2018-12-31", "updatedFromDate": "2023-05-17"}, {"date": "2019-02-27", "symbol": "NMFC", "eps": 0.36, "epsEstimated": 0.35, "time": "amc", "revenue": -1767000, "revenueEstimated": 138925937.5, "fiscalDateEnding": "2018-12-30", "updatedFromDate": "2023-09-29"}, {"date": "2019-02-27", "symbol": "300079.SZ", "eps": 0.00014, "epsEstimated": null, "time": "bmo", "revenue": 569839726.84, "revenueEstimated": null, "fiscalDateEnding": "2018-12-30", "updatedFromDate": "2023-05-17"}, {"date": "2019-02-27", "symbol": "VAL", "eps": 1.56, "epsEstimated": 1.48, "time": "bmo", "revenue": 399000000, "revenueEstimated": 378538461.5384615, "fiscalDateEnding": "2018-12-30", "updatedFromDate": "2023-09-29"}, {"date": "2019-02-27", "symbol": "EA.BK", "eps": 0.2, "epsEstimated": 0.3, "time": "bmo", "revenue": 3086196000, "revenueEstimated": null, "fiscalDateEnding": "2018-11-27", "updatedFromDate": "2023-05-17"}, {"date": "2019-02-27", "symbol": "SOI", "eps": 0.45, "epsEstimated": 0.43, "time": "amc", "revenue": 57337000, "revenueEstimated": 56062844.44444444, "fiscalDateEnding": "2018-12-30", "updatedFromDate": "2023-09-29"}, {"date": "2019-02-27", "symbol": "002611.SZ", "eps": -2.42618, "epsEstimated": null, "time": "bmo", "revenue": 3015643784.09, "revenueEstimated": null, "fiscalDateEnding": "2018-12-30", "updatedFromDate": "2023-05-17"}, {"date": "2019-02-27", "symbol": "300724.SZ", "eps": 0.1697, "epsEstimated": null, "time": "bmo", "revenue": 394864225.01, "revenueEstimated": null, "fiscalDateEnding": "2018-12-30", "updatedFromDate": "2023-08-16"}, {"date": "2019-02-27", "symbol": "EUSHF", "eps": 0.38, "epsEstimated": 0.33, "time": "bmo", "revenue": null, "revenueEstimated": null, "fiscalDateEnding": "2018-12-31", "updatedFromDate": "2023-08-16"}, {"date": "2019-02-27", "symbol": "VCOR", "eps": -0.00107, "epsEstimated": null, "time": "bmo", "revenue": null, "revenueEstimated": null, "fiscalDateEnding": "2019-02-27", "updatedFromDate": "2023-08-16"}, {"date": "2019-02-27", "symbol": "ENW.V", "eps": null, "epsEstimated": null, "time": "bmo", "revenue": null, "revenueEstimated": null, "fiscalDateEnding": "2019-03-31", "updatedFromDate": "2023-08-16"}, {"date": "2019-02-27", "symbol": "075180.KS", "eps": -4, "epsEstimated": null, "time": "bmo", "revenue": 41666597780, "revenueEstimated": null, "fiscalDateEnding": "2018-12-30", "updatedFromDate": "2023-05-17"}, {"date": "2019-02-27", "symbol": "AVHNF", "eps": null, "epsEstimated": null, "time": "bmo", "revenue": null, "revenueEstimated": null, "fiscalDateEnding": "2018-12-31", "updatedFromDate": "2023-05-17"}, {"date": "2019-02-27", "symbol": "300618.SZ", "eps": null, "epsEstimated": null, "time": "bmo", "revenue": null, "revenueEstimated": null, "fiscalDateEnding": "2018-12-31", "updatedFromDate": "2023-05-17"}, {"date": "2019-02-27", "symbol": "ORBC", "eps": -0.07, "epsEstimated": -0.024, "time": "amc", "revenue": 66337000, "revenueEstimated": 18953428.57142857, "fiscalDateEnding": "2018-12-30", "updatedFromDate": "2023-05-17"}, {"date": "2019-02-27", "symbol": "300458.SZ", "eps": -0.0404, "epsEstimated": null, "time": "bmo", "revenue": 333610999.49, "revenueEstimated": null, "fiscalDateEnding": "2018-12-30", "updatedFromDate": "2023-05-17"}, {"date": "2019-02-27", "symbol": "002285.SZ", "eps": 0.04, "epsEstimated": null, "time": "bmo", "revenue": 2152751597.52, "revenueEstimated": null, "fiscalDateEnding": "2018-12-30", "updatedFromDate": "2023-08-16"}, {"date": "2019-02-27", "symbol": "BTTR", "eps": -0.36608, "epsEstimated": null, "time": "bmo", "revenue": null, "revenueEstimated": null, "fiscalDateEnding": "2019-02-27", "updatedFromDate": "2023-09-29"}, {"date": "2019-02-27", "symbol": "U.TO", "eps": -0.23602, "epsEstimated": null, "time": "bmo", "revenue": 171000, "revenueEstimated": null, "fiscalDateEnding": "2019-02-27", "updatedFromDate": "2023-10-16"}, {"date": "2019-02-27", "symbol": "CIMDF", "eps": 0.12, "epsEstimated": 0.29, "time": "bmo", "revenue": null, "revenueEstimated": null, "fiscalDateEnding": "2018-12-31", "updatedFromDate": "2023-05-17"}, {"date": "2019-02-27", "symbol": "002472.SZ", "eps": 0.01, "epsEstimated": 0.1, "time": "bmo", "revenue": 826025337.94, "revenueEstimated": null, "fiscalDateEnding": "2018-12-30", "updatedFromDate": "2023-08-16"}, {"date": "2019-02-27", "symbol": "A34.SI", "eps": null, "epsEstimated": null, "time": "bmo", "revenue": null, "revenueEstimated": null, "fiscalDateEnding": "2018-12-31", "updatedFromDate": "2023-05-17"}, {"date": "2019-02-27", "symbol": "002656.SZ", "eps": -0.04, "epsEstimated": null, "time": "bmo", "revenue": 514425783.07, "revenueEstimated": null, "fiscalDateEnding": "2018-12-30", "updatedFromDate": "2023-05-17"}, {"date": "2019-02-27", "symbol": "TNISY", "eps": 0.15, "epsEstimated": 0.37, "time": "bmo", "revenue": null, "revenueEstimated": null, "fiscalDateEnding": "2018-12-31", "updatedFromDate": "2023-05-17"}, {"date": "2019-02-27", "symbol": "PTG.BK", "eps": 0.1053, "epsEstimated": null, "time": "bmo", "revenue": 29243195798, "revenueEstimated": null, "fiscalDateEnding": "2018-12-30", "updatedFromDate": "2023-08-16"}, {"date": "2019-02-27", "symbol": "300081.SZ", "eps": 0.04, "epsEstimated": null, "time": "bmo", "revenue": 218060697.87, "revenueEstimated": null, "fiscalDateEnding": "2018-12-30", "updatedFromDate": "2023-05-17"}, {"date": "2019-02-27", "symbol": "TEM1V.HE", "eps": 0.00905, "epsEstimated": null, "time": "bmo", "revenue": 12479000, "revenueEstimated": null, "fiscalDateEnding": "2018-12-30", "updatedFromDate": "2023-05-17"}, {"date": "2019-02-27", "symbol": "AAX.V", "eps": -0.00234, "epsEstimated": null, "time": "bmo", "revenue": null, "revenueEstimated": null, "fiscalDateEnding": "2019-02-27", "updatedFromDate": "2023-10-16"}, {"date": "2019-02-27", "symbol": "NRKBF", "eps": -1.09, "epsEstimated": -0.62, "time": "bmo", "revenue": null, "revenueEstimated": null, "fiscalDateEnding": "2018-12-31", "updatedFromDate": "2023-05-17"}, {"date": "2019-02-27", "symbol": "WTI", "eps": 0.22, "epsEstimated": 0.15, "time": "amc", "revenue": 143422000, "revenueEstimated": 97787727.27272727, "fiscalDateEnding": "2018-12-30", "updatedFromDate": "2023-09-29"}, {"date": "2019-02-27", "symbol": "002574.SZ", "eps": 0.01296, "epsEstimated": null, "time": "bmo", "revenue": 670646983.71, "revenueEstimated": null, "fiscalDateEnding": "2018-12-30", "updatedFromDate": "2023-05-17"}, {"date": "2019-02-27", "symbol": "SMLR", "eps": 0.17, "epsEstimated": 0.19, "time": "bmo", "revenue": 5964000, "revenueEstimated": 6666764.705882353, "fiscalDateEnding": "2018-12-30", "updatedFromDate": "2023-09-29"}, {"date": "2019-02-27", "symbol": "002383.SZ", "eps": -0.09, "epsEstimated": null, "time": "bmo", "revenue": -1407131882.34, "revenueEstimated": null, "fiscalDateEnding": "2018-12-30", "updatedFromDate": "2023-05-17"}, {"date": "2019-02-27", "symbol": "EMFGF", "eps": null, "epsEstimated": null, "time": "bmo", "revenue": null, "revenueEstimated": null, "fiscalDateEnding": "2018-12-31", "updatedFromDate": "2023-05-17"}, {"date": "2019-02-27", "symbol": "LHIL", "eps": -0.00102, "epsEstimated": null, "time": "bmo", "revenue": null, "revenueEstimated": null, "fiscalDateEnding": "2019-02-27", "updatedFromDate": "2023-05-17"}, {"date": "2019-02-27", "symbol": "BONEX.ST", "eps": -0.90596, "epsEstimated": null, "time": "bmo", "revenue": 23108000, "revenueEstimated": null, "fiscalDateEnding": "2018-12-30", "updatedFromDate": "2023-05-17"}, {"date": "2019-02-27", "symbol": "002407.SZ", "eps": -0.16, "epsEstimated": null, "time": "bmo", "revenue": 880565325.33, "revenueEstimated": null, "fiscalDateEnding": "2018-11-27", "updatedFromDate": "2023-05-17"}, {"date": "2019-02-27", "symbol": "NTLA", "eps": -0.43, "epsEstimated": -0.55, "time": "bmo", "revenue": 7880000, "revenueEstimated": 10262325.58139535, "fiscalDateEnding": "2018-12-30", "updatedFromDate": "2023-09-29"}, {"date": "2019-02-27", "symbol": "NTIOF", "eps": 1.13, "epsEstimated": 1.19, "time": "bmo", "revenue": 1791000000, "revenueEstimated": null, "fiscalDateEnding": "2019-01-31", "updatedFromDate": "2023-09-29"}, {"date": "2019-02-27", "symbol": "HPQ", "eps": 0.52, "epsEstimated": 0.51, "time": "amc", "revenue": 14710000000, "revenueEstimated": 14427115384.615383, "fiscalDateEnding": "2019-01-30", "updatedFromDate": "2023-09-29"}, {"date": "2019-02-27", "symbol": "CMCXF", "eps": null, "epsEstimated": null, "time": "bmo", "revenue": null, "revenueEstimated": null, "fiscalDateEnding": "2019-03-31", "updatedFromDate": "2023-05-17"}, {"date": "2019-02-27", "symbol": "CRR-UN.TO", "eps": 0.1327, "epsEstimated": null, "time": "bmo", "revenue": 104296000, "revenueEstimated": null, "fiscalDateEnding": "2018-12-30", "updatedFromDate": "2023-05-17"}, {"date": "2019-02-27", "symbol": "INPCF", "eps": null, "epsEstimated": null, "time": "bmo", "revenue": null, "revenueEstimated": null, "fiscalDateEnding": "2018-12-31", "updatedFromDate": "2023-05-17"}, {"date": "2019-02-27", "symbol": "NNDIF", "eps": null, "epsEstimated": null, "time": "amc", "revenue": null, "revenueEstimated": null, "fiscalDateEnding": "2018-12-31", "updatedFromDate": "2023-05-17"}, {"date": "2019-02-27", "symbol": "300607.SZ", "eps": null, "epsEstimated": null, "time": "bmo", "revenue": null, "revenueEstimated": null, "fiscalDateEnding": "2018-12-31", "updatedFromDate": "2023-05-17"}, {"date": "2019-02-27", "symbol": "PKCOF", "eps": 23.79, "epsEstimated": 24.71, "time": "bmo", "revenue": 79062000000, "revenueEstimated": null, "fiscalDateEnding": "2019-01-30", "updatedFromDate": "2023-08-16"}, {"date": "2019-02-27", "symbol": "CMHFF", "eps": null, "epsEstimated": null, "time": "bmo", "revenue": null, "revenueEstimated": null, "fiscalDateEnding": "2018-12-31", "updatedFromDate": "2023-05-17"}, {"date": "2019-02-27", "symbol": "QEGY", "eps": -0.01215, "epsEstimated": null, "time": "bmo", "revenue": null, "revenueEstimated": null, "fiscalDateEnding": "2019-02-27", "updatedFromDate": "2023-05-17"}, {"date": "2019-02-27", "symbol": "ABQQ", "eps": -0.059, "epsEstimated": null, "time": "bmo", "revenue": 78207, "revenueEstimated": null, "fiscalDateEnding": "2019-02-27", "updatedFromDate": "2023-05-17"}, {"date": "2019-02-27", "symbol": "ENMPY", "eps": null, "epsEstimated": null, "time": "bmo", "revenue": null, "revenueEstimated": null, "fiscalDateEnding": "2018-12-31", "updatedFromDate": "2023-05-17"}, {"date": "2019-02-27", "symbol": "CENTEL.BK", "eps": 0.36, "epsEstimated": 0.39, "time": "bmo", "revenue": 5382300924, "revenueEstimated": null, "fiscalDateEnding": "2018-12-30", "updatedFromDate": "2023-08-16"}, {"date": "2019-02-27", "symbol": "LFER", "eps": -0.18028, "epsEstimated": null, "time": "bmo", "revenue": 755356, "revenueEstimated": null, "fiscalDateEnding": "2019-02-27", "updatedFromDate": "2023-10-10"}, {"date": "2019-02-27", "symbol": "UTHR", "eps": 3.34, "epsEstimated": 2.54, "time": "bmo", "revenue": 381400000, "revenueEstimated": 657141891.8918918, "fiscalDateEnding": "2018-12-30", "updatedFromDate": "2023-09-29"}, {"date": "2019-02-27", "symbol": "300662.SZ", "eps": null, "epsEstimated": null, "time": "bmo", "revenue": null, "revenueEstimated": null, "fiscalDateEnding": "2018-12-31", "updatedFromDate": "2023-08-16"}, {"date": "2019-02-27", "symbol": "7035.T", "eps": 3.07, "epsEstimated": null, "time": "bmo", "revenue": 525539000, "revenueEstimated": null, "fiscalDateEnding": "2019-02-27", "updatedFromDate": "2023-05-17"}, {"date": "2019-02-27", "symbol": "002273.SZ", "eps": 0.06, "epsEstimated": 0.12, "time": "bmo", "revenue": null, "revenueEstimated": null, "fiscalDateEnding": "2018-12-31", "updatedFromDate": "2023-08-16"}, {"date": "2019-02-27", "symbol": "HMSB.DE", "eps": 0.4852, "epsEstimated": null, "time": "bmo", "revenue": 51015000000, "revenueEstimated": null, "fiscalDateEnding": "2019-02-27", "updatedFromDate": "2023-08-16"}, {"date": "2019-02-27", "symbol": "0K6M.L", "eps": -0.03, "epsEstimated": -0.03, "time": "bmo", "revenue": null, "revenueEstimated": null, "fiscalDateEnding": "2018-09-30", "updatedFromDate": "2023-08-16"}, {"date": "2019-02-27", "symbol": "ANX.TO", "eps": -0.003, "epsEstimated": null, "time": "bmo", "revenue": 9759181, "revenueEstimated": null, "fiscalDateEnding": "2018-12-30", "updatedFromDate": "2023-10-16"}, {"date": "2019-02-27", "symbol": "SJI", "eps": 0.39, "epsEstimated": 0.48, "time": "amc", "revenue": 589583000, "revenueEstimated": 725640615.3846153, "fiscalDateEnding": "2018-12-30", "updatedFromDate": "2023-05-17"}, {"date": "2019-02-27", "symbol": "300616.SZ", "eps": 0.94, "epsEstimated": 1.09, "time": "bmo", "revenue": null, "revenueEstimated": null, "fiscalDateEnding": "2018-12-31", "updatedFromDate": "2023-05-17"}, {"date": "2019-02-27", "symbol": "NOVT", "eps": 0.56, "epsEstimated": 0.52, "time": "bmo", "revenue": 156178000, "revenueEstimated": 142233535.7142857, "fiscalDateEnding": "2018-12-30", "updatedFromDate": "2023-09-29"}, {"date": "2019-02-27", "symbol": "002229.SZ", "eps": 0.02, "epsEstimated": 0.06, "time": "bmo", "revenue": 141991728.99, "revenueEstimated": null, "fiscalDateEnding": "2019-03-30", "updatedFromDate": "2023-05-17"}, {"date": "2019-02-27", "symbol": "002564.SZ", "eps": -0.09829, "epsEstimated": null, "time": "bmo", "revenue": 2148908077.94, "revenueEstimated": null, "fiscalDateEnding": "2018-12-30", "updatedFromDate": "2023-05-17"}, {"date": "2019-02-27", "symbol": "ADAP", "eps": -0.36, "epsEstimated": -0.29, "time": "bmo", "revenue": 1479000, "revenueEstimated": 1314666.6666666667, "fiscalDateEnding": "2018-12-30", "updatedFromDate": "2023-09-29"}, {"date": "2019-02-27", "symbol": "SQIA3.SA", "eps": 0.02381, "epsEstimated": null, "time": "bmo", "revenue": 39680000, "revenueEstimated": null, "fiscalDateEnding": "2018-12-30", "updatedFromDate": "2023-08-16"}, {"date": "2019-02-27", "symbol": "BBDC", "eps": 0.16, "epsEstimated": 0.15, "time": "bmo", "revenue": -43285517, "revenueEstimated": 14526443.750000002, "fiscalDateEnding": "2018-12-30", "updatedFromDate": "2023-09-29"}, {"date": "2019-02-27", "symbol": "CNFR", "eps": -0.49, "epsEstimated": -0.13, "time": "amc", "revenue": 25227000, "revenueEstimated": 3753959.183673471, "fiscalDateEnding": "2018-12-30", "updatedFromDate": "2023-09-29"}, {"date": "2019-02-27", "symbol": "002530.SZ", "eps": 0.1466, "epsEstimated": null, "time": "bmo", "revenue": 476043224.16, "revenueEstimated": null, "fiscalDateEnding": "2018-12-30", "updatedFromDate": "2023-05-17"}, {"date": "2019-02-27", "symbol": "MNST", "eps": 0.22, "epsEstimated": 0.2, "time": "amc", "revenue": 924230000, "revenueEstimated": 881242558.1395348, "fiscalDateEnding": "2018-12-30", "updatedFromDate": "2023-09-29"}, {"date": "2019-02-27", "symbol": "SDPNF", "eps": null, "epsEstimated": null, "time": "bmo", "revenue": null, "revenueEstimated": null, "fiscalDateEnding": "2018-12-31", "updatedFromDate": "2023-05-17"}, {"date": "2019-02-27", "symbol": "CPB", "eps": 0.77, "epsEstimated": 0.7, "time": "bmo", "revenue": 2178000000, "revenueEstimated": 1974545454.5454545, "fiscalDateEnding": "2018-11-27", "updatedFromDate": "2023-09-29"}, {"date": "2019-02-27", "symbol": "GBT", "eps": -0.93, "epsEstimated": -0.89, "time": "bmo", "revenue": null, "revenueEstimated": null, "fiscalDateEnding": "2018-12-30", "updatedFromDate": "2023-05-17"}, {"date": "2019-02-27", "symbol": "002314.SZ", "eps": 0.1, "epsEstimated": null, "time": "bmo", "revenue": 2778193734.82, "revenueEstimated": null, "fiscalDateEnding": "2018-12-30", "updatedFromDate": "2023-05-17"}, {"date": "2019-02-27", "symbol": "LBTYB", "eps": 0.03, "epsEstimated": null, "time": "amc", "revenue": 2860200000, "revenueEstimated": null, "fiscalDateEnding": "2018-12-30", "updatedFromDate": "2023-09-29"}, {"date": "2019-02-27", "symbol": "002091.SZ", "eps": 0.14, "epsEstimated": null, "time": "bmo", "revenue": 8298608149.79, "revenueEstimated": null, "fiscalDateEnding": "2018-11-27", "updatedFromDate": "2023-05-17"}, {"date": "2019-02-27", "symbol": "FLUIF", "eps": null, "epsEstimated": null, "time": "bmo", "revenue": null, "revenueEstimated": null, "fiscalDateEnding": "2018-12-31", "updatedFromDate": "2023-05-17"}, {"date": "2019-02-27", "symbol": "SQ", "eps": 0.14, "epsEstimated": 0.13, "time": "amc", "revenue": 932528000, "revenueEstimated": 932528000, "fiscalDateEnding": "2018-12-30", "updatedFromDate": "2023-09-29"}, {"date": "2019-02-27", "symbol": "EUR.WA", "eps": 0.38, "epsEstimated": 0.33, "time": "bmo", "revenue": 5801004813, "revenueEstimated": null, "fiscalDateEnding": "2018-12-31", "updatedFromDate": "2023-08-17"}, {"date": "2019-02-27", "symbol": "NLST", "eps": -0.03, "epsEstimated": -0.03, "time": "amc", "revenue": 9021000, "revenueEstimated": 9021000, "fiscalDateEnding": "2018-12-28", "updatedFromDate": "2023-09-29"}, {"date": "2019-02-27", "symbol": "002749.SZ", "eps": 0.2319, "epsEstimated": null, "time": "bmo", "revenue": 192375104.86, "revenueEstimated": null, "fiscalDateEnding": "2018-12-30", "updatedFromDate": "2023-05-17"}, {"date": "2019-02-27", "symbol": "AKE.PA", "eps": 1.13, "epsEstimated": 1.1, "time": "bmo", "revenue": 2207000000, "revenueEstimated": null, "fiscalDateEnding": "2018-12-30", "updatedFromDate": "2023-05-17"}, {"date": "2019-02-27", "symbol": "5GD.SI", "eps": null, "epsEstimated": null, "time": "bmo", "revenue": null, "revenueEstimated": null, "fiscalDateEnding": "2018-12-31", "updatedFromDate": "2023-05-17"}, {"date": "2019-02-27", "symbol": "CANTA.ST", "eps": -0.35028, "epsEstimated": null, "time": "bmo", "revenue": null, "revenueEstimated": null, "fiscalDateEnding": "2018-12-30", "updatedFromDate": "2023-08-16"}, {"date": "2019-02-27", "symbol": "CTMX", "eps": -0.72, "epsEstimated": -0.49, "time": "amc", "revenue": 11471000, "revenueEstimated": 7647333.333333334, "fiscalDateEnding": "2018-12-30", "updatedFromDate": "2023-09-29"}, {"date": "2019-02-27", "symbol": "VBNK.TO", "eps": 0.2335, "epsEstimated": null, "time": "bmo", "revenue": 13459000, "revenueEstimated": null, "fiscalDateEnding": "2019-01-31", "updatedFromDate": "2023-05-17"}, {"date": "2019-02-27", "symbol": "300124.SZ", "eps": 0.23, "epsEstimated": 0.25, "time": "bmo", "revenue": 1935320352.68, "revenueEstimated": null, "fiscalDateEnding": "2018-12-30", "updatedFromDate": "2023-05-17"}, {"date": "2019-02-27", "symbol": "ACA", "eps": 0.4, "epsEstimated": 0.28, "time": "amc", "revenue": 374400000, "revenueEstimated": 262079999.99999997, "fiscalDateEnding": "2018-12-30", "updatedFromDate": "2023-09-29"}, {"date": "2019-02-27", "symbol": "GNL-PB", "eps": -0.02, "epsEstimated": 0.06, "time": "bmo", "revenue": 71226000, "revenueEstimated": null, "fiscalDateEnding": "2018-12-30", "updatedFromDate": "2023-05-17"}, {"date": "2019-02-27", "symbol": "FNHC", "eps": -0.33, "epsEstimated": -0.41, "time": "amc", "revenue": 96442000, "revenueEstimated": 1021272.7272727271, "fiscalDateEnding": "2018-12-30", "updatedFromDate": "2023-08-16"}, {"date": "2019-02-27", "symbol": "GCP", "eps": 0.29, "epsEstimated": 0.28, "time": "bmo", "revenue": 276100000, "revenueEstimated": 266579310.34482762, "fiscalDateEnding": "2018-12-30", "updatedFromDate": "2023-05-17"}, {"date": "2019-02-27", "symbol": "CORR-PA", "eps": 0.38, "epsEstimated": 0.53, "time": "bmo", "revenue": 22900039, "revenueEstimated": null, "fiscalDateEnding": "2018-12-30", "updatedFromDate": "2023-05-17"}, {"date": "2019-02-27", "symbol": "HERDEZ.MX", "eps": 0.84, "epsEstimated": 0.73, "time": "bmo", "revenue": null, "revenueEstimated": null, "fiscalDateEnding": "2018-12-31", "updatedFromDate": "2023-05-17"}, {"date": "2019-02-27", "symbol": "ITRI", "eps": 0.88, "epsEstimated": 0.68, "time": "amc", "revenue": 587044000, "revenueEstimated": 453624909.0909091, "fiscalDateEnding": "2018-12-30", "updatedFromDate": "2023-09-29"}, {"date": "2019-02-27", "symbol": "300059.SZ", "eps": 0.02, "epsEstimated": 0.02476, "time": "bmo", "revenue": 427256606.88, "revenueEstimated": null, "fiscalDateEnding": "2018-12-30", "updatedFromDate": "2023-05-17"}, {"date": "2019-02-27", "symbol": "002023.SZ", "eps": 0.02, "epsEstimated": null, "time": "bmo", "revenue": 156126847.29, "revenueEstimated": null, "fiscalDateEnding": "2018-12-30", "updatedFromDate": "2023-05-17"}, {"date": "2019-02-27", "symbol": "ALSEA.MX", "eps": 0.22, "epsEstimated": 0.43, "time": "bmo", "revenue": 12864512000, "revenueEstimated": null, "fiscalDateEnding": "2018-12-30", "updatedFromDate": "2023-05-17"}, {"date": "2019-02-27", "symbol": "002061.SZ", "eps": 0.18, "epsEstimated": null, "time": "bmo", "revenue": 8116958748.74, "revenueEstimated": null, "fiscalDateEnding": "2018-12-30", "updatedFromDate": "2023-05-17"}, {"date": "2019-02-27", "symbol": "SGNL.TO", "eps": -0.00374, "epsEstimated": null, "time": "bmo", "revenue": 31731136, "revenueEstimated": null, "fiscalDateEnding": "2018-12-31", "updatedFromDate": "2023-10-16"}, {"date": "2019-02-27", "symbol": "CIT.DE", "eps": 1.88, "epsEstimated": null, "time": "bmo", "revenue": 1682330000, "revenueEstimated": null, "fiscalDateEnding": "2019-02-27", "updatedFromDate": "2023-10-16"}, {"date": "2019-02-27", "symbol": "NVOS", "eps": -0.00558, "epsEstimated": null, "time": "bmo", "revenue": 2200410, "revenueEstimated": null, "fiscalDateEnding": "2019-02-27", "updatedFromDate": "2023-09-29"}, {"date": "2019-02-27", "symbol": "AIABF", "eps": -0.09, "epsEstimated": 0.06, "time": "bmo", "revenue": null, "revenueEstimated": null, "fiscalDateEnding": "2018-12-31", "updatedFromDate": "2023-08-16"}, {"date": "2019-02-27", "symbol": "002728.SZ", "eps": 0.1721, "epsEstimated": null, "time": "bmo", "revenue": 252110935.18, "revenueEstimated": null, "fiscalDateEnding": "2018-12-30", "updatedFromDate": "2023-05-17"}, {"date": "2019-02-27", "symbol": "SPNT", "eps": 3.24, "epsEstimated": 3.07, "time": "amc", "revenue": -64052000, "revenueEstimated": null, "fiscalDateEnding": "2018-12-30", "updatedFromDate": "2023-09-29"}, {"date": "2019-02-27", "symbol": "BHR-PD", "eps": -0.44, "epsEstimated": -0.48, "time": "bmo", "revenue": 98945000, "revenueEstimated": 107190416, "fiscalDateEnding": "2018-12-30", "updatedFromDate": "2023-05-17"}, {"date": "2019-02-27", "symbol": "002697.SZ", "eps": 0.04, "epsEstimated": null, "time": "bmo", "revenue": 1759120635.93, "revenueEstimated": null, "fiscalDateEnding": "2018-12-30", "updatedFromDate": "2023-05-17"}, {"date": "2019-02-27", "symbol": "002422.SZ", "eps": 0.13, "epsEstimated": null, "time": "bmo", "revenue": 4119999614, "revenueEstimated": null, "fiscalDateEnding": "2018-12-30", "updatedFromDate": "2023-05-17"}, {"date": "2019-02-27", "symbol": "EBRPF", "eps": null, "epsEstimated": null, "time": "bmo", "revenue": null, "revenueEstimated": null, "fiscalDateEnding": "2018-12-31", "updatedFromDate": "2023-05-17"}, {"date": "2019-02-27", "symbol": "BAYRY", "eps": 0.31, "epsEstimated": 0.26, "time": "bmo", "revenue": 39586000000, "revenueEstimated": 3161935.4838709678, "fiscalDateEnding": "2018-12-31", "updatedFromDate": "2023-09-29"}, {"date": "2019-02-27", "symbol": "MPZZF", "eps": -0.05, "epsEstimated": -0.00811, "time": "bmo", "revenue": null, "revenueEstimated": null, "fiscalDateEnding": "2018-12-31", "updatedFromDate": "2023-05-17"}, {"date": "2019-02-27", "symbol": "LRE.MC", "eps": null, "epsEstimated": null, "time": "bmo", "revenue": null, "revenueEstimated": null, "fiscalDateEnding": "2018-12-31", "updatedFromDate": "2023-05-17"}, {"date": "2019-02-27", "symbol": "002683.SZ", "eps": 0.0414, "epsEstimated": null, "time": "bmo", "revenue": 999000419.7, "revenueEstimated": null, "fiscalDateEnding": "2018-11-27", "updatedFromDate": "2023-05-17"}, {"date": "2019-02-27", "symbol": "002233.SZ", "eps": 0.4, "epsEstimated": null, "time": "bmo", "revenue": 2107475223.34, "revenueEstimated": null, "fiscalDateEnding": "2018-12-30", "updatedFromDate": "2023-05-17"}, {"date": "2019-02-27", "symbol": "NSR.AX", "eps": -0.0018, "epsEstimated": null, "time": "bmo", "revenue": 42385750, "revenueEstimated": null, "fiscalDateEnding": "2018-11-27", "updatedFromDate": "2023-10-17"}, {"date": "2019-02-27", "symbol": "300014.SZ", "eps": 0.12, "epsEstimated": null, "time": "bmo", "revenue": 1342215730.41, "revenueEstimated": null, "fiscalDateEnding": "2018-12-30", "updatedFromDate": "2023-08-16"}, {"date": "2019-02-27", "symbol": "INGXF", "eps": 0.08, "epsEstimated": null, "time": "amc", "revenue": 576616000, "revenueEstimated": null, "fiscalDateEnding": "2018-12-31", "updatedFromDate": "2023-09-29"}, {"date": "2019-02-27", "symbol": "SFTR.ST", "eps": -0.17226, "epsEstimated": null, "time": "bmo", "revenue": 5237000, "revenueEstimated": null, "fiscalDateEnding": "2018-11-27", "updatedFromDate": "2023-05-17"}, {"date": "2019-02-27", "symbol": "ADRO", "eps": -1.65, "epsEstimated": -1.16, "time": "bmo", "revenue": 2758000, "revenueEstimated": 1938957.5757575757, "fiscalDateEnding": "2018-12-30", "updatedFromDate": "2023-05-17"}, {"date": "2019-02-27", "symbol": "CODI", "eps": 0.36, "epsEstimated": 0.41, "time": "amc", "revenue": 452523000, "revenueEstimated": 409961999.99999994, "fiscalDateEnding": "2018-12-30", "updatedFromDate": "2023-09-29"}, {"date": "2019-02-27", "symbol": "FGEN", "eps": 0.25, "epsEstimated": -0.1, "time": "amc", "revenue": 108054000, "revenueEstimated": 43221999.99999999, "fiscalDateEnding": "2018-12-30", "updatedFromDate": "2023-09-29"}, {"date": "2019-02-27", "symbol": "ADYEN.AS", "eps": 1.67, "epsEstimated": 0.85, "time": "bmo", "revenue": 664193500, "revenueEstimated": null, "fiscalDateEnding": "2018-11-27", "updatedFromDate": "2023-05-17"}, {"date": "2019-02-27", "symbol": "LBTYA", "eps": 0.03, "epsEstimated": 0.1, "time": "amc", "revenue": 2860200000, "revenueEstimated": 621782608.6956524, "fiscalDateEnding": "2018-12-30", "updatedFromDate": "2023-09-29"}, {"date": "2019-02-27", "symbol": "002747.SZ", "eps": 0.05, "epsEstimated": 0.06, "time": "bmo", "revenue": 396435889.48, "revenueEstimated": null, "fiscalDateEnding": "2018-12-30", "updatedFromDate": "2023-08-16"}, {"date": "2019-02-27", "symbol": "LAIX", "eps": -6.72, "epsEstimated": -2.71, "time": "bmo", "revenue": 253304000, "revenueEstimated": 186022024.4648318, "fiscalDateEnding": "2018-11-27", "updatedFromDate": "2023-09-29"}, {"date": "2019-02-27", "symbol": "SRRHF", "eps": null, "epsEstimated": null, "time": "bmo", "revenue": null, "revenueEstimated": null, "fiscalDateEnding": "2018-12-31", "updatedFromDate": "2023-05-17"}, {"date": "2019-02-27", "symbol": "ASM.TO", "eps": 0.02, "epsEstimated": 0.00333, "time": "bmo", "revenue": 6711000, "revenueEstimated": null, "fiscalDateEnding": "2018-11-27", "updatedFromDate": "2023-05-17"}, {"date": "2019-02-27", "symbol": "AWLNF", "eps": -0.01, "epsEstimated": -0.00333, "time": "bmo", "revenue": null, "revenueEstimated": null, "fiscalDateEnding": "2018-12-31", "updatedFromDate": "2023-08-16"}, {"date": "2019-02-27", "symbol": "FTAI", "eps": -0.02, "epsEstimated": 0.16, "time": "amc", "revenue": 137900000, "revenueEstimated": 2052671999.9999998, "fiscalDateEnding": "2018-12-30", "updatedFromDate": "2023-09-29"}, {"date": "2019-02-27", "symbol": "SHSP", "eps": -0.23, "epsEstimated": -0.25, "time": "amc", "revenue": 5151244, "revenueEstimated": 5599173.913043478, "fiscalDateEnding": "2018-12-30", "updatedFromDate": "2023-05-17"}, {"date": "2019-02-27", "symbol": "IBOC", "eps": 0.88, "epsEstimated": null, "time": "bmo", "revenue": 147996000, "revenueEstimated": null, "fiscalDateEnding": "2018-12-30", "updatedFromDate": "2023-09-29"}, {"date": "2019-02-27", "symbol": "AYX", "eps": -0.01, "epsEstimated": -0.00698, "time": "amc", "revenue": 89150000, "revenueEstimated": 178300000, "fiscalDateEnding": "2018-12-30", "updatedFromDate": "2023-09-29"}, {"date": "2019-02-27", "symbol": "SLGG", "eps": -0.89757, "epsEstimated": null, "time": "bmo", "revenue": 406615, "revenueEstimated": null, "fiscalDateEnding": "2018-12-31", "updatedFromDate": "2023-09-29"}, {"date": "2019-02-27", "symbol": "MHJ.AX", "eps": 0.00211, "epsEstimated": null, "time": "bmo", "revenue": 130606336.294525, "revenueEstimated": null, "fiscalDateEnding": "2018-11-27", "updatedFromDate": "2023-10-17"}, {"date": "2019-02-27", "symbol": "GRIN", "eps": -0.377, "epsEstimated": null, "time": "bmo", "revenue": 168177000, "revenueEstimated": null, "fiscalDateEnding": "2018-12-30", "updatedFromDate": "2023-09-29"}, {"date": "2019-02-27", "symbol": "002716.SZ", "eps": 0.04, "epsEstimated": null, "time": "bmo", "revenue": 2033326602.54, "revenueEstimated": null, "fiscalDateEnding": "2019-03-30", "updatedFromDate": "2023-05-17"}, {"date": "2019-02-27", "symbol": "002065.SZ", "eps": 0.05, "epsEstimated": null, "time": "bmo", "revenue": 3456398277.5, "revenueEstimated": null, "fiscalDateEnding": "2018-12-30", "updatedFromDate": "2023-05-17"}, {"date": "2019-02-27", "symbol": "FSK", "eps": 0.84, "epsEstimated": 0.72, "time": "amc", "revenue": 614062000, "revenueEstimated": 89414571.42857143, "fiscalDateEnding": "2018-12-30", "updatedFromDate": "2023-09-29"}, {"date": "2019-02-27", "symbol": "SVAUF", "eps": null, "epsEstimated": null, "time": "bmo", "revenue": null, "revenueEstimated": null, "fiscalDateEnding": "2018-12-31", "updatedFromDate": "2023-08-16"}, {"date": "2019-02-27", "symbol": "ILINK.BK", "eps": 0.12, "epsEstimated": 0.11, "time": "bmo", "revenue": 1324743170, "revenueEstimated": null, "fiscalDateEnding": "2018-12-30", "updatedFromDate": "2023-08-16"}, {"date": "2019-02-27", "symbol": "032190.KQ", "eps": null, "epsEstimated": null, "time": "bmo", "revenue": null, "revenueEstimated": null, "fiscalDateEnding": "2018-12-31", "updatedFromDate": "2023-05-17"}, {"date": "2019-02-27", "symbol": "BOPFF", "eps": null, "epsEstimated": null, "time": "bmo", "revenue": null, "revenueEstimated": null, "fiscalDateEnding": "2019-06-30", "updatedFromDate": "2023-05-17"}, {"date": "2019-02-27", "symbol": "IRLAB-A.ST", "eps": -0.45124, "epsEstimated": null, "time": "bmo", "revenue": 18000, "revenueEstimated": null, "fiscalDateEnding": "2018-12-31", "updatedFromDate": "2023-08-16"}, {"date": "2019-02-27", "symbol": "KNIN.SW", "eps": 1.6, "epsEstimated": 1.73, "time": "bmo", "revenue": 5413000000, "revenueEstimated": null, "fiscalDateEnding": "2018-12-30", "updatedFromDate": "2023-08-16"}, {"date": "2019-02-27", "symbol": "AITX", "eps": -2.00824, "epsEstimated": null, "time": "bmo", "revenue": 48966, "revenueEstimated": null, "fiscalDateEnding": "2019-02-27", "updatedFromDate": "2023-05-17"}, {"date": "2019-02-27", "symbol": "CRC", "eps": 0.53, "epsEstimated": 0.01983, "time": "bmo", "revenue": 818000000, "revenueEstimated": 40679245.28301886, "fiscalDateEnding": "2018-12-30", "updatedFromDate": "2023-09-29"}, {"date": "2019-02-27", "symbol": "002707.SZ", "eps": -0.19, "epsEstimated": null, "time": "bmo", "revenue": 2795691864.88, "revenueEstimated": null, "fiscalDateEnding": "2018-12-30", "updatedFromDate": "2023-05-17"}, {"date": "2019-02-27", "symbol": "002294.SZ", "eps": 0.29, "epsEstimated": 0.49, "time": "bmo", "revenue": 1116768413.9, "revenueEstimated": null, "fiscalDateEnding": "2018-12-30", "updatedFromDate": "2023-05-17"}, {"date": "2019-02-27", "symbol": "AMSF", "eps": 1.07, "epsEstimated": 0.87, "time": "amc", "revenue": 94669000, "revenueEstimated": 72384813.08411215, "fiscalDateEnding": "2018-12-30", "updatedFromDate": "2023-09-29"}, {"date": "2019-02-27", "symbol": "FG", "eps": 0.34, "epsEstimated": 0.27, "time": "bmo", "revenue": null, "revenueEstimated": null, "fiscalDateEnding": "2018-12-29", "updatedFromDate": "2023-09-29"}, {"date": "2019-02-27", "symbol": "CLH", "eps": 0.24, "epsEstimated": 0.17, "time": "bmo", "revenue": 858204000, "revenueEstimated": 607894500.0000001, "fiscalDateEnding": "2018-12-30", "updatedFromDate": "2023-09-29"}, {"date": "2019-02-27", "symbol": "ANIM.MI", "eps": 0.1, "epsEstimated": 0.1, "time": "bmo", "revenue": 240302000, "revenueEstimated": null, "fiscalDateEnding": "2018-11-27", "updatedFromDate": "2023-05-17"}, {"date": "2019-02-27", "symbol": "AES", "eps": 0.36, "epsEstimated": 0.33, "time": "bmo", "revenue": 2431000000, "revenueEstimated": 2403500000, "fiscalDateEnding": "2018-11-27", "updatedFromDate": "2023-10-10"}, {"date": "2019-02-27", "symbol": "002831.SZ", "eps": 0.458, "epsEstimated": null, "time": "bmo", "revenue": 3123589058.6, "revenueEstimated": null, "fiscalDateEnding": "2018-12-30", "updatedFromDate": "2023-05-17"}, {"date": "2019-02-27", "symbol": "BR.BK", "eps": 0.06, "epsEstimated": 0.08, "time": "bmo", "revenue": 2018455000, "revenueEstimated": null, "fiscalDateEnding": "2018-11-27", "updatedFromDate": "2023-05-17"}, {"date": "2019-02-27", "symbol": "002466.SZ", "eps": 0.37, "epsEstimated": 0.41, "time": "bmo", "revenue": 1485571415.82, "revenueEstimated": null, "fiscalDateEnding": "2018-12-30", "updatedFromDate": "2023-08-16"}, {"date": "2019-02-27", "symbol": "002381.SZ", "eps": 0.08339, "epsEstimated": null, "time": "bmo", "revenue": 338911997.45, "revenueEstimated": null, "fiscalDateEnding": "2018-12-30", "updatedFromDate": "2023-05-17"}, {"date": "2019-02-27", "symbol": "EXF.TO", "eps": 0.09247, "epsEstimated": null, "time": "bmo", "revenue": 74108000, "revenueEstimated": null, "fiscalDateEnding": "2019-02-27", "updatedFromDate": "2023-10-16"}, {"date": "2019-02-27", "symbol": "LB", "eps": 2.14, "epsEstimated": 2.07, "time": "amc", "revenue": null, "revenueEstimated": null, "fiscalDateEnding": "2019-01-30", "updatedFromDate": "2023-05-17"}, {"date": "2019-02-27", "symbol": "300274.SZ", "eps": 0.14, "epsEstimated": 0.16, "time": "bmo", "revenue": 4724373846.38, "revenueEstimated": null, "fiscalDateEnding": "2018-12-30", "updatedFromDate": "2023-08-16"}, {"date": "2019-02-27", "symbol": "GCI", "eps": 0.22, "epsEstimated": 0.46, "time": "bmo", "revenue": 416039000, "revenueEstimated": 869897636.3636364, "fiscalDateEnding": "2018-12-29", "updatedFromDate": "2023-09-29"}, {"date": "2019-02-27", "symbol": "GTE", "eps": -0.3, "epsEstimated": 0.6, "time": "bmo", "revenue": 136639000, "revenueEstimated": 364370666.6666667, "fiscalDateEnding": "2018-12-30", "updatedFromDate": "2023-09-29"}, {"date": "2019-02-27", "symbol": "002050.SZ", "eps": 0.08, "epsEstimated": 0.07, "time": "bmo", "revenue": 2570802248.78, "revenueEstimated": null, "fiscalDateEnding": "2018-12-30", "updatedFromDate": "2023-08-16"}, {"date": "2019-02-27", "symbol": "002123.SZ", "eps": -0.08, "epsEstimated": null, "time": "bmo", "revenue": 738516400.39, "revenueEstimated": null, "fiscalDateEnding": "2018-12-30", "updatedFromDate": "2023-05-17"}, {"date": "2019-02-27", "symbol": "300459.SZ", "eps": 0.03, "epsEstimated": 0.08, "time": "bmo", "revenue": null, "revenueEstimated": null, "fiscalDateEnding": "2018-12-31", "updatedFromDate": "2023-05-17"}, {"date": "2019-02-27", "symbol": "300001.SZ", "eps": 0.06, "epsEstimated": null, "time": "bmo", "revenue": 2011207498.94, "revenueEstimated": null, "fiscalDateEnding": "2018-12-30", "updatedFromDate": "2023-08-16"}, {"date": "2019-02-27", "symbol": "300558.SZ", "eps": 0.04701, "epsEstimated": null, "time": "bmo", "revenue": 296581240.48, "revenueEstimated": null, "fiscalDateEnding": "2018-12-30", "updatedFromDate": "2023-08-16"}, {"date": "2019-02-27", "symbol": "LH.BK", "eps": 0.19, "epsEstimated": 0.17, "time": "bmo", "revenue": 7043866000, "revenueEstimated": null, "fiscalDateEnding": "2018-11-27", "updatedFromDate": "2023-05-17"}, {"date": "2019-02-27", "symbol": "300009.SZ", "eps": 0.03, "epsEstimated": null, "time": "bmo", "revenue": 347288318.05, "revenueEstimated": null, "fiscalDateEnding": "2018-11-27", "updatedFromDate": "2023-05-17"}, {"date": "2019-02-27", "symbol": "ERI", "eps": -0.00155, "epsEstimated": 0.42, "time": "bmo", "revenue": 671760000, "revenueEstimated": 1211396323, "fiscalDateEnding": "2018-12-30", "updatedFromDate": "2023-05-17"}, {"date": "2019-02-27", "symbol": "002127.SZ", "eps": 0.18, "epsEstimated": null, "time": "bmo", "revenue": 1307889961.48, "revenueEstimated": null, "fiscalDateEnding": "2018-12-30", "updatedFromDate": "2023-05-17"}, {"date": "2019-02-27", "symbol": "DBRTF", "eps": 0.04, "epsEstimated": 0.05, "time": "bmo", "revenue": null, "revenueEstimated": null, "fiscalDateEnding": "2018-12-31", "updatedFromDate": "2023-05-17"}, {"date": "2019-02-27", "symbol": "BUDFF", "eps": 0.8, "epsEstimated": null, "time": "bmo", "revenue": null, "revenueEstimated": null, "fiscalDateEnding": "2018-12-31", "updatedFromDate": "2023-05-17"}, {"date": "2019-02-27", "symbol": "TWNKW", "eps": 0.17, "epsEstimated": 0.14, "time": "bmo", "revenue": 214815000, "revenueEstimated": null, "fiscalDateEnding": "2018-12-31", "updatedFromDate": "2023-05-17"}, {"date": "2019-02-27", "symbol": "VKI", "eps": 0.1491, "epsEstimated": null, "time": "bmo", "revenue": 18063240, "revenueEstimated": null, "fiscalDateEnding": "2019-02-27", "updatedFromDate": "2023-10-17"}, {"date": "2019-02-27", "symbol": "MLPKF", "eps": 0.16, "epsEstimated": 0.16, "time": "bmo", "revenue": null, "revenueEstimated": null, "fiscalDateEnding": "2018-12-31", "updatedFromDate": "2023-05-17"}, {"date": "2019-02-27", "symbol": "SEAFCO.BK", "eps": 0.16, "epsEstimated": 0.14, "time": "bmo", "revenue": 849892524, "revenueEstimated": null, "fiscalDateEnding": "2018-12-30", "updatedFromDate": "2023-08-16"}, {"date": "2019-02-27", "symbol": "002373.SZ", "eps": 0.187, "epsEstimated": null, "time": "bmo", "revenue": 2744521557.46, "revenueEstimated": null, "fiscalDateEnding": "2018-12-30", "updatedFromDate": "2023-08-16"}, {"date": "2019-02-27", "symbol": "002335.SZ", "eps": -0.0733, "epsEstimated": null, "time": "bmo", "revenue": 1227180155.1, "revenueEstimated": null, "fiscalDateEnding": "2018-12-30", "updatedFromDate": "2023-08-16"}, {"date": "2019-02-27", "symbol": "HHC", "eps": 0.86, "epsEstimated": 0.93, "time": "amc", "revenue": 464693000, "revenueEstimated": 502516848.83720934, "fiscalDateEnding": "2018-12-30", "updatedFromDate": "2023-09-29"}, {"date": "2019-02-27", "symbol": "002460.SZ", "eps": 0.07, "epsEstimated": 0.39, "time": "bmo", "revenue": 1410381870.21, "revenueEstimated": null, "fiscalDateEnding": "2018-12-30", "updatedFromDate": "2023-05-17"}, {"date": "2019-02-27", "symbol": "AIMIRT.BK", "eps": 0.1914, "epsEstimated": null, "time": "bmo", "revenue": 46637000, "revenueEstimated": null, "fiscalDateEnding": "2018-11-27", "updatedFromDate": "2023-05-17"}, {"date": "2019-02-27", "symbol": "CNTL.ME", "eps": 0.1141, "epsEstimated": null, "time": "bmo", "revenue": 543545000, "revenueEstimated": null, "fiscalDateEnding": "2018-11-27", "updatedFromDate": "2023-05-17"}, {"date": "2019-02-27", "symbol": "002142.SZ", "eps": 0.36, "epsEstimated": 0.39, "time": "bmo", "revenue": 7696977000, "revenueEstimated": null, "fiscalDateEnding": "2018-12-30", "updatedFromDate": "2023-08-16"}, {"date": "2019-02-27", "symbol": "BYRN", "eps": -0.08628, "epsEstimated": null, "time": "bmo", "revenue": 11107, "revenueEstimated": null, "fiscalDateEnding": "2019-02-27", "updatedFromDate": "2023-09-29"}, {"date": "2019-02-27", "symbol": "FNHCQ", "eps": -0.33, "epsEstimated": -0.41, "time": "amc", "revenue": null, "revenueEstimated": null, "fiscalDateEnding": "2018-12-31", "updatedFromDate": "2023-08-16"}, {"date": "2019-02-27", "symbol": "300681.SZ", "eps": null, "epsEstimated": null, "time": "bmo", "revenue": null, "revenueEstimated": null, "fiscalDateEnding": "2018-12-31", "updatedFromDate": "2023-05-17"}, {"date": "2019-02-27", "symbol": "LXP-PC", "eps": 0.1, "epsEstimated": 0.05, "time": "bmo", "revenue": 87251000, "revenueEstimated": null, "fiscalDateEnding": "2018-12-30", "updatedFromDate": "2023-05-17"}, {"date": "2019-02-27", "symbol": "ECPG", "eps": 1.45, "epsEstimated": 1.23, "time": "amc", "revenue": 348721000, "revenueEstimated": 295811606.8965517, "fiscalDateEnding": "2018-12-30", "updatedFromDate": "2023-09-29"}, {"date": "2019-02-27", "symbol": "CIX", "eps": 0.22, "epsEstimated": null, "time": "bmo", "revenue": 27400000, "revenueEstimated": null, "fiscalDateEnding": "2018-12-30", "updatedFromDate": "2023-09-29"}, {"date": "2019-02-27", "symbol": "SVTMF", "eps": 9.05, "epsEstimated": 10.6, "time": "bmo", "revenue": null, "revenueEstimated": 12060.574585635359, "fiscalDateEnding": "2018-12-31", "updatedFromDate": "2023-08-16"}, {"date": "2019-02-27", "symbol": "300735.SZ", "eps": null, "epsEstimated": null, "time": "bmo", "revenue": null, "revenueEstimated": null, "fiscalDateEnding": "2018-12-31", "updatedFromDate": "2023-05-17"}, {"date": "2019-02-27", "symbol": "QRTEA", "eps": 0.62, "epsEstimated": 0.73, "time": "amc", "revenue": 4376000000, "revenueEstimated": 5152387096.774194, "fiscalDateEnding": "2018-12-30", "updatedFromDate": "2023-09-29"}, {"date": "2019-02-27", "symbol": "GN.CO", "eps": 3.3, "epsEstimated": 3.5, "time": "bmo", "revenue": 3187000000, "revenueEstimated": null, "fiscalDateEnding": "2018-12-30", "updatedFromDate": "2023-07-24"}, {"date": "2019-02-27", "symbol": "300027.SZ", "eps": -0.51, "epsEstimated": -0.14, "time": "bmo", "revenue": 631051810.2, "revenueEstimated": null, "fiscalDateEnding": "2018-12-30", "updatedFromDate": "2023-08-16"}, {"date": "2019-02-27", "symbol": "GTE.TO", "eps": -0.03, "epsEstimated": 0.07, "time": "bmo", "revenue": 136639000, "revenueEstimated": null, "fiscalDateEnding": "2018-12-30", "updatedFromDate": "2023-08-16"}, {"date": "2019-02-27", "symbol": "AIOSF", "eps": 0.01, "epsEstimated": 0.24, "time": "bmo", "revenue": null, "revenueEstimated": null, "fiscalDateEnding": "2018-12-31", "updatedFromDate": "2023-05-17"}, {"date": "2019-02-27", "symbol": "TAST", "eps": 0.05, "epsEstimated": 0.1, "time": "bmo", "revenue": 307754000, "revenueEstimated": 615508000, "fiscalDateEnding": "2018-12-29", "updatedFromDate": "2023-09-29"}, {"date": "2019-02-27", "symbol": "NNI", "eps": 1.44, "epsEstimated": 1, "time": "amc", "revenue": 207227000, "revenueEstimated": 279935416.6666666, "fiscalDateEnding": "2018-12-30", "updatedFromDate": "2023-09-29"}, {"date": "2019-02-27", "symbol": "002303.SZ", "eps": 0.07, "epsEstimated": null, "time": "bmo", "revenue": 920343850.55, "revenueEstimated": null, "fiscalDateEnding": "2018-12-30", "updatedFromDate": "2023-05-17"}, {"date": "2019-02-27", "symbol": "002714.SZ", "eps": 0.03498, "epsEstimated": null, "time": "bmo", "revenue": 4206727628.12, "revenueEstimated": null, "fiscalDateEnding": "2018-12-30", "updatedFromDate": "2023-08-16"}, {"date": "2019-02-27", "symbol": "YLDGF", "eps": 0.13, "epsEstimated": 0.16, "time": "bmo", "revenue": null, "revenueEstimated": null, "fiscalDateEnding": "2018-12-31", "updatedFromDate": "2023-05-17"}, {"date": "2019-02-27", "symbol": "ALSRF", "eps": 0.19, "epsEstimated": 0.15, "time": "bmo", "revenue": null, "revenueEstimated": null, "fiscalDateEnding": "2018-12-31", "updatedFromDate": "2023-08-16"}, {"date": "2019-02-27", "symbol": "IPOAF", "eps": null, "epsEstimated": 0.08, "time": "bmo", "revenue": null, "revenueEstimated": null, "fiscalDateEnding": "2018-12-31", "updatedFromDate": "2023-05-17"}, {"date": "2019-02-27", "symbol": "214180.KQ", "eps": 205, "epsEstimated": 307, "time": "bmo", "revenue": null, "revenueEstimated": null, "fiscalDateEnding": "2018-12-31", "updatedFromDate": "2023-05-17"}, {"date": "2019-02-27", "symbol": "AOTOF", "eps": null, "epsEstimated": null, "time": "bmo", "revenue": null, "revenueEstimated": null, "fiscalDateEnding": "2018-12-31", "updatedFromDate": "2023-05-17"}, {"date": "2019-02-27", "symbol": "1833.HK", "eps": -0.18649, "epsEstimated": null, "time": "bmo", "revenue": 1266357250, "revenueEstimated": null, "fiscalDateEnding": "2018-11-27", "updatedFromDate": "2023-05-17"}, {"date": "2019-02-27", "symbol": "BBY", "eps": 2.72, "epsEstimated": 2.57, "time": "bmo", "revenue": 14801000000, "revenueEstimated": 13984768382.35294, "fiscalDateEnding": "2019-02-01", "updatedFromDate": "2023-09-29"}, {"date": "2019-02-27", "symbol": "AMED", "eps": 0.91, "epsEstimated": 0.85, "time": "amc", "revenue": 434378000, "revenueEstimated": 405737692.3076923, "fiscalDateEnding": "2018-12-30", "updatedFromDate": "2023-09-29"}, {"date": "2019-02-27", "symbol": "IQI", "eps": 0.2207, "epsEstimated": null, "time": "bmo", "revenue": 24023080, "revenueEstimated": null, "fiscalDateEnding": "2019-02-27", "updatedFromDate": "2023-10-17"}, {"date": "2019-02-27", "symbol": "CROMF", "eps": null, "epsEstimated": null, "time": "amc", "revenue": null, "revenueEstimated": null, "fiscalDateEnding": "2018-12-31", "updatedFromDate": "2023-05-17"}, {"date": "2019-02-27", "symbol": "BHR", "eps": -0.45, "epsEstimated": 0.13, "time": "bmo", "revenue": 98945000, "revenueEstimated": 107939999.99999999, "fiscalDateEnding": "2018-12-30", "updatedFromDate": "2023-09-29"}, {"date": "2019-02-27", "symbol": "002332.SZ", "eps": 0.1, "epsEstimated": null, "time": "bmo", "revenue": 971610446.04, "revenueEstimated": null, "fiscalDateEnding": "2018-12-30", "updatedFromDate": "2023-05-17"}, {"date": "2019-02-27", "symbol": "002024.SZ", "eps": 0.78, "epsEstimated": 0.69, "time": "bmo", "revenue": 71986991000, "revenueEstimated": null, "fiscalDateEnding": "2018-12-30", "updatedFromDate": "2023-05-17"}, {"date": "2019-02-27", "symbol": "002155.SZ", "eps": 0.08, "epsEstimated": null, "time": "bmo", "revenue": 4560995752.28, "revenueEstimated": null, "fiscalDateEnding": "2018-11-27", "updatedFromDate": "2023-05-17"}, {"date": "2019-02-27", "symbol": "XLRN", "eps": -0.75, "epsEstimated": -0.68, "time": "amc", "revenue": 3816000, "revenueEstimated": 3459840.0000000005, "fiscalDateEnding": "2018-12-30", "updatedFromDate": "2023-05-17"}, {"date": "2019-02-27", "symbol": "KDNY", "eps": 1.65, "epsEstimated": 1.16, "time": "bmo", "revenue": null, "revenueEstimated": null, "fiscalDateEnding": "2018-12-29", "updatedFromDate": "2023-09-29"}, {"date": "2019-02-27", "symbol": "4397.T", "eps": 3.94, "epsEstimated": null, "time": "bmo", "revenue": 449998000, "revenueEstimated": null, "fiscalDateEnding": "2019-02-27", "updatedFromDate": "2023-08-16"}, {"date": "2019-02-27", "symbol": "LOOP", "eps": -0.22348, "epsEstimated": null, "time": "bmo", "revenue": 467082, "revenueEstimated": null, "fiscalDateEnding": "2019-02-27", "updatedFromDate": "2023-10-10"}, {"date": "2019-02-27", "symbol": "MMNFF", "eps": -0.25, "epsEstimated": -0.12, "time": "amc", "revenue": 29930358, "revenueEstimated": null, "fiscalDateEnding": "2018-12-31", "updatedFromDate": "2023-08-16"}, {"date": "2019-02-27", "symbol": "002138.SZ", "eps": 0.14, "epsEstimated": 0.13, "time": "bmo", "revenue": 612434812.85, "revenueEstimated": null, "fiscalDateEnding": "2018-12-30", "updatedFromDate": "2023-08-16"}, {"date": "2019-02-27", "symbol": "002462.SZ", "eps": 0.27, "epsEstimated": 0.31, "time": "bmo", "revenue": 4796304585.21, "revenueEstimated": null, "fiscalDateEnding": "2018-12-30", "updatedFromDate": "2023-05-17"}, {"date": "2019-02-27", "symbol": "300450.SZ", "eps": 0.44, "epsEstimated": 0.33, "time": "bmo", "revenue": 1194152274.44, "revenueEstimated": null, "fiscalDateEnding": "2018-12-30", "updatedFromDate": "2023-08-16"}, {"date": "2019-02-27", "symbol": "002291.SZ", "eps": -0.03825, "epsEstimated": null, "time": "bmo", "revenue": 372956436.92, "revenueEstimated": null, "fiscalDateEnding": "2018-12-30", "updatedFromDate": "2023-05-17"}, {"date": "2019-02-27", "symbol": "603319.SS", "eps": 0.1621, "epsEstimated": null, "time": "bmo", "revenue": 243938969.29, "revenueEstimated": null, "fiscalDateEnding": "2018-12-30", "updatedFromDate": "2023-05-17"}, {"date": "2019-02-27", "symbol": "ATSG", "eps": 0.36, "epsEstimated": 0.33, "time": "amc", "revenue": 204919000, "revenueEstimated": 272979583.3333333, "fiscalDateEnding": "2018-09-29", "updatedFromDate": "2023-10-17"}, {"date": "2019-02-27", "symbol": "4008.SR", "eps": 0.534, "epsEstimated": null, "time": "bmo", "revenue": 370241037, "revenueEstimated": null, "fiscalDateEnding": "2018-11-27", "updatedFromDate": "2023-05-17"}, {"date": "2019-02-27", "symbol": "SUSCO.BK", "eps": 0.1491, "epsEstimated": null, "time": "bmo", "revenue": 6823501000, "revenueEstimated": null, "fiscalDateEnding": "2018-11-27", "updatedFromDate": "2023-05-17"}, {"date": "2019-02-27", "symbol": "300433.SZ", "eps": -0.11, "epsEstimated": 0.07, "time": "bmo", "revenue": 8724429996.69, "revenueEstimated": null, "fiscalDateEnding": "2018-12-30", "updatedFromDate": "2023-05-17"}, {"date": "2019-02-27", "symbol": "SPOK", "eps": 0.01, "epsEstimated": null, "time": "amc", "revenue": 43256000, "revenueEstimated": null, "fiscalDateEnding": "2018-12-30", "updatedFromDate": "2023-09-29"}, {"date": "2019-02-27", "symbol": "002153.SZ", "eps": 0.1012, "epsEstimated": null, "time": "bmo", "revenue": 1107018704.14, "revenueEstimated": null, "fiscalDateEnding": "2018-12-30", "updatedFromDate": "2023-08-16"}, {"date": "2019-02-27", "symbol": "CIO-PA", "eps": -0.13, "epsEstimated": -0.1, "time": "bmo", "revenue": 34167000, "revenueEstimated": null, "fiscalDateEnding": "2018-12-30", "updatedFromDate": "2023-05-17"}, {"date": "2019-02-27", "symbol": "ODP", "eps": 0.9, "epsEstimated": 0.8, "time": "bmo", "revenue": 2670000000, "revenueEstimated": 2254666666.6666665, "fiscalDateEnding": "2018-12-28", "updatedFromDate": "2023-09-29"}, {"date": "2019-02-27", "symbol": "TA.TO", "eps": -0.43, "epsEstimated": 0.08, "time": "bmo", "revenue": 622000000, "revenueEstimated": null, "fiscalDateEnding": "2018-12-30", "updatedFromDate": "2023-05-17"}, {"date": "2019-02-27", "symbol": "HRPMF", "eps": null, "epsEstimated": null, "time": "bmo", "revenue": null, "revenueEstimated": null, "fiscalDateEnding": "2018-12-31", "updatedFromDate": "2023-05-17"}, {"date": "2019-02-27", "symbol": "AHCS.QA", "eps": 0.01693, "epsEstimated": null, "time": "bmo", "revenue": 333446205, "revenueEstimated": null, "fiscalDateEnding": "2018-12-30", "updatedFromDate": "2023-08-16"}, {"date": "2019-02-27", "symbol": "CYC.AX", "eps": -0.01069, "epsEstimated": null, "time": "bmo", "revenue": 3519700.25, "revenueEstimated": null, "fiscalDateEnding": "2018-11-27", "updatedFromDate": "2023-10-16"}, {"date": "2019-02-27", "symbol": "002746.SZ", "eps": 0.26, "epsEstimated": null, "time": "bmo", "revenue": 818512622.59, "revenueEstimated": null, "fiscalDateEnding": "2018-12-30", "updatedFromDate": "2023-05-17"}, {"date": "2019-02-27", "symbol": "BORR", "eps": -2.04796, "epsEstimated": null, "time": "bmo", "revenue": 53500000, "revenueEstimated": null, "fiscalDateEnding": "2018-12-31", "updatedFromDate": "2023-09-29"}, {"date": "2019-02-27", "symbol": "002433.SZ", "eps": 0.15, "epsEstimated": 0.1, "time": "bmo", "revenue": 990128577.25, "revenueEstimated": null, "fiscalDateEnding": "2018-12-30", "updatedFromDate": "2023-05-17"}, {"date": "2019-02-27", "symbol": "ARM.CN", "eps": 0.00556, "epsEstimated": null, "time": "bmo", "revenue": -88325, "revenueEstimated": null, "fiscalDateEnding": "2019-02-27", "updatedFromDate": "2023-10-17"}, {"date": "2019-02-27", "symbol": "300523.SZ", "eps": null, "epsEstimated": null, "time": "bmo", "revenue": null, "revenueEstimated": null, "fiscalDateEnding": "2018-12-31", "updatedFromDate": "2023-05-17"}, {"date": "2019-02-27", "symbol": "QRTEB", "eps": 0.62, "epsEstimated": 0.73, "time": "amc", "revenue": 4376000000, "revenueEstimated": null, "fiscalDateEnding": "2018-12-30", "updatedFromDate": "2023-09-29"}, {"date": "2019-02-27", "symbol": "PEFDF", "eps": null, "epsEstimated": null, "time": "bmo", "revenue": null, "revenueEstimated": null, "fiscalDateEnding": "2018-12-31", "updatedFromDate": "2023-05-17"}, {"date": "2019-02-27", "symbol": "PBR", "eps": 0.32, "epsEstimated": 0.3, "time": "amc", "revenue": 24346000000, "revenueEstimated": 18727692307, "fiscalDateEnding": "2018-12-31", "updatedFromDate": "2023-09-29"}, {"date": "2019-02-27", "symbol": "IGD", "eps": -0.24828, "epsEstimated": null, "time": "bmo", "revenue": -19979290, "revenueEstimated": null, "fiscalDateEnding": "2019-02-27", "updatedFromDate": "2023-10-17"}, {"date": "2019-02-27", "symbol": "ENIA", "eps": 0.6, "epsEstimated": 0.01002, "time": "bmo", "revenue": 3499134000, "revenueEstimated": 201985233333.33395, "fiscalDateEnding": "2018-12-30", "updatedFromDate": "2023-08-16"}, {"date": "2019-02-27", "symbol": "SGNLF", "eps": null, "epsEstimated": null, "time": "amc", "revenue": null, "revenueEstimated": null, "fiscalDateEnding": "2018-12-31", "updatedFromDate": "2023-08-16"}, {"date": "2019-02-27", "symbol": "NXTP", "eps": 0.0122, "epsEstimated": null, "time": "bmo", "revenue": 48995, "revenueEstimated": null, "fiscalDateEnding": "2019-02-27", "updatedFromDate": "2023-09-29"}, {"date": "2019-02-27", "symbol": "TAC", "eps": -0.33, "epsEstimated": 0.08, "time": "bmo", "revenue": 622000000, "revenueEstimated": 115720930.2325582, "fiscalDateEnding": "2018-12-31", "updatedFromDate": "2023-09-29"}, {"date": "2019-02-27", "symbol": "300133.SZ", "eps": -0.08, "epsEstimated": 0.26, "time": "bmo", "revenue": 2216028314.57, "revenueEstimated": null, "fiscalDateEnding": "2018-12-30", "updatedFromDate": "2023-08-16"}, {"date": "2019-02-27", "symbol": "300369.SZ", "eps": 0.269, "epsEstimated": null, "time": "bmo", "revenue": 679567934.79, "revenueEstimated": null, "fiscalDateEnding": "2018-12-30", "updatedFromDate": "2023-05-17"}, {"date": "2019-02-27", "symbol": "INSD", "eps": -0.00016, "epsEstimated": null, "time": "bmo", "revenue": null, "revenueEstimated": null, "fiscalDateEnding": "2019-02-27", "updatedFromDate": "2023-10-17"}, {"date": "2019-02-27", "symbol": "AEGN", "eps": 0.27, "epsEstimated": 0.27, "time": "amc", "revenue": 333998000, "revenueEstimated": 333998000, "fiscalDateEnding": "2018-12-30", "updatedFromDate": "2023-05-17"}, {"date": "2019-02-27", "symbol": "FIOGF", "eps": null, "epsEstimated": null, "time": "bmo", "revenue": null, "revenueEstimated": null, "fiscalDateEnding": "2018-12-31", "updatedFromDate": "2023-05-17"}, {"date": "2019-02-27", "symbol": "TPC", "eps": 0.98, "epsEstimated": 0.79, "time": "amc", "revenue": 1183284000, "revenueEstimated": 953871795.9183675, "fiscalDateEnding": "2018-12-30", "updatedFromDate": "2023-09-29"}, {"date": "2019-02-27", "symbol": "SRI", "eps": 0.47, "epsEstimated": 0.44, "time": "amc", "revenue": 210814000, "revenueEstimated": 197357787.23404256, "fiscalDateEnding": "2018-12-30", "updatedFromDate": "2023-09-29"}, {"date": "2019-02-27", "symbol": "RVIV", "eps": -9e-05, "epsEstimated": null, "time": "bmo", "revenue": 281062, "revenueEstimated": null, "fiscalDateEnding": "2019-02-27", "updatedFromDate": "2023-05-17"}, {"date": "2019-02-27", "symbol": "ASCJF", "eps": 0.01, "epsEstimated": 0.05, "time": "bmo", "revenue": null, "revenueEstimated": null, "fiscalDateEnding": "2018-12-31", "updatedFromDate": "2023-05-17"}, {"date": "2019-02-27", "symbol": "002022.SZ", "eps": 0.01, "epsEstimated": 0.1, "time": "bmo", "revenue": 518094330.03, "revenueEstimated": null, "fiscalDateEnding": "2018-12-30", "updatedFromDate": "2023-05-17"}, {"date": "2019-02-27", "symbol": "SMIZF", "eps": null, "epsEstimated": null, "time": "bmo", "revenue": null, "revenueEstimated": null, "fiscalDateEnding": "2018-12-31", "updatedFromDate": "2023-08-16"}, {"date": "2019-02-27", "symbol": "NA.TO", "eps": 1.5, "epsEstimated": 1.54, "time": "bmo", "revenue": 1791000000, "revenueEstimated": null, "fiscalDateEnding": "2019-01-31", "updatedFromDate": "2023-05-17"}, {"date": "2019-02-27", "symbol": "MMY.V", "eps": 0.00062, "epsEstimated": null, "time": "bmo", "revenue": 6343000, "revenueEstimated": null, "fiscalDateEnding": "2018-11-27", "updatedFromDate": "2023-10-16"}, {"date": "2019-02-27", "symbol": "002588.SZ", "eps": -0.00332, "epsEstimated": 0.06, "time": "bmo", "revenue": 1402511123.89, "revenueEstimated": null, "fiscalDateEnding": "2018-12-30", "updatedFromDate": "2023-05-17"}, {"date": "2019-02-27", "symbol": "002769.SZ", "eps": 0.01, "epsEstimated": null, "time": "bmo", "revenue": 1223026373.55, "revenueEstimated": null, "fiscalDateEnding": "2018-12-30", "updatedFromDate": "2023-05-17"}, {"date": "2019-02-27", "symbol": "ECILC.IS", "eps": null, "epsEstimated": null, "time": "bmo", "revenue": null, "revenueEstimated": null, "fiscalDateEnding": "2018-12-31", "updatedFromDate": "2023-05-17"}, {"date": "2019-02-27", "symbol": "MCM.MC", "eps": 0.2377, "epsEstimated": null, "time": "bmo", "revenue": 71739000, "revenueEstimated": null, "fiscalDateEnding": "2018-11-27", "updatedFromDate": "2023-05-17"}, {"date": "2019-02-27", "symbol": "DOU.AX", "eps": null, "epsEstimated": null, "time": "bmo", "revenue": null, "revenueEstimated": null, "fiscalDateEnding": "2019-03-31", "updatedFromDate": "2023-10-16"}, {"date": "2019-02-27", "symbol": "DBRM", "eps": 0.2329, "epsEstimated": null, "time": "bmo", "revenue": 156718, "revenueEstimated": null, "fiscalDateEnding": "2019-02-27", "updatedFromDate": "2023-05-17"}, {"date": "2019-02-27", "symbol": "MENXF", "eps": null, "epsEstimated": null, "time": "bmo", "revenue": null, "revenueEstimated": null, "fiscalDateEnding": "2019-03-31", "updatedFromDate": "2023-05-17"}, {"date": "2019-02-27", "symbol": "VIS.IC", "eps": 0.3134, "epsEstimated": null, "time": "bmo", "revenue": 6724751000, "revenueEstimated": null, "fiscalDateEnding": "2018-12-30", "updatedFromDate": "2023-05-17"}, {"date": "2019-02-27", "symbol": "002308.SZ", "eps": 0.01, "epsEstimated": 0.04, "time": "bmo", "revenue": 344342130.37, "revenueEstimated": null, "fiscalDateEnding": "2018-12-30", "updatedFromDate": "2023-05-17"}, {"date": "2019-02-27", "symbol": "HGV", "eps": 1.24, "epsEstimated": 1.21, "time": "amc", "revenue": 642000000, "revenueEstimated": 626467741.9354839, "fiscalDateEnding": "2018-12-30", "updatedFromDate": "2023-09-29"}, {"date": "2019-02-27", "symbol": "PHI", "eps": 0.61, "epsEstimated": null, "time": "bmo", "revenue": 41601000000, "revenueEstimated": null, "fiscalDateEnding": "2018-12-31", "updatedFromDate": "2023-09-29"}, {"date": "2019-02-27", "symbol": "NXTCL.ST", "eps": -0.25846, "epsEstimated": null, "time": "bmo", "revenue": 376251, "revenueEstimated": null, "fiscalDateEnding": "2019-02-27", "updatedFromDate": "2023-05-17"}, {"date": "2019-02-27", "symbol": "OLGPF", "eps": null, "epsEstimated": null, "time": "bmo", "revenue": null, "revenueEstimated": null, "fiscalDateEnding": "2018-12-31", "updatedFromDate": "2023-05-17"}, {"date": "2019-02-27", "symbol": "SYN.IC", "eps": 2.26, "epsEstimated": null, "time": "bmo", "revenue": 4975000000, "revenueEstimated": null, "fiscalDateEnding": "2018-11-27", "updatedFromDate": "2023-05-17"}, {"date": "2019-02-27", "symbol": "TRAXIONA.MX", "eps": 0.39, "epsEstimated": 0.27, "time": "bmo", "revenue": null, "revenueEstimated": null, "fiscalDateEnding": "2018-12-30", "updatedFromDate": "2023-08-16"}, {"date": "2019-02-27", "symbol": "002602.SZ", "eps": -0.1, "epsEstimated": -0.02295, "time": "bmo", "revenue": 1895915214.16, "revenueEstimated": null, "fiscalDateEnding": "2018-12-30", "updatedFromDate": "2023-08-16"}, {"date": "2019-02-27", "symbol": "PNC-B.TO", "eps": -0.05419, "epsEstimated": null, "time": "bmo", "revenue": 145699000, "revenueEstimated": null, "fiscalDateEnding": "2019-02-27", "updatedFromDate": "2023-05-17"}, {"date": "2019-02-27", "symbol": "TNISF", "eps": 0.15, "epsEstimated": 0.37, "time": "bmo", "revenue": null, "revenueEstimated": 1295014800, "fiscalDateEnding": "2018-12-31", "updatedFromDate": "2023-08-16"}, {"date": "2019-02-27", "symbol": "002038.SZ", "eps": 0.05, "epsEstimated": null, "time": "bmo", "revenue": 616445574.52, "revenueEstimated": null, "fiscalDateEnding": "2018-12-30", "updatedFromDate": "2023-05-17"}, {"date": "2019-02-27", "symbol": "KARNF", "eps": 1.07, "epsEstimated": null, "time": "bmo", "revenue": null, "revenueEstimated": null, "fiscalDateEnding": "2019-03-31", "updatedFromDate": "2023-05-17"}, {"date": "2019-02-27", "symbol": "ALR.WA", "eps": 1.37, "epsEstimated": 1.39, "time": "bmo", "revenue": 1064770000, "revenueEstimated": null, "fiscalDateEnding": "2018-12-30", "updatedFromDate": "2023-08-16"}, {"date": "2019-02-27", "symbol": "002905.SZ", "eps": 0.0524, "epsEstimated": null, "time": "bmo", "revenue": 454519167.83, "revenueEstimated": null, "fiscalDateEnding": "2018-12-30", "updatedFromDate": "2023-08-16"}, {"date": "2019-02-27", "symbol": "GBFBF", "eps": null, "epsEstimated": null, "time": "bmo", "revenue": null, "revenueEstimated": null, "fiscalDateEnding": "2018-12-31", "updatedFromDate": "2023-05-17"}, {"date": "2019-02-27", "symbol": "PHO.OL", "eps": -0.5, "epsEstimated": -0.26, "time": "bmo", "revenue": 49865000, "revenueEstimated": null, "fiscalDateEnding": "2018-12-30", "updatedFromDate": "2023-08-16"}, {"date": "2019-02-27", "symbol": "BCCLF", "eps": 0.54, "epsEstimated": 0.4, "time": "bmo", "revenue": null, "revenueEstimated": 551777777.7777778, "fiscalDateEnding": "2018-12-31", "updatedFromDate": "2023-05-17"}, {"date": "2019-02-27", "symbol": "MSVN.CN", "eps": -0.01603, "epsEstimated": null, "time": "bmo", "revenue": 1859308, "revenueEstimated": null, "fiscalDateEnding": "2019-02-27", "updatedFromDate": "2023-05-17"}, {"date": "2019-02-27", "symbol": "BALD-B.ST", "eps": 4.15, "epsEstimated": 3.72, "time": "bmo", "revenue": 1788000000, "revenueEstimated": null, "fiscalDateEnding": "2018-12-30", "updatedFromDate": "2023-05-17"}, {"date": "2019-02-27", "symbol": "5FB.DE", "eps": 0.14, "epsEstimated": 0.07, "time": "bmo", "revenue": 571199000, "revenueEstimated": null, "fiscalDateEnding": "2018-12-30", "updatedFromDate": "2023-05-17"}, {"date": "2019-02-27", "symbol": "IONS", "eps": 2.42, "epsEstimated": 0.3956, "time": "bmo", "revenue": 192113000, "revenueEstimated": 4346493.212669668, "fiscalDateEnding": "2018-12-30", "updatedFromDate": "2023-09-29"}, {"date": "2019-02-27", "symbol": "SYN", "eps": -0.28, "epsEstimated": -0.81, "time": "amc", "revenue": null, "revenueEstimated": null, "fiscalDateEnding": "2018-12-30", "updatedFromDate": "2023-08-16"}, {"date": "2019-02-27", "symbol": "GLRE", "eps": -2.25, "epsEstimated": -2.23, "time": "amc", "revenue": 112711000, "revenueEstimated": 4009952.3809523815, "fiscalDateEnding": "2018-12-30", "updatedFromDate": "2023-09-29"}, {"date": "2019-02-27", "symbol": "VYNE", "eps": 54.72, "epsEstimated": 58.32, "time": "bmo", "revenue": -10640000, "revenueEstimated": 13212592.105263159, "fiscalDateEnding": "2018-12-30", "updatedFromDate": "2023-09-29"}, {"date": "2019-02-27", "symbol": "002055.SZ", "eps": 0.37, "epsEstimated": null, "time": "bmo", "revenue": 2089198707.02, "revenueEstimated": null, "fiscalDateEnding": "2018-12-30", "updatedFromDate": "2023-05-17"}, {"date": "2019-02-27", "symbol": "ROJNA.BK", "eps": 0.1234, "epsEstimated": null, "time": "bmo", "revenue": 3189308602, "revenueEstimated": null, "fiscalDateEnding": "2018-12-30", "updatedFromDate": "2023-08-16"}, {"date": "2019-02-27", "symbol": "002628.SZ", "eps": 0.01, "epsEstimated": null, "time": "bmo", "revenue": 467754848.94, "revenueEstimated": null, "fiscalDateEnding": "2019-03-30", "updatedFromDate": "2023-05-17"}, {"date": "2019-02-27", "symbol": "GPORQ", "eps": 0.46, "epsEstimated": 0.5, "time": "bmo", "revenue": 415950000, "revenueEstimated": null, "fiscalDateEnding": "2018-12-30", "updatedFromDate": "2023-05-17"}, {"date": "2019-02-27", "symbol": "AMVMF", "eps": null, "epsEstimated": null, "time": "bmo", "revenue": null, "revenueEstimated": null, "fiscalDateEnding": "2018-12-31", "updatedFromDate": "2023-08-16"}, {"date": "2019-02-27", "symbol": "ANNMF", "eps": 0.1, "epsEstimated": 0.1, "time": "bmo", "revenue": null, "revenueEstimated": null, "fiscalDateEnding": "2018-12-31", "updatedFromDate": "2023-05-17"}, {"date": "2019-02-27", "symbol": "LOACU", "eps": 0.0043, "epsEstimated": null, "time": "amc", "revenue": null, "revenueEstimated": null, "fiscalDateEnding": "2019-02-27", "updatedFromDate": "2023-05-17"}, {"date": "2019-02-27", "symbol": "002003.SZ", "eps": 0.01033, "epsEstimated": null, "time": "bmo", "revenue": 720702714.33, "revenueEstimated": null, "fiscalDateEnding": "2018-12-30", "updatedFromDate": "2023-05-17"}, {"date": "2019-02-27", "symbol": "ENELAM.SN", "eps": 0.01, "epsEstimated": null, "time": "bmo", "revenue": 3499134000, "revenueEstimated": null, "fiscalDateEnding": "2018-12-31", "updatedFromDate": "2023-05-17"}, {"date": "2019-02-27", "symbol": "AHAHF", "eps": null, "epsEstimated": null, "time": "bmo", "revenue": null, "revenueEstimated": null, "fiscalDateEnding": "2019-03-31", "updatedFromDate": "2023-05-17"}, {"date": "2019-02-27", "symbol": "FEMSAUBD.MX", "eps": 2.96, "epsEstimated": 2.2, "time": "bmo", "revenue": 126706000000, "revenueEstimated": null, "fiscalDateEnding": "2018-12-30", "updatedFromDate": "2023-05-17"}, {"date": "2019-02-27", "symbol": "FUNO11.MX", "eps": 1.31, "epsEstimated": 0.54, "time": "bmo", "revenue": null, "revenueEstimated": null, "fiscalDateEnding": "2018-12-31", "updatedFromDate": "2023-05-17"}, {"date": "2019-02-27", "symbol": "GMALF", "eps": 0.14, "epsEstimated": -0.14, "time": "bmo", "revenue": null, "revenueEstimated": null, "fiscalDateEnding": "2018-12-31", "updatedFromDate": "2023-08-16"}, {"date": "2019-02-27", "symbol": "002572.SZ", "eps": 0.29, "epsEstimated": 0.37, "time": "bmo", "revenue": 2205019273.58, "revenueEstimated": null, "fiscalDateEnding": "2018-12-30", "updatedFromDate": "2023-08-16"}, {"date": "2019-02-27", "symbol": "TJX", "eps": 0.68, "epsEstimated": 0.68, "time": "bmo", "revenue": 11127340000, "revenueEstimated": null, "fiscalDateEnding": "2019-02-01", "updatedFromDate": "2023-09-29"}, {"date": "2019-02-27", "symbol": "GXI.DE", "eps": 3.15, "epsEstimated": null, "time": "bmo", "revenue": 308540000, "revenueEstimated": null, "fiscalDateEnding": "2019-02-27", "updatedFromDate": "2023-05-17"}, {"date": "2019-02-27", "symbol": "002085.SZ", "eps": 0.09, "epsEstimated": null, "time": "bmo", "revenue": 2455796269.59, "revenueEstimated": null, "fiscalDateEnding": "2018-11-27", "updatedFromDate": "2023-05-17"}, {"date": "2019-02-27", "symbol": "SAS-DKK.CO", "eps": -0.44, "epsEstimated": -0.41, "time": "bmo", "revenue": 9534000000, "revenueEstimated": null, "fiscalDateEnding": "2019-01-31", "updatedFromDate": "2023-10-16"}, {"date": "2019-02-27", "symbol": "SASDF", "eps": -0.44, "epsEstimated": -0.41, "time": "bmo", "revenue": null, "revenueEstimated": null, "fiscalDateEnding": "2018-12-31", "updatedFromDate": "2023-05-17"}, {"date": "2019-02-27", "symbol": "002277.SZ", "eps": 0.17, "epsEstimated": null, "time": "bmo", "revenue": 1925192982.55, "revenueEstimated": null, "fiscalDateEnding": "2018-12-30", "updatedFromDate": "2023-05-17"}, {"date": "2019-02-27", "symbol": "300674.SZ", "eps": null, "epsEstimated": null, "time": "bmo", "revenue": null, "revenueEstimated": null, "fiscalDateEnding": "2018-12-31", "updatedFromDate": "2023-08-16"}, {"date": "2019-02-27", "symbol": "300422.SZ", "eps": null, "epsEstimated": null, "time": "bmo", "revenue": null, "revenueEstimated": null, "fiscalDateEnding": "2018-12-31", "updatedFromDate": "2023-05-17"}]}