{"result": [{"date": "2019-10-23", "symbol": "BOE.L", "eps": 1.45, "epsEstimated": 1.97, "time": "bmo", "revenue": 19980000000, "revenueEstimated": null, "fiscalDateEnding": "2019-09-29", "updatedFromDate": "2023-05-17"}, {"date": "2019-10-23", "symbol": "BONAV-B.ST", "eps": 0.95, "epsEstimated": 1.96, "time": "bmo", "revenue": 3379000000, "revenueEstimated": null, "fiscalDateEnding": "2019-09-30", "updatedFromDate": "2023-05-17"}, {"date": "2019-10-23", "symbol": "NFBK", "eps": 0.28, "epsEstimated": 0.26, "time": "bmo", "revenue": 33553000, "revenueEstimated": 31156357.14285714, "fiscalDateEnding": "2019-09-29", "updatedFromDate": "2023-09-29"}, {"date": "2019-10-23", "symbol": "AMP", "eps": 4.24, "epsEstimated": 4.1, "time": "amc", "revenue": 3317000000, "revenueEstimated": 3334733009.7087374, "fiscalDateEnding": "2019-09-29", "updatedFromDate": "2023-09-29"}, {"date": "2019-10-23", "symbol": "FFIV", "eps": 2.59, "epsEstimated": 2.55, "time": "amc", "revenue": 590388000, "revenueEstimated": 581270038.6100386, "fiscalDateEnding": "2019-09-29", "updatedFromDate": "2023-09-29"}, {"date": "2019-10-23", "symbol": "ARR", "eps": 0.55, "epsEstimated": 0.53, "time": "bmo", "revenue": -49210000, "revenueEstimated": 48792763.63636363, "fiscalDateEnding": "2019-09-29", "updatedFromDate": "2023-09-29"}, {"date": "2019-10-23", "symbol": "NLTBF", "eps": 0.71, "epsEstimated": 0.65, "time": "bmo", "revenue": null, "revenueEstimated": null, "fiscalDateEnding": "2019-09-30", "updatedFromDate": "2023-05-17"}, {"date": "2019-10-23", "symbol": "002197.SZ", "eps": 0.0036, "epsEstimated": null, "time": "bmo", "revenue": 254813899.2, "revenueEstimated": null, "fiscalDateEnding": "2019-09-29", "updatedFromDate": "2023-05-17"}, {"date": "2019-10-23", "symbol": "300078.SZ", "eps": null, "epsEstimated": null, "time": "bmo", "revenue": null, "revenueEstimated": null, "fiscalDateEnding": "2019-09-30", "updatedFromDate": "2023-05-31"}, {"date": "2019-10-23", "symbol": "APY", "eps": 0.27, "epsEstimated": 0.33, "time": "bmo", "revenue": 278381000, "revenueEstimated": 340243444.4444445, "fiscalDateEnding": "2019-09-29", "updatedFromDate": "2023-05-17"}, {"date": "2019-10-23", "symbol": "EGTX.ST", "eps": -0.59, "epsEstimated": -0.8, "time": "bmo", "revenue": 6171000, "revenueEstimated": null, "fiscalDateEnding": "2019-09-29", "updatedFromDate": "2023-05-17"}, {"date": "2019-10-23", "symbol": "NXGN", "eps": 0.24, "epsEstimated": 0.23, "time": "amc", "revenue": 134256000, "revenueEstimated": 128662000, "fiscalDateEnding": "2019-09-29", "updatedFromDate": "2023-09-29"}, {"date": "2019-10-23", "symbol": "FFWC", "eps": 1.08, "epsEstimated": null, "time": "bmo", "revenue": null, "revenueEstimated": null, "fiscalDateEnding": "2019-09-30", "updatedFromDate": "2023-09-29"}, {"date": "2019-10-23", "symbol": "KTY.WA", "eps": 10.34, "epsEstimated": null, "time": "bmo", "revenue": 838848000, "revenueEstimated": null, "fiscalDateEnding": "2019-09-29", "updatedFromDate": "2023-05-17"}, {"date": "2019-10-23", "symbol": "000715.SZ", "eps": 0.071, "epsEstimated": null, "time": "bmo", "revenue": 648175803.89, "revenueEstimated": null, "fiscalDateEnding": "2019-09-29", "updatedFromDate": "2023-05-17"}, {"date": "2019-10-23", "symbol": "FSV.TO", "eps": 0.92, "epsEstimated": 1.03, "time": "bmo", "revenue": 672253000, "revenueEstimated": null, "fiscalDateEnding": "2019-09-30", "updatedFromDate": "2023-10-16"}, {"date": "2019-10-23", "symbol": "ELSSF", "eps": null, "epsEstimated": null, "time": "bmo", "revenue": null, "revenueEstimated": null, "fiscalDateEnding": "2019-09-30", "updatedFromDate": "2023-05-17"}, {"date": "2019-10-23", "symbol": "FBNC", "eps": 0.84, "epsEstimated": 0.8, "time": "bmo", "revenue": 69408000, "revenueEstimated": 66102857.14285715, "fiscalDateEnding": "2019-09-29", "updatedFromDate": "2023-09-29"}, {"date": "2019-10-23", "symbol": "DASTF", "eps": 0.16, "epsEstimated": 0.15, "time": "bmo", "revenue": null, "revenueEstimated": null, "fiscalDateEnding": "2019-09-30", "updatedFromDate": "2023-05-17"}, {"date": "2019-10-23", "symbol": "MELE.BR", "eps": 0.38, "epsEstimated": 0.39, "time": "bmo", "revenue": 123271000, "revenueEstimated": null, "fiscalDateEnding": "2019-09-29", "updatedFromDate": "2023-05-17"}, {"date": "2019-10-23", "symbol": "1030.SR", "eps": 0.3467, "epsEstimated": null, "time": "bmo", "revenue": 739346000, "revenueEstimated": null, "fiscalDateEnding": "2019-09-29", "updatedFromDate": "2023-05-17"}, {"date": "2019-10-23", "symbol": "SMED", "eps": 0.04, "epsEstimated": 0.01, "time": "bmo", "revenue": 13599000, "revenueEstimated": 3399750, "fiscalDateEnding": "2019-09-29", "updatedFromDate": "2023-10-16"}, {"date": "2019-10-23", "symbol": "EFX", "eps": 1.48, "epsEstimated": 1.44, "time": "amc", "revenue": 875700000, "revenueEstimated": 852032432.4324324, "fiscalDateEnding": "2019-09-29", "updatedFromDate": "2023-09-29"}, {"date": "2019-10-23", "symbol": "KNYJF", "eps": 0.48, "epsEstimated": 0.49, "time": "bmo", "revenue": null, "revenueEstimated": null, "fiscalDateEnding": "2019-09-30", "updatedFromDate": "2023-05-17"}, {"date": "2019-10-23", "symbol": "MRRLF", "eps": null, "epsEstimated": null, "time": "bmo", "revenue": null, "revenueEstimated": null, "fiscalDateEnding": "2019-09-30", "updatedFromDate": "2023-05-17"}, {"date": "2019-10-23", "symbol": "NGVT", "eps": 1.46, "epsEstimated": 1.41, "time": "amc", "revenue": 359900000, "revenueEstimated": 347574657.53424656, "fiscalDateEnding": "2019-09-29", "updatedFromDate": "2023-09-29"}, {"date": "2019-10-23", "symbol": "002562.SZ", "eps": 0.02478, "epsEstimated": null, "time": "bmo", "revenue": 359406331.46, "revenueEstimated": null, "fiscalDateEnding": "2019-07-23", "updatedFromDate": "2023-05-17"}, {"date": "2019-10-23", "symbol": "KOMP.OL", "eps": 0.43, "epsEstimated": 0.48, "time": "bmo", "revenue": 302600000, "revenueEstimated": null, "fiscalDateEnding": "2019-07-23", "updatedFromDate": "2023-05-17"}, {"date": "2019-10-23", "symbol": "LOGN", "eps": 0.98, "epsEstimated": null, "time": "bmo", "revenue": null, "revenueEstimated": null, "fiscalDateEnding": "2019-07-23", "updatedFromDate": "2023-09-29"}, {"date": "2019-10-23", "symbol": "BSGM", "eps": -0.25, "epsEstimated": null, "time": "bmo", "revenue": null, "revenueEstimated": null, "fiscalDateEnding": "2019-09-29", "updatedFromDate": "2023-09-29"}, {"date": "2019-10-23", "symbol": "HBMD", "eps": 0.24, "epsEstimated": 0.25, "time": "bmo", "revenue": 21487000, "revenueEstimated": 23175000, "fiscalDateEnding": "2019-09-29", "updatedFromDate": "2023-08-16"}, {"date": "2019-10-23", "symbol": "600346.SS", "eps": 0.41, "epsEstimated": 0.73, "time": "bmo", "revenue": 33995531886.42, "revenueEstimated": null, "fiscalDateEnding": "2019-09-29", "updatedFromDate": "2023-08-16"}, {"date": "2019-10-23", "symbol": "HBNC", "eps": 0.46, "epsEstimated": 0.42, "time": "bmo", "revenue": 52779000, "revenueEstimated": 50196391.30434782, "fiscalDateEnding": "2019-09-29", "updatedFromDate": "2023-09-29"}, {"date": "2019-10-23", "symbol": "HEIO.AS", "eps": null, "epsEstimated": null, "time": "bmo", "revenue": null, "revenueEstimated": null, "fiscalDateEnding": "2019-09-30", "updatedFromDate": "2023-05-17"}, {"date": "2019-10-23", "symbol": "SGC", "eps": 0.26, "epsEstimated": 0.25, "time": "bmo", "revenue": 89466000, "revenueEstimated": 86024999.99999999, "fiscalDateEnding": "2019-09-29", "updatedFromDate": "2023-09-29"}, {"date": "2019-10-23", "symbol": "MONOF", "eps": 4.93, "epsEstimated": 6.24, "time": "bmo", "revenue": null, "revenueEstimated": null, "fiscalDateEnding": "2019-09-30", "updatedFromDate": "2023-05-17"}, {"date": "2019-10-23", "symbol": "SEB-A.ST", "eps": 2.2, "epsEstimated": 2.11, "time": "bmo", "revenue": 11942000000, "revenueEstimated": null, "fiscalDateEnding": "2019-09-29", "updatedFromDate": "2023-05-17"}, {"date": "2019-10-23", "symbol": "NZYM-B.CO", "eps": 2.23, "epsEstimated": 2.54, "time": "bmo", "revenue": 3704000000, "revenueEstimated": null, "fiscalDateEnding": "2019-09-29", "updatedFromDate": "2023-07-24"}, {"date": "2019-10-23", "symbol": "002313.SZ", "eps": 0.12, "epsEstimated": 0.16, "time": "bmo", "revenue": 1055592275.12, "revenueEstimated": null, "fiscalDateEnding": "2019-09-29", "updatedFromDate": "2023-05-17"}, {"date": "2019-10-23", "symbol": "603538.SS", "eps": 0.26, "epsEstimated": null, "time": "bmo", "revenue": 290066593.03, "revenueEstimated": null, "fiscalDateEnding": "2019-09-29", "updatedFromDate": "2023-05-17"}, {"date": "2019-10-23", "symbol": "ARR-PC", "eps": 0.55, "epsEstimated": 0.53, "time": "bmo", "revenue": -50634000, "revenueEstimated": -48723283, "fiscalDateEnding": "2019-09-30", "updatedFromDate": "2023-05-17"}, {"date": "2019-10-23", "symbol": "MTRO.L", "eps": -0.7, "epsEstimated": 1, "time": "bmo", "revenue": 415600000, "revenueEstimated": null, "fiscalDateEnding": "2019-07-23", "updatedFromDate": "2023-05-17"}, {"date": "2019-10-23", "symbol": "MSFT", "eps": 1.38, "epsEstimated": 1.25, "time": "amc", "revenue": 33055000000, "revenueEstimated": 29941123188.405796, "fiscalDateEnding": "2019-09-29", "updatedFromDate": "2023-09-29"}, {"date": "2019-10-23", "symbol": "002612.SZ", "eps": -0.24342, "epsEstimated": null, "time": "bmo", "revenue": 878351692.76, "revenueEstimated": null, "fiscalDateEnding": "2019-07-23", "updatedFromDate": "2023-05-17"}, {"date": "2019-10-23", "symbol": "BCOV", "eps": 0.06, "epsEstimated": 0.03667, "time": "amc", "revenue": 47434000, "revenueEstimated": 31622666.66666667, "fiscalDateEnding": "2019-09-29", "updatedFromDate": "2023-09-29"}, {"date": "2019-10-23", "symbol": "PHGUF", "eps": 0.02, "epsEstimated": 0.011, "time": "bmo", "revenue": null, "revenueEstimated": null, "fiscalDateEnding": "2019-09-30", "updatedFromDate": "2023-09-29"}, {"date": "2019-10-23", "symbol": "MAGI.ST", "eps": -0.00323, "epsEstimated": null, "time": "bmo", "revenue": 43109000, "revenueEstimated": null, "fiscalDateEnding": "2019-08-30", "updatedFromDate": "2023-05-17"}, {"date": "2019-10-23", "symbol": "DISPF", "eps": 203.08, "epsEstimated": 170.84, "time": "bmo", "revenue": 182857000000, "revenueEstimated": 34322789.04865078, "fiscalDateEnding": "2019-07-23", "updatedFromDate": "2023-10-16"}, {"date": "2019-10-23", "symbol": "207940.KS", "eps": 667, "epsEstimated": 311.95, "time": "bmo", "revenue": 184817914250, "revenueEstimated": null, "fiscalDateEnding": "2019-09-29", "updatedFromDate": "2023-05-17"}, {"date": "2019-10-23", "symbol": "JMT.LS", "eps": 0.19, "epsEstimated": 0.19, "time": "bmo", "revenue": 4753908000, "revenueEstimated": null, "fiscalDateEnding": "2019-09-29", "updatedFromDate": "2023-05-17"}, {"date": "2019-10-23", "symbol": "T82U.SI", "eps": 0.01, "epsEstimated": 0.01286, "time": "bmo", "revenue": 366730000, "revenueEstimated": null, "fiscalDateEnding": "2019-07-23", "updatedFromDate": "2023-10-16"}, {"date": "2019-10-23", "symbol": "PYPL", "eps": 0.61, "epsEstimated": 0.52, "time": "amc", "revenue": 4378000000, "revenueEstimated": 3732065573.770492, "fiscalDateEnding": "2019-09-29", "updatedFromDate": "2023-09-29"}, {"date": "2019-10-23", "symbol": "NETI", "eps": 0.3, "epsEstimated": 0.5, "time": "bmo", "revenue": 63227000, "revenueEstimated": null, "fiscalDateEnding": "2019-09-30", "updatedFromDate": "2023-09-29"}, {"date": "2019-10-23", "symbol": "BPOP", "eps": 1.7, "epsEstimated": 1.6, "time": "bmo", "revenue": 610253000, "revenueEstimated": 583249882.3529413, "fiscalDateEnding": "2019-09-29", "updatedFromDate": "2023-09-29"}, {"date": "2019-10-23", "symbol": "CUBI-PF", "eps": 0.74, "epsEstimated": 0.71, "time": "bmo", "revenue": 98609000, "revenueEstimated": null, "fiscalDateEnding": "2019-09-29", "updatedFromDate": "2023-05-17"}, {"date": "2019-10-23", "symbol": "MTAGF", "eps": 0.11, "epsEstimated": null, "time": "bmo", "revenue": null, "revenueEstimated": null, "fiscalDateEnding": "2019-12-31", "updatedFromDate": "2023-05-17"}, {"date": "2019-10-23", "symbol": "064960.KS", "eps": 1895, "epsEstimated": 1213.65, "time": "bmo", "revenue": 239821044670, "revenueEstimated": null, "fiscalDateEnding": "2019-09-29", "updatedFromDate": "2023-05-17"}, {"date": "2019-10-23", "symbol": "WDPSF", "eps": null, "epsEstimated": null, "time": "bmo", "revenue": null, "revenueEstimated": null, "fiscalDateEnding": "2019-09-30", "updatedFromDate": "2023-08-16"}, {"date": "2019-10-23", "symbol": "WKCMF", "eps": 1.67, "epsEstimated": 0.86, "time": "bmo", "revenue": null, "revenueEstimated": null, "fiscalDateEnding": "2019-09-30", "updatedFromDate": "2023-05-17"}, {"date": "2019-10-23", "symbol": "FDBC", "eps": 0.8, "epsEstimated": null, "time": "bmo", "revenue": 10632000, "revenueEstimated": null, "fiscalDateEnding": "2019-09-29", "updatedFromDate": "2023-09-29"}, {"date": "2019-10-23", "symbol": "EVGGF", "eps": 0.22, "epsEstimated": 0.19, "time": "bmo", "revenue": null, "revenueEstimated": null, "fiscalDateEnding": "2019-09-30", "updatedFromDate": "2023-05-17"}, {"date": "2019-10-23", "symbol": "MICCF", "eps": -1.29, "epsEstimated": -0.11, "time": "bmo", "revenue": null, "revenueEstimated": 5602325.581395351, "fiscalDateEnding": "2019-09-30", "updatedFromDate": "2023-05-17"}, {"date": "2019-10-23", "symbol": "UPMKF", "eps": 0.5, "epsEstimated": 0.48, "time": "bmo", "revenue": null, "revenueEstimated": null, "fiscalDateEnding": "2019-09-30", "updatedFromDate": "2023-05-17"}, {"date": "2019-10-23", "symbol": "GD", "eps": 3.14, "epsEstimated": 3.06, "time": "bmo", "revenue": 9761000000, "revenueEstimated": 9512312101.910828, "fiscalDateEnding": "2019-09-28", "updatedFromDate": "2023-09-29"}, {"date": "2019-10-23", "symbol": "RILBA.CO", "eps": 9.34, "epsEstimated": 8.87, "time": "bmo", "revenue": 560458000, "revenueEstimated": null, "fiscalDateEnding": "2019-09-29", "updatedFromDate": "2023-07-24"}, {"date": "2019-10-23", "symbol": "BSX-PA", "eps": 0.39, "epsEstimated": 0.38, "time": "bmo", "revenue": 2707000000, "revenueEstimated": 2635763157, "fiscalDateEnding": "2019-09-30", "updatedFromDate": "2023-05-17"}, {"date": "2019-10-23", "symbol": "300142.SZ", "eps": 0.023, "epsEstimated": null, "time": "bmo", "revenue": 296962459.21, "revenueEstimated": null, "fiscalDateEnding": "2019-09-29", "updatedFromDate": "2023-08-16"}, {"date": "2019-10-23", "symbol": "WWLNF", "eps": null, "epsEstimated": null, "time": "bmo", "revenue": null, "revenueEstimated": null, "fiscalDateEnding": "2019-09-30", "updatedFromDate": "2023-05-17"}, {"date": "2019-10-23", "symbol": "NETM-B.ST", "eps": -0.04353, "epsEstimated": null, "time": "bmo", "revenue": 4131000, "revenueEstimated": null, "fiscalDateEnding": "2019-09-30", "updatedFromDate": "2023-08-16"}, {"date": "2019-10-23", "symbol": "REVXF", "eps": 0.12, "epsEstimated": 0.08, "time": "bmo", "revenue": null, "revenueEstimated": null, "fiscalDateEnding": "2019-09-30", "updatedFromDate": "2023-05-17"}, {"date": "2019-10-23", "symbol": "AEM.TO", "eps": 0.37, "epsEstimated": 0.28, "time": "bmo", "revenue": 682959000, "revenueEstimated": 516833837.8378379, "fiscalDateEnding": "2019-09-29", "updatedFromDate": "2023-05-17"}, {"date": "2019-10-23", "symbol": "UVSP", "eps": 0.57, "epsEstimated": 0.52, "time": "amc", "revenue": 59244000, "revenueEstimated": 51344800, "fiscalDateEnding": "2019-09-29", "updatedFromDate": "2023-09-29"}, {"date": "2019-10-23", "symbol": "603305.SS", "eps": 0.13, "epsEstimated": null, "time": "bmo", "revenue": 273900362.69, "revenueEstimated": null, "fiscalDateEnding": "2019-09-29", "updatedFromDate": "2023-08-16"}, {"date": "2019-10-23", "symbol": "BKU", "eps": 0.82, "epsEstimated": 0.72, "time": "bmo", "revenue": 223546000, "revenueEstimated": 209030025.97402596, "fiscalDateEnding": "2019-09-29", "updatedFromDate": "2023-09-29"}, {"date": "2019-10-23", "symbol": "MHO", "eps": 1.32, "epsEstimated": 0.99, "time": "bmo", "revenue": 653345000, "revenueEstimated": 490008750, "fiscalDateEnding": "2019-09-29", "updatedFromDate": "2023-09-29"}, {"date": "2019-10-23", "symbol": "000666.SZ", "eps": 0.03, "epsEstimated": null, "time": "bmo", "revenue": 1148283493.56, "revenueEstimated": null, "fiscalDateEnding": "2019-09-29", "updatedFromDate": "2023-05-17"}, {"date": "2019-10-23", "symbol": "010950.KS", "eps": 443, "epsEstimated": 1170.12, "time": "bmo", "revenue": 6476238000000, "revenueEstimated": null, "fiscalDateEnding": "2019-07-23", "updatedFromDate": "2023-05-17"}, {"date": "2019-10-23", "symbol": "PNDXF", "eps": 3.14, "epsEstimated": 3.1, "time": "bmo", "revenue": null, "revenueEstimated": null, "fiscalDateEnding": "2019-09-30", "updatedFromDate": "2023-05-17"}, {"date": "2019-10-23", "symbol": "CVI", "eps": 1.05, "epsEstimated": 0.78, "time": "amc", "revenue": 1622000000, "revenueEstimated": 1204914285.7142859, "fiscalDateEnding": "2019-09-29", "updatedFromDate": "2023-09-29"}, {"date": "2019-10-23", "symbol": "FBIN", "eps": 0.95, "epsEstimated": 0.98, "time": "amc", "revenue": 1459000000, "revenueEstimated": 1505073684.21053, "fiscalDateEnding": "2019-09-30", "updatedFromDate": "2023-09-29"}, {"date": "2019-10-23", "symbol": "GPOVY", "eps": 0.1, "epsEstimated": null, "time": "amc", "revenue": 25777832000, "revenueEstimated": null, "fiscalDateEnding": "2019-09-30", "updatedFromDate": "2023-09-29"}, {"date": "2019-10-23", "symbol": "ENEA.ST", "eps": 2.37, "epsEstimated": 2.35, "time": "bmo", "revenue": 250200000, "revenueEstimated": null, "fiscalDateEnding": "2019-09-29", "updatedFromDate": "2023-05-17"}, {"date": "2019-10-23", "symbol": "LRCX", "eps": 3.18, "epsEstimated": 3.01, "time": "amc", "revenue": 2165746000, "revenueEstimated": 2049967125.7861633, "fiscalDateEnding": "2019-09-28", "updatedFromDate": "2023-09-29"}, {"date": "2019-10-23", "symbol": "028260.KS", "eps": 1499.29, "epsEstimated": 1279.18, "time": "bmo", "revenue": 7697863122030, "revenueEstimated": null, "fiscalDateEnding": "2019-07-23", "updatedFromDate": "2023-05-17"}, {"date": "2019-10-23", "symbol": "TDY", "eps": 2.84, "epsEstimated": 2.53, "time": "bmo", "revenue": 802200000, "revenueEstimated": 714635915.4929578, "fiscalDateEnding": "2019-09-28", "updatedFromDate": "2023-09-29"}, {"date": "2019-10-23", "symbol": "4973.T", "eps": 29.15, "epsEstimated": null, "time": "bmo", "revenue": 3891657000, "revenueEstimated": null, "fiscalDateEnding": "2019-07-23", "updatedFromDate": "2023-10-17"}, {"date": "2019-10-23", "symbol": "W05.SI", "eps": null, "epsEstimated": null, "time": "bmo", "revenue": null, "revenueEstimated": null, "fiscalDateEnding": "2019-12-31", "updatedFromDate": "2023-05-17"}, {"date": "2019-10-23", "symbol": "000877.SZ", "eps": 0.4868, "epsEstimated": null, "time": "bmo", "revenue": 3281503446.09, "revenueEstimated": null, "fiscalDateEnding": "2019-09-29", "updatedFromDate": "2023-05-17"}, {"date": "2019-10-23", "symbol": "300070.SZ", "eps": 0.11, "epsEstimated": 0.04112, "time": "bmo", "revenue": 3553885853.9, "revenueEstimated": null, "fiscalDateEnding": "2019-09-29", "updatedFromDate": "2023-05-17"}, {"date": "2019-10-23", "symbol": "ORINF", "eps": 0.51, "epsEstimated": 0.49, "time": "bmo", "revenue": null, "revenueEstimated": null, "fiscalDateEnding": "2019-09-30", "updatedFromDate": "2023-05-17"}, {"date": "2019-10-23", "symbol": "STMEF", "eps": 0.34, "epsEstimated": 0.29, "time": "bmo", "revenue": null, "revenueEstimated": null, "fiscalDateEnding": "2019-09-30", "updatedFromDate": "2023-05-17"}, {"date": "2019-10-23", "symbol": "AKSO.OL", "eps": 0.37, "epsEstimated": 0.41, "time": "bmo", "revenue": null, "revenueEstimated": null, "fiscalDateEnding": "2019-07-23", "updatedFromDate": "2023-05-17"}, {"date": "2019-10-23", "symbol": "000062.SZ", "eps": null, "epsEstimated": null, "time": "bmo", "revenue": null, "revenueEstimated": null, "fiscalDateEnding": "2019-09-30", "updatedFromDate": "2023-05-17"}, {"date": "2019-10-23", "symbol": "ADEVF", "eps": null, "epsEstimated": null, "time": "bmo", "revenue": null, "revenueEstimated": null, "fiscalDateEnding": "2019-09-30", "updatedFromDate": "2023-05-17"}, {"date": "2019-10-23", "symbol": "GRPRF", "eps": null, "epsEstimated": null, "time": "bmo", "revenue": null, "revenueEstimated": null, "fiscalDateEnding": "2019-09-30", "updatedFromDate": "2023-05-17"}, {"date": "2019-10-23", "symbol": "MMLP", "eps": 0.06, "epsEstimated": 0.08, "time": "amc", "revenue": 177900000, "revenueEstimated": 32345454.545454558, "fiscalDateEnding": "2019-09-29", "updatedFromDate": "2023-09-29"}, {"date": "2019-10-23", "symbol": "ESRT", "eps": 0.09, "epsEstimated": 0.08, "time": "amc", "revenue": 192873000, "revenueEstimated": 171442666.6666667, "fiscalDateEnding": "2019-09-29", "updatedFromDate": "2023-09-29"}, {"date": "2019-10-23", "symbol": "SLM", "eps": 0.29, "epsEstimated": 0.25, "time": "amc", "revenue": 422306000, "revenueEstimated": 508957758.6206897, "fiscalDateEnding": "2019-09-29", "updatedFromDate": "2023-09-29"}, {"date": "2019-10-23", "symbol": "RUSHA", "eps": 0.47, "epsEstimated": 0.48, "time": "amc", "revenue": 1599265000, "revenueEstimated": 1530725071.4285717, "fiscalDateEnding": "2019-09-29", "updatedFromDate": "2023-09-29"}, {"date": "2019-10-23", "symbol": "NDAQ", "eps": 0.42, "epsEstimated": 0.4, "time": "bmo", "revenue": 1096000000, "revenueEstimated": 1044220472.4409449, "fiscalDateEnding": "2019-09-29", "updatedFromDate": "2023-09-29"}, {"date": "2019-10-23", "symbol": "7949.T", "eps": 5.73, "epsEstimated": null, "time": "bmo", "revenue": 6642000000, "revenueEstimated": null, "fiscalDateEnding": "2019-07-23", "updatedFromDate": "2023-10-17"}, {"date": "2019-10-23", "symbol": "ALKS", "eps": -0.04, "epsEstimated": -0.2, "time": "bmo", "revenue": 255243000, "revenueEstimated": 1340025749.9999998, "fiscalDateEnding": "2019-09-29", "updatedFromDate": "2023-09-29"}, {"date": "2019-10-23", "symbol": "F&D.BK", "eps": 0.34, "epsEstimated": 0.26, "time": "bmo", "revenue": null, "revenueEstimated": null, "fiscalDateEnding": "2019-09-30", "updatedFromDate": "2023-05-17"}, {"date": "2019-10-23", "symbol": "ORINY", "eps": 0.28, "epsEstimated": null, "time": "bmo", "revenue": 283700000, "revenueEstimated": null, "fiscalDateEnding": "2019-09-30", "updatedFromDate": "2023-09-29"}, {"date": "2019-10-23", "symbol": "OC", "eps": 1.63, "epsEstimated": 1.49, "time": "bmo", "revenue": 1883000000, "revenueEstimated": 1721269938.650307, "fiscalDateEnding": "2019-09-29", "updatedFromDate": "2023-09-29"}, {"date": "2019-10-23", "symbol": "TELNY", "eps": -0.05, "epsEstimated": null, "time": "bmo", "revenue": 29462000000, "revenueEstimated": null, "fiscalDateEnding": "2019-09-30", "updatedFromDate": "2023-09-29"}, {"date": "2019-10-23", "symbol": "EIG", "eps": 0.88, "epsEstimated": 0.67, "time": "amc", "revenue": 201000000, "revenueEstimated": 134076136.36363637, "fiscalDateEnding": "2019-09-29", "updatedFromDate": "2023-09-29"}, {"date": "2019-10-23", "symbol": "FSB", "eps": 0.75, "epsEstimated": 0.66, "time": "bmo", "revenue": 33055000, "revenueEstimated": 45165120, "fiscalDateEnding": "2019-09-29", "updatedFromDate": "2023-05-17"}, {"date": "2019-10-23", "symbol": "NESTE.HE", "eps": 0.35, "epsEstimated": 0.45, "time": "bmo", "revenue": 3962000000, "revenueEstimated": null, "fiscalDateEnding": "2019-09-29", "updatedFromDate": "2023-05-17"}, {"date": "2019-10-23", "symbol": "6858.T", "eps": -11.81314, "epsEstimated": null, "time": "bmo", "revenue": 2460000000, "revenueEstimated": null, "fiscalDateEnding": "2019-09-29", "updatedFromDate": "2023-05-17"}, {"date": "2019-10-23", "symbol": "FSV", "eps": 0.92, "epsEstimated": 1.04, "time": "bmo", "revenue": 672253000, "revenueEstimated": 752631076.0869564, "fiscalDateEnding": "2019-09-30", "updatedFromDate": "2023-09-29"}, {"date": "2019-10-23", "symbol": "RES", "eps": -0.08, "epsEstimated": -0.00042, "time": "bmo", "revenue": 293240000, "revenueEstimated": null, "fiscalDateEnding": "2019-09-29", "updatedFromDate": "2023-09-29"}, {"date": "2019-10-23", "symbol": "002003.SZ", "eps": 0.15, "epsEstimated": null, "time": "bmo", "revenue": 736491504.07, "revenueEstimated": null, "fiscalDateEnding": "2019-09-29", "updatedFromDate": "2023-05-17"}, {"date": "2019-10-23", "symbol": "MSA", "eps": 1.15, "epsEstimated": 1.18, "time": "amc", "revenue": 351014000, "revenueEstimated": 360170886.95652175, "fiscalDateEnding": "2019-09-29", "updatedFromDate": "2023-09-29"}, {"date": "2019-10-23", "symbol": "MTL.TO", "eps": 0.2, "epsEstimated": 0.17, "time": "bmo", "revenue": 325298000, "revenueEstimated": null, "fiscalDateEnding": "2019-09-29", "updatedFromDate": "2023-05-17"}, {"date": "2019-10-23", "symbol": "ICLR", "eps": 1.74, "epsEstimated": 1.74, "time": "amc", "revenue": 710441000, "revenueEstimated": 710441000, "fiscalDateEnding": "2019-09-30", "updatedFromDate": "2023-09-29"}, {"date": "2019-10-23", "symbol": "LSTR", "eps": 1.35, "epsEstimated": 1.43, "time": "amc", "revenue": 1011658000, "revenueEstimated": 1073001029.6296295, "fiscalDateEnding": "2019-09-27", "updatedFromDate": "2023-09-29"}, {"date": "2019-10-23", "symbol": "002008.SZ", "eps": 0.21, "epsEstimated": 0.26, "time": "bmo", "revenue": 2209520936.34, "revenueEstimated": null, "fiscalDateEnding": "2019-09-30", "updatedFromDate": "2023-08-25"}, {"date": "2019-10-23", "symbol": "KNEBV.HE", "eps": 0.48, "epsEstimated": 0.49, "time": "bmo", "revenue": 2557600000, "revenueEstimated": null, "fiscalDateEnding": "2019-09-30", "updatedFromDate": "2023-05-17"}, {"date": "2019-10-23", "symbol": "CWBK", "eps": 0.52, "epsEstimated": null, "time": "bmo", "revenue": null, "revenueEstimated": null, "fiscalDateEnding": "2019-09-30", "updatedFromDate": "2023-09-29"}, {"date": "2019-10-23", "symbol": "ALXN", "eps": 2.79, "epsEstimated": 2.47, "time": "bmo", "revenue": 1263100000, "revenueEstimated": 1118228315.4121864, "fiscalDateEnding": "2019-09-29", "updatedFromDate": "2023-05-17"}, {"date": "2019-10-23", "symbol": "NOW", "eps": 0.99, "epsEstimated": 0.89, "time": "amc", "revenue": 885833000, "revenueEstimated": 796354919.1919192, "fiscalDateEnding": "2019-09-29", "updatedFromDate": "2023-09-29"}, {"date": "2019-10-23", "symbol": "CUZ", "eps": 0.14, "epsEstimated": 0.09, "time": "amc", "revenue": 188323000, "revenueEstimated": 121064785.7142857, "fiscalDateEnding": "2019-09-29", "updatedFromDate": "2023-09-29"}, {"date": "2019-10-23", "symbol": "002225.SZ", "eps": 0.07, "epsEstimated": null, "time": "bmo", "revenue": 985919754.7, "revenueEstimated": null, "fiscalDateEnding": "2019-09-29", "updatedFromDate": "2023-05-17"}, {"date": "2019-10-23", "symbol": "WPG", "eps": -0.18, "epsEstimated": -0.9, "time": "amc", "revenue": 161204000, "revenueEstimated": 806020000, "fiscalDateEnding": "2019-09-29", "updatedFromDate": "2023-05-17"}, {"date": "2019-10-23", "symbol": "BOLIF", "eps": 5.05, "epsEstimated": 4.5, "time": "bmo", "revenue": null, "revenueEstimated": null, "fiscalDateEnding": "2019-09-30", "updatedFromDate": "2023-05-17"}, {"date": "2019-10-23", "symbol": "LBC", "eps": 0.23, "epsEstimated": 0.2, "time": "amc", "revenue": 33578000, "revenueEstimated": 29198260.869565215, "fiscalDateEnding": "2019-09-29", "updatedFromDate": "2023-09-29"}, {"date": "2019-10-23", "symbol": "MTTRY", "eps": 0.11, "epsEstimated": null, "time": "bmo", "revenue": 21455000000, "revenueEstimated": null, "fiscalDateEnding": "2019-09-30", "updatedFromDate": "2023-09-29"}, {"date": "2019-10-23", "symbol": "SEIC", "eps": 0.86, "epsEstimated": 0.83, "time": "amc", "revenue": 416254000, "revenueEstimated": 401733511.627907, "fiscalDateEnding": "2019-09-29", "updatedFromDate": "2023-09-29"}, {"date": "2019-10-23", "symbol": "KRC", "eps": 0.41, "epsEstimated": 0.37, "time": "amc", "revenue": 215525000, "revenueEstimated": 194498170.73170733, "fiscalDateEnding": "2019-09-29", "updatedFromDate": "2023-09-29"}, {"date": "2019-10-23", "symbol": "CHX", "eps": 0.27, "epsEstimated": 0.33, "time": "bmo", "revenue": 278381000, "revenueEstimated": 328995727, "fiscalDateEnding": "2019-09-29", "updatedFromDate": "2023-09-29"}, {"date": "2019-10-23", "symbol": "002182.SZ", "eps": 0.371, "epsEstimated": null, "time": "bmo", "revenue": 1473536406.9, "revenueEstimated": null, "fiscalDateEnding": "2019-09-29", "updatedFromDate": "2023-05-17"}, {"date": "2019-10-23", "symbol": "SHB-A.ST", "eps": 1.81, "epsEstimated": 2.07, "time": "bmo", "revenue": 11103000000, "revenueEstimated": null, "fiscalDateEnding": "2019-09-29", "updatedFromDate": "2023-05-17"}, {"date": "2019-10-23", "symbol": "NHY.OL", "eps": 0.33, "epsEstimated": 0.23, "time": "bmo", "revenue": 37517000000, "revenueEstimated": null, "fiscalDateEnding": "2019-09-30", "updatedFromDate": "2023-05-17"}, {"date": "2019-10-23", "symbol": "ALCA.ST", "eps": 0.19, "epsEstimated": 0.45, "time": "bmo", "revenue": 101800000, "revenueEstimated": null, "fiscalDateEnding": "2019-09-29", "updatedFromDate": "2023-08-16"}, {"date": "2019-10-23", "symbol": "AZNCF", "eps": 0.99, "epsEstimated": 0.96, "time": "bmo", "revenue": null, "revenueEstimated": null, "fiscalDateEnding": "2019-09-30", "updatedFromDate": "2023-05-17"}, {"date": "2019-10-23", "symbol": "BACHOCOB.MX", "eps": 1.85, "epsEstimated": 1.56, "time": "bmo", "revenue": null, "revenueEstimated": null, "fiscalDateEnding": "2019-09-30", "updatedFromDate": "2023-08-16"}, {"date": "2019-10-23", "symbol": "ALTA", "eps": 0.59, "epsEstimated": 0.59, "time": "bmo", "revenue": 32658000, "revenueEstimated": 10670000, "fiscalDateEnding": "2019-09-29", "updatedFromDate": "2023-05-17"}, {"date": "2019-10-23", "symbol": "002351.SZ", "eps": 0.0222, "epsEstimated": null, "time": "bmo", "revenue": 275548378.14, "revenueEstimated": null, "fiscalDateEnding": "2019-09-29", "updatedFromDate": "2023-05-17"}, {"date": "2019-10-23", "symbol": "IVZ", "eps": 0.7, "epsEstimated": 0.57, "time": "bmo", "revenue": 1720600000, "revenueEstimated": 1401060000, "fiscalDateEnding": "2019-09-29", "updatedFromDate": "2023-09-29"}, {"date": "2019-10-23", "symbol": "300653.SZ", "eps": null, "epsEstimated": null, "time": "bmo", "revenue": null, "revenueEstimated": null, "fiscalDateEnding": "2019-09-30", "updatedFromDate": "2023-05-17"}, {"date": "2019-10-23", "symbol": "CSNA3.SA", "eps": -0.72, "epsEstimated": 0.06, "time": "bmo", "revenue": 6006393000, "revenueEstimated": null, "fiscalDateEnding": "2019-09-29", "updatedFromDate": "2023-05-17"}, {"date": "2019-10-23", "symbol": "RCI", "eps": 0.91, "epsEstimated": 1, "time": "bmo", "revenue": 3754000000, "revenueEstimated": 4132554621.8487396, "fiscalDateEnding": "2019-09-30", "updatedFromDate": "2023-09-29"}, {"date": "2019-10-23", "symbol": "PION-B.ST", "eps": 0.19, "epsEstimated": null, "time": "bmo", "revenue": 420100000, "revenueEstimated": null, "fiscalDateEnding": "2019-09-29", "updatedFromDate": "2023-08-16"}, {"date": "2019-10-23", "symbol": "TECK-B.TO", "eps": 0.72, "epsEstimated": 0.66, "time": "bmo", "revenue": 3035000000, "revenueEstimated": null, "fiscalDateEnding": "2019-09-29", "updatedFromDate": "2023-05-17"}, {"date": "2019-10-23", "symbol": "ALSEA.MX", "eps": 0.23, "epsEstimated": 0.3, "time": "bmo", "revenue": 14490497000, "revenueEstimated": null, "fiscalDateEnding": "2019-09-29", "updatedFromDate": "2023-05-17"}, {"date": "2019-10-23", "symbol": "NHYDY", "eps": 0.04, "epsEstimated": null, "time": "bmo", "revenue": 37517000000, "revenueEstimated": null, "fiscalDateEnding": "2019-09-30", "updatedFromDate": "2023-09-29"}, {"date": "2019-10-23", "symbol": "EVR", "eps": 1.26, "epsEstimated": 1.63, "time": "bmo", "revenue": 402198000, "revenueEstimated": 527633587.3015872, "fiscalDateEnding": "2019-09-29", "updatedFromDate": "2023-09-29"}, {"date": "2019-10-23", "symbol": "ALGN", "eps": 1.28, "epsEstimated": 1.14, "time": "amc", "revenue": 607341000, "revenueEstimated": 540913078.1249999, "fiscalDateEnding": "2019-09-29", "updatedFromDate": "2023-09-29"}, {"date": "2019-10-23", "symbol": "002926.SZ", "eps": 0.1, "epsEstimated": null, "time": "bmo", "revenue": 793827152.18, "revenueEstimated": null, "fiscalDateEnding": "2019-09-29", "updatedFromDate": "2023-05-17"}, {"date": "2019-10-23", "symbol": "ARHUF", "eps": 1.53, "epsEstimated": 1.62, "time": "bmo", "revenue": null, "revenueEstimated": null, "fiscalDateEnding": "2019-09-30", "updatedFromDate": "2023-05-17"}, {"date": "2019-10-23", "symbol": "ASGN", "eps": 1.31, "epsEstimated": 1.23, "time": "amc", "revenue": 1002700000, "revenueEstimated": 941466412.2137403, "fiscalDateEnding": "2019-09-29", "updatedFromDate": "2023-09-29"}, {"date": "2019-10-23", "symbol": "BBAJIOO.MX", "eps": 1.17, "epsEstimated": 1.12, "time": "bmo", "revenue": 3767000000, "revenueEstimated": null, "fiscalDateEnding": "2019-09-29", "updatedFromDate": "2023-08-16"}, {"date": "2019-10-23", "symbol": "030000.KS", "eps": 344, "epsEstimated": 318.96, "time": "bmo", "revenue": 903478546910, "revenueEstimated": null, "fiscalDateEnding": "2019-07-23", "updatedFromDate": "2023-05-17"}, {"date": "2019-10-23", "symbol": "INWI.ST", "eps": 2.56, "epsEstimated": 2.2, "time": "bmo", "revenue": 1664700000, "revenueEstimated": null, "fiscalDateEnding": "2019-09-29", "updatedFromDate": "2023-05-17"}, {"date": "2019-10-23", "symbol": "LUNMF", "eps": 0.04, "epsEstimated": 0.07, "time": "bmo", "revenue": 538715000, "revenueEstimated": null, "fiscalDateEnding": "2019-09-30", "updatedFromDate": "2023-09-29"}, {"date": "2019-10-23", "symbol": "RJF", "eps": 1.33, "epsEstimated": 1.27, "time": "amc", "revenue": 1999000000, "revenueEstimated": 1980750000, "fiscalDateEnding": "2019-09-29", "updatedFromDate": "2023-09-29"}, {"date": "2019-10-23", "symbol": "002267.SZ", "eps": 0.02, "epsEstimated": 0.02667, "time": "bmo", "revenue": 1372898664.06, "revenueEstimated": null, "fiscalDateEnding": "2019-09-29", "updatedFromDate": "2023-05-17"}, {"date": "2019-10-23", "symbol": "002690.SZ", "eps": 0.2879, "epsEstimated": null, "time": "bmo", "revenue": 462103374.46, "revenueEstimated": null, "fiscalDateEnding": "2019-09-29", "updatedFromDate": "2023-08-16"}, {"date": "2019-10-23", "symbol": "ROL", "eps": 0.15, "epsEstimated": 0.15, "time": "bmo", "revenue": 556466000, "revenueEstimated": 480584272.72727275, "fiscalDateEnding": "2019-09-29", "updatedFromDate": "2023-09-29"}, {"date": "2019-10-23", "symbol": "ALDMS.PA", "eps": null, "epsEstimated": null, "time": "bmo", "revenue": null, "revenueEstimated": null, "fiscalDateEnding": "2019-09-30", "updatedFromDate": "2023-07-04"}, {"date": "2019-10-23", "symbol": "SCL", "eps": 1.2, "epsEstimated": 1.14, "time": "bmo", "revenue": 451582000, "revenueEstimated": 429002900, "fiscalDateEnding": "2019-09-29", "updatedFromDate": "2023-09-29"}, {"date": "2019-10-23", "symbol": "HLT", "eps": 1.05, "epsEstimated": 1.02, "time": "bmo", "revenue": 2395000000, "revenueEstimated": 2326571428.571429, "fiscalDateEnding": "2019-09-29", "updatedFromDate": "2023-09-29"}, {"date": "2019-10-23", "symbol": "ABMAF", "eps": null, "epsEstimated": null, "time": "bmo", "revenue": null, "revenueEstimated": null, "fiscalDateEnding": "2019-09-30", "updatedFromDate": "2023-05-17"}, {"date": "2019-10-23", "symbol": "002132.SZ", "eps": -0.021, "epsEstimated": null, "time": "bmo", "revenue": 872013174.13, "revenueEstimated": null, "fiscalDateEnding": "2019-07-23", "updatedFromDate": "2023-05-17"}, {"date": "2019-10-23", "symbol": "FXNC", "eps": 0.5, "epsEstimated": null, "time": "bmo", "revenue": 9037000, "revenueEstimated": null, "fiscalDateEnding": "2019-09-29", "updatedFromDate": "2023-09-29"}, {"date": "2019-10-23", "symbol": "FNOXF", "eps": 0.72, "epsEstimated": 0.69, "time": "bmo", "revenue": null, "revenueEstimated": null, "fiscalDateEnding": "2019-09-30", "updatedFromDate": "2023-08-16"}, {"date": "2019-10-23", "symbol": "002217.SZ", "eps": 0.0475, "epsEstimated": null, "time": "bmo", "revenue": 4550138428.31, "revenueEstimated": null, "fiscalDateEnding": "2019-09-29", "updatedFromDate": "2023-05-17"}, {"date": "2019-10-23", "symbol": "600189.SS", "eps": 0.02, "epsEstimated": null, "time": "bmo", "revenue": 414753989.72, "revenueEstimated": null, "fiscalDateEnding": "2019-09-29", "updatedFromDate": "2023-05-17"}, {"date": "2019-10-23", "symbol": "KGSDF", "eps": 1.11, "epsEstimated": 1.17, "time": "bmo", "revenue": null, "revenueEstimated": null, "fiscalDateEnding": "2019-09-30", "updatedFromDate": "2023-05-17"}, {"date": "2019-10-23", "symbol": "002540.SZ", "eps": 0.0641, "epsEstimated": null, "time": "bmo", "revenue": 868732333.29, "revenueEstimated": null, "fiscalDateEnding": "2019-09-29", "updatedFromDate": "2023-05-17"}, {"date": "2019-10-23", "symbol": "NENTF", "eps": 3.45, "epsEstimated": 3.44, "time": "bmo", "revenue": null, "revenueEstimated": null, "fiscalDateEnding": "2019-09-30", "updatedFromDate": "2023-05-17"}, {"date": "2019-10-23", "symbol": "BXMT", "eps": 0.64, "epsEstimated": 0.64, "time": "amc", "revenue": 101916000, "revenueEstimated": 213873000, "fiscalDateEnding": "2019-09-29", "updatedFromDate": "2023-09-29"}, {"date": "2019-10-23", "symbol": "EBAY", "eps": 0.67, "epsEstimated": 0.65, "time": "amc", "revenue": 2649000000, "revenueEstimated": 2530388059.7014923, "fiscalDateEnding": "2019-09-29", "updatedFromDate": "2023-09-29"}, {"date": "2019-10-23", "symbol": "UFPI", "eps": 0.84, "epsEstimated": 0.76, "time": "amc", "revenue": 1163026000, "revenueEstimated": 1052261619.0476191, "fiscalDateEnding": "2019-09-27", "updatedFromDate": "2023-09-29"}, {"date": "2019-10-23", "symbol": "ORXOF", "eps": 3.16, "epsEstimated": 2.22, "time": "bmo", "revenue": null, "revenueEstimated": null, "fiscalDateEnding": "2019-09-30", "updatedFromDate": "2023-05-17"}, {"date": "2019-10-23", "symbol": "002335.SZ", "eps": 0.09412, "epsEstimated": null, "time": "bmo", "revenue": 954154634.45, "revenueEstimated": null, "fiscalDateEnding": "2019-09-29", "updatedFromDate": "2023-08-16"}, {"date": "2019-10-23", "symbol": "LAD", "eps": 3.39, "epsEstimated": 3.09, "time": "bmo", "revenue": 3332400000, "revenueEstimated": 3037497345.132743, "fiscalDateEnding": "2019-09-29", "updatedFromDate": "2023-09-29"}, {"date": "2019-10-23", "symbol": "FMNB", "eps": 0.33, "epsEstimated": 0.32, "time": "bmo", "revenue": 28198000, "revenueEstimated": 27343515.151515152, "fiscalDateEnding": "2019-09-29", "updatedFromDate": "2023-09-29"}, {"date": "2019-10-23", "symbol": "VGZ", "eps": -0.02, "epsEstimated": -0.02, "time": "bmo", "revenue": null, "revenueEstimated": null, "fiscalDateEnding": "2019-09-29", "updatedFromDate": "2023-09-29"}, {"date": "2019-10-23", "symbol": "NVZMY", "eps": 0.33, "epsEstimated": 0.43, "time": "bmo", "revenue": 3704000000, "revenueEstimated": null, "fiscalDateEnding": "2019-09-30", "updatedFromDate": "2023-09-29"}, {"date": "2019-10-23", "symbol": "002632.SZ", "eps": 0.15, "epsEstimated": 0.15, "time": "bmo", "revenue": 423218147.54, "revenueEstimated": null, "fiscalDateEnding": "2019-12-30", "updatedFromDate": "2023-05-17"}, {"date": "2019-10-23", "symbol": "CBAOF", "eps": 1.77, "epsEstimated": 0.72, "time": "bmo", "revenue": null, "revenueEstimated": null, "fiscalDateEnding": "2019-09-30", "updatedFromDate": "2023-05-17"}, {"date": "2019-10-23", "symbol": "NWFL", "eps": 0.62, "epsEstimated": null, "time": "bmo", "revenue": 11773000, "revenueEstimated": null, "fiscalDateEnding": "2019-09-29", "updatedFromDate": "2023-09-29"}, {"date": "2019-10-23", "symbol": "002373.SZ", "eps": 0.15, "epsEstimated": null, "time": "bmo", "revenue": 2107447929.05, "revenueEstimated": null, "fiscalDateEnding": "2019-09-29", "updatedFromDate": "2023-08-16"}, {"date": "2019-10-23", "symbol": "COYJF", "eps": 0.2, "epsEstimated": 0.2, "time": "bmo", "revenue": null, "revenueEstimated": null, "fiscalDateEnding": "2019-09-30", "updatedFromDate": "2023-05-17"}, {"date": "2019-10-23", "symbol": "EURMF", "eps": null, "epsEstimated": null, "time": "bmo", "revenue": null, "revenueEstimated": null, "fiscalDateEnding": "2019-09-30", "updatedFromDate": "2023-05-17"}, {"date": "2019-10-23", "symbol": "ASRMF", "eps": 4.38, "epsEstimated": 4.05, "time": "bmo", "revenue": null, "revenueEstimated": null, "fiscalDateEnding": "2019-09-30", "updatedFromDate": "2023-05-17"}, {"date": "2019-10-23", "symbol": "CAT", "eps": 2.66, "epsEstimated": 2.88, "time": "bmo", "revenue": 12758000000, "revenueEstimated": 13813172932.330826, "fiscalDateEnding": "2019-09-29", "updatedFromDate": "2023-09-29"}, {"date": "2019-10-23", "symbol": "012510.KS", "eps": 345, "epsEstimated": 279, "time": "bmo", "revenue": 77431278400, "revenueEstimated": null, "fiscalDateEnding": "2019-07-23", "updatedFromDate": "2023-05-17"}, {"date": "2019-10-23", "symbol": "WSBF", "eps": 0.42, "epsEstimated": 0.31, "time": "bmo", "revenue": 49790000, "revenueEstimated": 37383047.61904762, "fiscalDateEnding": "2019-09-29", "updatedFromDate": "2023-09-29"}, {"date": "2019-10-23", "symbol": "SCR", "eps": -0.2, "epsEstimated": -0.23, "time": "amc", "revenue": 6407000, "revenueEstimated": null, "fiscalDateEnding": "2019-08-30", "updatedFromDate": "2023-05-17"}, {"date": "2019-10-23", "symbol": "SWDCF", "eps": 0.11, "epsEstimated": 0.09, "time": "bmo", "revenue": null, "revenueEstimated": null, "fiscalDateEnding": "2019-09-30", "updatedFromDate": "2023-05-17"}, {"date": "2019-10-23", "symbol": "KOYJF", "eps": 0.27, "epsEstimated": 0.27, "time": "bmo", "revenue": null, "revenueEstimated": 3948970, "fiscalDateEnding": "2019-09-30", "updatedFromDate": "2023-05-17"}, {"date": "2019-10-23", "symbol": "GMBXF", "eps": 0.04, "epsEstimated": 0.05, "time": "bmo", "revenue": 2793883000, "revenueEstimated": null, "fiscalDateEnding": "2019-09-30", "updatedFromDate": "2023-05-17"}, {"date": "2019-10-23", "symbol": "LMST", "eps": 0.31, "epsEstimated": 0.33, "time": "bmo", "revenue": 9964000, "revenueEstimated": 10926193.548387095, "fiscalDateEnding": "2019-09-29", "updatedFromDate": "2023-09-29"}, {"date": "2019-10-23", "symbol": "192080.KS", "eps": 1806, "epsEstimated": 1616.88, "time": "bmo", "revenue": 130099887530, "revenueEstimated": null, "fiscalDateEnding": "2019-09-29", "updatedFromDate": "2023-08-16"}, {"date": "2019-10-23", "symbol": "COFA.PA", "eps": 0.2575, "epsEstimated": null, "time": "bmo", "revenue": 377272000, "revenueEstimated": null, "fiscalDateEnding": "2019-09-30", "updatedFromDate": "2023-08-25"}, {"date": "2019-10-23", "symbol": "MORN", "eps": 1.39, "epsEstimated": null, "time": "amc", "revenue": 313800000, "revenueEstimated": null, "fiscalDateEnding": "2019-09-29", "updatedFromDate": "2023-09-29"}, {"date": "2019-10-23", "symbol": "MKSI", "eps": 1.12, "epsEstimated": 0.86, "time": "amc", "revenue": 462451000, "revenueEstimated": 359225330.3571428, "fiscalDateEnding": "2019-09-29", "updatedFromDate": "2023-09-29"}, {"date": "2019-10-23", "symbol": "NOLA-B.ST", "eps": 0.71, "epsEstimated": 0.65, "time": "bmo", "revenue": 1980000000, "revenueEstimated": null, "fiscalDateEnding": "2019-09-29", "updatedFromDate": "2023-05-17"}, {"date": "2019-10-23", "symbol": "ATNI", "eps": 0.09, "epsEstimated": 0.0065, "time": "amc", "revenue": 115616000, "revenueEstimated": 12846222.222222215, "fiscalDateEnding": "2019-09-29", "updatedFromDate": "2023-09-29"}, {"date": "2019-10-23", "symbol": "OSBC", "eps": 0.4, "epsEstimated": 0.31, "time": "amc", "revenue": 36434000, "revenueEstimated": 28452574.999999996, "fiscalDateEnding": "2019-09-29", "updatedFromDate": "2023-09-29"}, {"date": "2019-10-23", "symbol": "1020.SR", "eps": 0.32, "epsEstimated": 0.33, "time": "bmo", "revenue": 817089000, "revenueEstimated": null, "fiscalDateEnding": "2019-07-23", "updatedFromDate": "2023-05-17"}, {"date": "2019-10-23", "symbol": "002049.SZ", "eps": 0.2839, "epsEstimated": null, "time": "bmo", "revenue": 929921907.16, "revenueEstimated": null, "fiscalDateEnding": "2019-09-29", "updatedFromDate": "2023-08-16"}, {"date": "2019-10-23", "symbol": "002724.SZ", "eps": 0.0893, "epsEstimated": null, "time": "bmo", "revenue": 336928571.55, "revenueEstimated": null, "fiscalDateEnding": "2019-09-29", "updatedFromDate": "2023-05-17"}, {"date": "2019-10-23", "symbol": "JRONF", "eps": 0.19, "epsEstimated": 0.19, "time": "bmo", "revenue": null, "revenueEstimated": null, "fiscalDateEnding": "2019-09-30", "updatedFromDate": "2023-05-17"}, {"date": "2019-10-23", "symbol": "SLMBP", "eps": 0.29, "epsEstimated": 0.25, "time": "bmo", "revenue": 422306000, "revenueEstimated": 349193965.5172414, "fiscalDateEnding": "2019-09-29", "updatedFromDate": "2023-05-17"}, {"date": "2019-10-23", "symbol": "CMZOF", "eps": null, "epsEstimated": null, "time": "bmo", "revenue": null, "revenueEstimated": null, "fiscalDateEnding": "2019-09-30", "updatedFromDate": "2023-05-17"}, {"date": "2019-10-23", "symbol": "XLNX", "eps": 0.89, "epsEstimated": 0.9, "time": "amc", "revenue": 833366000, "revenueEstimated": 842729662.9213483, "fiscalDateEnding": "2019-09-27", "updatedFromDate": "2023-05-17"}, {"date": "2019-10-23", "symbol": "KALU", "eps": 1.82, "epsEstimated": 1.9, "time": "amc", "revenue": 374900000, "revenueEstimated": 391379120.8791208, "fiscalDateEnding": "2019-09-29", "updatedFromDate": "2023-09-29"}, {"date": "2019-10-23", "symbol": "GPOVF", "eps": null, "epsEstimated": null, "time": "bmo", "revenue": null, "revenueEstimated": null, "fiscalDateEnding": "2019-09-30", "updatedFromDate": "2023-08-16"}, {"date": "2019-10-23", "symbol": "WSBC", "eps": 0.71, "epsEstimated": 0.78, "time": "amc", "revenue": 123070000, "revenueEstimated": 136545042.25352114, "fiscalDateEnding": "2019-09-29", "updatedFromDate": "2023-09-29"}, {"date": "2019-10-23", "symbol": "GFINBURO.MX", "eps": 0.4, "epsEstimated": 0.64, "time": "bmo", "revenue": null, "revenueEstimated": null, "fiscalDateEnding": "2019-09-30", "updatedFromDate": "2023-05-17"}, {"date": "2019-10-23", "symbol": "IDBHF", "eps": 1.85, "epsEstimated": 1.56, "time": "bmo", "revenue": null, "revenueEstimated": null, "fiscalDateEnding": "2019-09-30", "updatedFromDate": "2023-08-16"}, {"date": "2019-10-23", "symbol": "SZCRF", "eps": 0.62, "epsEstimated": 0.61, "time": "bmo", "revenue": null, "revenueEstimated": null, "fiscalDateEnding": "2019-09-30", "updatedFromDate": "2023-08-16"}, {"date": "2019-10-23", "symbol": "MLRYY", "eps": 17.16, "epsEstimated": 13.35, "time": "bmo", "revenue": null, "revenueEstimated": null, "fiscalDateEnding": "2019-09-30", "updatedFromDate": "2023-09-29"}, {"date": "2019-10-23", "symbol": "600467.SS", "eps": 0.02529, "epsEstimated": null, "time": "bmo", "revenue": 306401276.78, "revenueEstimated": null, "fiscalDateEnding": "2019-12-30", "updatedFromDate": "2023-05-17"}, {"date": "2019-10-23", "symbol": "LACOMERUBC.MX", "eps": 0.21, "epsEstimated": 0.2, "time": "bmo", "revenue": null, "revenueEstimated": null, "fiscalDateEnding": "2019-09-30", "updatedFromDate": "2023-05-17"}, {"date": "2019-10-23", "symbol": "WALMEX.MX", "eps": 0.53, "epsEstimated": 0.52, "time": "bmo", "revenue": null, "revenueEstimated": null, "fiscalDateEnding": "2019-09-30", "updatedFromDate": "2023-05-17"}, {"date": "2019-10-23", "symbol": "ABBN.SW", "eps": 0.33, "epsEstimated": 0.23, "time": "bmo", "revenue": 6892000000, "revenueEstimated": null, "fiscalDateEnding": "2019-09-29", "updatedFromDate": "2023-05-17"}, {"date": "2019-10-23", "symbol": "002293.SZ", "eps": 0.1813, "epsEstimated": null, "time": "bmo", "revenue": 1207843235.58, "revenueEstimated": null, "fiscalDateEnding": "2019-09-29", "updatedFromDate": "2023-05-17"}, {"date": "2019-10-23", "symbol": "ESSA", "eps": 0.35, "epsEstimated": 0.3, "time": "bmo", "revenue": 13779000, "revenueEstimated": 11492500, "fiscalDateEnding": "2019-09-29", "updatedFromDate": "2023-09-29"}, {"date": "2019-10-23", "symbol": "PNR", "eps": 0.58, "epsEstimated": 0.55, "time": "bmo", "revenue": 713600000, "revenueEstimated": 676689655.1724138, "fiscalDateEnding": "2019-09-29", "updatedFromDate": "2023-09-29"}, {"date": "2019-10-23", "symbol": "PLXS", "eps": 0.93, "epsEstimated": 0.86, "time": "amc", "revenue": 810195000, "revenueEstimated": 749212580.6451613, "fiscalDateEnding": "2019-09-27", "updatedFromDate": "2023-09-29"}, {"date": "2019-10-23", "symbol": "034220.KS", "eps": -1172, "epsEstimated": -823.64, "time": "bmo", "revenue": 5821681000000, "revenueEstimated": null, "fiscalDateEnding": "2019-09-29", "updatedFromDate": "2023-05-17"}, {"date": "2019-10-23", "symbol": "ORRF", "eps": 0.46, "epsEstimated": 0.48, "time": "bmo", "revenue": 26432000, "revenueEstimated": 27862956.52173913, "fiscalDateEnding": "2019-09-29", "updatedFromDate": "2023-09-29"}, {"date": "2019-10-23", "symbol": "SLGN", "eps": 0.76, "epsEstimated": 0.76, "time": "bmo", "revenue": 1321300000, "revenueEstimated": 1321342000, "fiscalDateEnding": "2019-09-29", "updatedFromDate": "2023-09-29"}, {"date": "2019-10-23", "symbol": "RHI", "eps": 1.01, "epsEstimated": 1, "time": "amc", "revenue": 1552132000, "revenueEstimated": 1536764356.4356434, "fiscalDateEnding": "2019-09-29", "updatedFromDate": "2023-09-29"}, {"date": "2019-10-23", "symbol": "SWED-A.ST", "eps": 4.13, "epsEstimated": 4.3, "time": "bmo", "revenue": 11013000000, "revenueEstimated": null, "fiscalDateEnding": "2019-09-29", "updatedFromDate": "2023-05-17"}, {"date": "2019-10-23", "symbol": "ASURB.MX", "eps": 4.38, "epsEstimated": 4.05, "time": "bmo", "revenue": 4106266000, "revenueEstimated": null, "fiscalDateEnding": "2019-09-29", "updatedFromDate": "2023-05-17"}, {"date": "2019-10-23", "symbol": "ALFVF", "eps": 3.43, "epsEstimated": 2.88, "time": "bmo", "revenue": null, "revenueEstimated": null, "fiscalDateEnding": "2019-09-30", "updatedFromDate": "2023-05-17"}, {"date": "2019-10-23", "symbol": "CEVI.ST", "eps": 0.72, "epsEstimated": 0.93, "time": "bmo", "revenue": 95599000, "revenueEstimated": null, "fiscalDateEnding": "2019-09-29", "updatedFromDate": "2023-05-17"}, {"date": "2019-10-23", "symbol": "LPL", "eps": -0.52, "epsEstimated": -0.5, "time": "bmo", "revenue": 5821681000000, "revenueEstimated": 5062331304347, "fiscalDateEnding": "2019-09-30", "updatedFromDate": "2023-09-29"}, {"date": "2019-10-23", "symbol": "PB", "eps": 1.19, "epsEstimated": 1.18, "time": "bmo", "revenue": 179789000, "revenueEstimated": 183111210.0840336, "fiscalDateEnding": "2019-09-29", "updatedFromDate": "2023-09-29"}, {"date": "2019-10-23", "symbol": "600688.SS", "eps": 0.04, "epsEstimated": 0.09, "time": "bmo", "revenue": null, "revenueEstimated": null, "fiscalDateEnding": "2019-07-23", "updatedFromDate": "2023-05-17"}, {"date": "2019-10-23", "symbol": "BGAIF", "eps": 2.19, "epsEstimated": 2.19, "time": "bmo", "revenue": null, "revenueEstimated": null, "fiscalDateEnding": "2019-09-30", "updatedFromDate": "2023-05-17"}, {"date": "2019-10-23", "symbol": "LSRG.ME", "eps": 25.73, "epsEstimated": null, "time": "bmo", "revenue": 48101000000, "revenueEstimated": null, "fiscalDateEnding": "2019-07-23", "updatedFromDate": "2023-05-17"}, {"date": "2019-10-23", "symbol": "RENT3.SA", "eps": 0.27, "epsEstimated": 0.31, "time": "bmo", "revenue": 2695467000, "revenueEstimated": null, "fiscalDateEnding": "2019-07-23", "updatedFromDate": "2023-05-17"}, {"date": "2019-10-23", "symbol": "FBRT", "eps": 0.11, "epsEstimated": 0.09, "time": "bmo", "revenue": 51509000, "revenueEstimated": null, "fiscalDateEnding": "2019-09-29", "updatedFromDate": "2023-09-29"}, {"date": "2019-10-23", "symbol": "002733.SZ", "eps": 0.2, "epsEstimated": null, "time": "bmo", "revenue": 801688717.4, "revenueEstimated": null, "fiscalDateEnding": "2019-09-29", "updatedFromDate": "2023-05-17"}, {"date": "2019-10-23", "symbol": "NYF.ST", "eps": null, "epsEstimated": null, "time": "bmo", "revenue": null, "revenueEstimated": null, "fiscalDateEnding": "2019-09-30", "updatedFromDate": "2023-08-16"}, {"date": "2019-10-23", "symbol": "RCI-B.TO", "eps": 1.19, "epsEstimated": 1.31, "time": "bmo", "revenue": 3754000000, "revenueEstimated": null, "fiscalDateEnding": "2019-09-29", "updatedFromDate": "2023-05-17"}, {"date": "2019-10-23", "symbol": "ASR", "eps": 2.22, "epsEstimated": 2.03, "time": "bmo", "revenue": 4106266000, "revenueEstimated": 4177991170, "fiscalDateEnding": "2019-09-30", "updatedFromDate": "2023-09-29"}, {"date": "2019-10-23", "symbol": "NJDCY", "eps": 0.1, "epsEstimated": null, "time": "bmo", "revenue": 336876000000, "revenueEstimated": null, "fiscalDateEnding": "2019-07-23", "updatedFromDate": "2023-10-17"}, {"date": "2019-10-23", "symbol": "CMRE", "eps": 0.26, "epsEstimated": 0.18, "time": "amc", "revenue": 123631000, "revenueEstimated": 85590692.3076923, "fiscalDateEnding": "2019-09-30", "updatedFromDate": "2023-09-29"}, {"date": "2019-10-23", "symbol": "BX", "eps": 0.58, "epsEstimated": 0.54, "time": "bmo", "revenue": 1474212000, "revenueEstimated": 1585534293.1034486, "fiscalDateEnding": "2019-09-29", "updatedFromDate": "2023-09-29"}, {"date": "2019-10-23", "symbol": "AXFOY", "eps": 2.49, "epsEstimated": 2.45, "time": "bmo", "revenue": null, "revenueEstimated": null, "fiscalDateEnding": "2019-09-30", "updatedFromDate": "2023-05-17"}, {"date": "2019-10-23", "symbol": "KIGRY", "eps": 0.28, "epsEstimated": null, "time": "bmo", "revenue": 2160000000, "revenueEstimated": null, "fiscalDateEnding": "2019-09-30", "updatedFromDate": "2023-09-29"}, {"date": "2019-10-23", "symbol": "000950.SZ", "eps": 0.1, "epsEstimated": null, "time": "bmo", "revenue": 8958359706.41, "revenueEstimated": null, "fiscalDateEnding": "2019-09-29", "updatedFromDate": "2023-05-17"}, {"date": "2019-10-23", "symbol": "EGP", "eps": 0.6, "epsEstimated": 0.54, "time": "amc", "revenue": 83938000, "revenueEstimated": 75544200.00000001, "fiscalDateEnding": "2019-09-29", "updatedFromDate": "2023-09-29"}, {"date": "2019-10-23", "symbol": "NEU", "eps": 6.06, "epsEstimated": 5.93, "time": "amc", "revenue": 555817000, "revenueEstimated": 543893533.0033003, "fiscalDateEnding": "2019-09-29", "updatedFromDate": "2023-09-29"}, {"date": "2019-10-23", "symbol": "TIGO", "eps": -1.25, "epsEstimated": -0.16, "time": "amc", "revenue": 1097000000, "revenueEstimated": 5985506250, "fiscalDateEnding": "2019-09-30", "updatedFromDate": "2023-09-29"}, {"date": "2019-10-23", "symbol": "GPAGF", "eps": 3.12, "epsEstimated": 2.86, "time": "bmo", "revenue": null, "revenueEstimated": 584833.3333333333, "fiscalDateEnding": "2019-09-30", "updatedFromDate": "2023-05-17"}, {"date": "2019-10-23", "symbol": "002176.SZ", "eps": -0.04, "epsEstimated": null, "time": "bmo", "revenue": 736309140.17, "revenueEstimated": null, "fiscalDateEnding": "2019-09-29", "updatedFromDate": "2023-05-17"}, {"date": "2019-10-23", "symbol": "J69U.SI", "eps": null, "epsEstimated": null, "time": "bmo", "revenue": null, "revenueEstimated": null, "fiscalDateEnding": "2019-12-31", "updatedFromDate": "2023-05-17"}, {"date": "2019-10-23", "symbol": "TGYM.MI", "eps": null, "epsEstimated": null, "time": "bmo", "revenue": null, "revenueEstimated": null, "fiscalDateEnding": "2019-09-30", "updatedFromDate": "2023-05-17"}, {"date": "2019-10-23", "symbol": "AVY", "eps": 1.66, "epsEstimated": 1.61, "time": "bmo", "revenue": 1761400000, "revenueEstimated": 1708345783.1325302, "fiscalDateEnding": "2019-09-27", "updatedFromDate": "2023-09-29"}, {"date": "2019-10-23", "symbol": "GPFOF", "eps": 0.4, "epsEstimated": 0.64, "time": "bmo", "revenue": null, "revenueEstimated": null, "fiscalDateEnding": "2019-09-30", "updatedFromDate": "2023-05-17"}, {"date": "2019-10-23", "symbol": "SPOK", "eps": -0.07, "epsEstimated": null, "time": "amc", "revenue": 39453000, "revenueEstimated": null, "fiscalDateEnding": "2019-09-29", "updatedFromDate": "2023-09-29"}, {"date": "2019-10-23", "symbol": "PXMVF", "eps": null, "epsEstimated": null, "time": "bmo", "revenue": null, "revenueEstimated": null, "fiscalDateEnding": "2019-09-30", "updatedFromDate": "2023-08-16"}, {"date": "2019-10-23", "symbol": "FBHS", "eps": 0.95, "epsEstimated": 0.98, "time": "amc", "revenue": 1459000000, "revenueEstimated": 1505073684.2105265, "fiscalDateEnding": "2019-09-29", "updatedFromDate": "2023-08-16"}, {"date": "2019-10-23", "symbol": "QCRH", "eps": 0.95, "epsEstimated": 0.9, "time": "amc", "revenue": 59693000, "revenueEstimated": 57434210.52631579, "fiscalDateEnding": "2019-09-29", "updatedFromDate": "2023-09-29"}, {"date": "2019-10-23", "symbol": "002585.SZ", "eps": 0.0462, "epsEstimated": null, "time": "bmo", "revenue": 1160221957.99, "revenueEstimated": null, "fiscalDateEnding": "2019-09-29", "updatedFromDate": "2023-08-16"}, {"date": "2019-10-23", "symbol": "VAR", "eps": 1.21, "epsEstimated": 1.21, "time": "amc", "revenue": 878900000, "revenueEstimated": 878900000, "fiscalDateEnding": "2019-09-26", "updatedFromDate": "2023-05-17"}, {"date": "2019-10-23", "symbol": "CMRE-PE", "eps": 0.26, "epsEstimated": 0.18, "time": "bmo", "revenue": 123631000, "revenueEstimated": null, "fiscalDateEnding": "2019-09-29", "updatedFromDate": "2023-05-17"}, {"date": "2019-10-23", "symbol": "QNTO", "eps": 0.4, "epsEstimated": null, "time": "amc", "revenue": 3817000, "revenueEstimated": null, "fiscalDateEnding": "2019-09-29", "updatedFromDate": "2023-09-29"}, {"date": "2019-10-23", "symbol": "MAREL.IC", "eps": 0.0434, "epsEstimated": null, "time": "bmo", "revenue": 312500000, "revenueEstimated": null, "fiscalDateEnding": "2019-09-29", "updatedFromDate": "2023-05-17"}, {"date": "2019-10-23", "symbol": "SPRINT.ST", "eps": -0.57987, "epsEstimated": null, "time": "bmo", "revenue": 4390000, "revenueEstimated": null, "fiscalDateEnding": "2019-09-29", "updatedFromDate": "2023-05-17"}, {"date": "2019-10-23", "symbol": "AUB.PA", "eps": null, "epsEstimated": null, "time": "bmo", "revenue": null, "revenueEstimated": null, "fiscalDateEnding": "2019-07-23", "updatedFromDate": "2023-05-17"}, {"date": "2019-10-23", "symbol": "FCX", "eps": -0.01, "epsEstimated": -0.00921, "time": "bmo", "revenue": 3308000000, "revenueEstimated": 3153000000, "fiscalDateEnding": "2019-09-29", "updatedFromDate": "2023-09-29"}, {"date": "2019-10-23", "symbol": "002001.SZ", "eps": 0.21, "epsEstimated": 0.31, "time": "bmo", "revenue": 1898151040, "revenueEstimated": null, "fiscalDateEnding": "2019-09-29", "updatedFromDate": "2023-05-17"}, {"date": "2019-10-23", "symbol": "BMRN", "eps": 0.43, "epsEstimated": 0.34, "time": "amc", "revenue": 461097000, "revenueEstimated": 92219399.99999999, "fiscalDateEnding": "2019-09-29", "updatedFromDate": "2023-09-29"}, {"date": "2019-10-23", "symbol": "PTC", "eps": 0.64, "epsEstimated": 0.45, "time": "amc", "revenue": 335005000, "revenueEstimated": 335005000, "fiscalDateEnding": "2019-09-29", "updatedFromDate": "2023-09-29"}, {"date": "2019-10-23", "symbol": "AXFOF", "eps": 2.47, "epsEstimated": 2.43, "time": "bmo", "revenue": null, "revenueEstimated": null, "fiscalDateEnding": "2019-09-30", "updatedFromDate": "2023-05-17"}, {"date": "2019-10-23", "symbol": "F", "eps": 0.34, "epsEstimated": 0.26, "time": "amc", "revenue": 36990000000, "revenueEstimated": 28286470588.23529, "fiscalDateEnding": "2019-09-29", "updatedFromDate": "2023-09-29"}, {"date": "2019-10-23", "symbol": "NBNKF", "eps": 0.17, "epsEstimated": 0.16, "time": "bmo", "revenue": null, "revenueEstimated": null, "fiscalDateEnding": "2019-09-30", "updatedFromDate": "2023-05-17"}, {"date": "2019-10-23", "symbol": "ACAD.ST", "eps": 0.43, "epsEstimated": 0.33, "time": "bmo", "revenue": 3155000000, "revenueEstimated": null, "fiscalDateEnding": "2019-07-23", "updatedFromDate": "2023-10-16"}, {"date": "2019-10-23", "symbol": "NVEC", "eps": 0.79, "epsEstimated": null, "time": "amc", "revenue": 6501945, "revenueEstimated": null, "fiscalDateEnding": "2019-09-29", "updatedFromDate": "2023-09-29"}, {"date": "2019-10-23", "symbol": "PKG", "eps": 1.92, "epsEstimated": 1.9, "time": "amc", "revenue": 1750700000, "revenueEstimated": 1741581770.8333333, "fiscalDateEnding": "2019-09-29", "updatedFromDate": "2023-09-29"}, {"date": "2019-10-23", "symbol": "000967.SZ", "eps": 0.1, "epsEstimated": null, "time": "bmo", "revenue": 2611435980.08, "revenueEstimated": null, "fiscalDateEnding": "2019-09-29", "updatedFromDate": "2023-05-17"}, {"date": "2019-10-23", "symbol": "WEEEF", "eps": -12.05, "epsEstimated": -13.2, "time": "bmo", "revenue": 47067000, "revenueEstimated": null, "fiscalDateEnding": "2019-09-30", "updatedFromDate": "2023-09-29"}, {"date": "2019-10-23", "symbol": "NSC", "eps": 2.49, "epsEstimated": 2.59, "time": "bmo", "revenue": 2841000000, "revenueEstimated": 2955096385.542168, "fiscalDateEnding": "2019-09-29", "updatedFromDate": "2023-09-29"}, {"date": "2019-10-23", "symbol": "KKOYF", "eps": 0.25, "epsEstimated": 0.23, "time": "bmo", "revenue": null, "revenueEstimated": 68908000, "fiscalDateEnding": "2019-09-30", "updatedFromDate": "2023-05-17"}, {"date": "2019-10-23", "symbol": "FCFS", "eps": 0.84, "epsEstimated": 0.84, "time": "bmo", "revenue": 452459000, "revenueEstimated": 452459000, "fiscalDateEnding": "2019-09-29", "updatedFromDate": "2023-09-29"}, {"date": "2019-10-23", "symbol": "EACO", "eps": 0.53, "epsEstimated": null, "time": "amc", "revenue": 60056000, "revenueEstimated": null, "fiscalDateEnding": "2019-08-30", "updatedFromDate": "2023-09-29"}, {"date": "2019-10-23", "symbol": "QEP", "eps": 0.05, "epsEstimated": 0.05, "time": "amc", "revenue": 307500000, "revenueEstimated": 307500000, "fiscalDateEnding": "2019-09-29", "updatedFromDate": "2023-05-17"}, {"date": "2019-10-23", "symbol": "NTRS", "eps": 1.69, "epsEstimated": 1.63, "time": "bmo", "revenue": 1537900000, "revenueEstimated": 1606852071.005917, "fiscalDateEnding": "2019-09-29", "updatedFromDate": "2023-09-29"}, {"date": "2019-10-23", "symbol": "ORLY", "eps": 5.08, "epsEstimated": 4.79, "time": "amc", "revenue": 2666528000, "revenueEstimated": 2514304944.88189, "fiscalDateEnding": "2019-09-29", "updatedFromDate": "2023-09-29"}, {"date": "2019-10-23", "symbol": "BRKL", "eps": 0.29, "epsEstimated": 0.28, "time": "amc", "revenue": 71165000, "revenueEstimated": 71165000, "fiscalDateEnding": "2019-09-29", "updatedFromDate": "2023-09-29"}, {"date": "2019-10-23", "symbol": "WLN.PA", "eps": 0.4197, "epsEstimated": null, "time": "bmo", "revenue": 595400000, "revenueEstimated": null, "fiscalDateEnding": "2019-09-29", "updatedFromDate": "2023-05-17"}, {"date": "2019-10-23", "symbol": "603517.SS", "eps": 0.37, "epsEstimated": null, "time": "bmo", "revenue": 1395908368.44, "revenueEstimated": null, "fiscalDateEnding": "2019-09-29", "updatedFromDate": "2023-08-16"}, {"date": "2019-10-23", "symbol": "BSX", "eps": 0.39, "epsEstimated": 0.38, "time": "bmo", "revenue": 2707000000, "revenueEstimated": 2637589743.5897436, "fiscalDateEnding": "2019-09-29", "updatedFromDate": "2023-09-29"}, {"date": "2019-10-23", "symbol": "HUH1V.HE", "eps": 0.45, "epsEstimated": 0.49, "time": "bmo", "revenue": 854900000, "revenueEstimated": null, "fiscalDateEnding": "2019-09-29", "updatedFromDate": "2023-05-17"}, {"date": "2019-10-23", "symbol": "8595.T", "eps": 49.9, "epsEstimated": null, "time": "bmo", "revenue": 4430000000, "revenueEstimated": null, "fiscalDateEnding": "2019-07-23", "updatedFromDate": "2023-10-17"}, {"date": "2019-10-23", "symbol": "2818.T", "eps": -0.21, "epsEstimated": null, "time": "bmo", "revenue": 2653886000, "revenueEstimated": null, "fiscalDateEnding": "2019-07-23", "updatedFromDate": "2023-10-17"}, {"date": "2019-10-23", "symbol": "000559.SZ", "eps": 0.032, "epsEstimated": null, "time": "bmo", "revenue": 2438985401.51, "revenueEstimated": null, "fiscalDateEnding": "2019-09-29", "updatedFromDate": "2023-05-17"}, {"date": "2019-10-23", "symbol": "BOVNF", "eps": -1.72, "epsEstimated": -1.96, "time": "bmo", "revenue": null, "revenueEstimated": 7028571.428571428, "fiscalDateEnding": "2019-09-30", "updatedFromDate": "2023-05-17"}, {"date": "2019-10-23", "symbol": "MBNKF", "eps": -0.7, "epsEstimated": 1, "time": "bmo", "revenue": null, "revenueEstimated": null, "fiscalDateEnding": "2019-09-30", "updatedFromDate": "2023-05-17"}, {"date": "2019-10-23", "symbol": "SUI", "eps": 0.63, "epsEstimated": 0.68, "time": "amc", "revenue": 357673000, "revenueEstimated": 391208317.4603175, "fiscalDateEnding": "2019-09-29", "updatedFromDate": "2023-09-29"}, {"date": "2019-10-23", "symbol": "002839.SZ", "eps": 0.1, "epsEstimated": null, "time": "bmo", "revenue": 986629615.71, "revenueEstimated": null, "fiscalDateEnding": "2019-09-29", "updatedFromDate": "2023-05-17"}, {"date": "2019-10-23", "symbol": "002454.SZ", "eps": 0.07, "epsEstimated": null, "time": "bmo", "revenue": 722429288.17, "revenueEstimated": null, "fiscalDateEnding": "2019-09-29", "updatedFromDate": "2023-05-17"}, {"date": "2019-10-23", "symbol": "GRUMAB.MX", "eps": 3.12, "epsEstimated": 3.1, "time": "bmo", "revenue": 1017485619.302329, "revenueEstimated": null, "fiscalDateEnding": "2019-09-29", "updatedFromDate": "2023-05-17"}, {"date": "2019-10-23", "symbol": "DNBBF", "eps": 4.56, "epsEstimated": 3.5, "time": "bmo", "revenue": null, "revenueEstimated": null, "fiscalDateEnding": "2019-09-30", "updatedFromDate": "2023-05-17"}, {"date": "2019-10-23", "symbol": "600511.SS", "eps": 0.4143, "epsEstimated": null, "time": "bmo", "revenue": 11687785870.95, "revenueEstimated": null, "fiscalDateEnding": "2019-09-29", "updatedFromDate": "2023-05-17"}, {"date": "2019-10-23", "symbol": "MXCHF", "eps": 0.05, "epsEstimated": 0.037, "time": "bmo", "revenue": null, "revenueEstimated": 464673.6, "fiscalDateEnding": "2019-09-30", "updatedFromDate": "2023-05-17"}, {"date": "2019-10-23", "symbol": "300596.SZ", "eps": null, "epsEstimated": null, "time": "bmo", "revenue": null, "revenueEstimated": null, "fiscalDateEnding": "2019-09-30", "updatedFromDate": "2023-08-16"}, {"date": "2019-10-23", "symbol": "RCKY", "eps": 0.68, "epsEstimated": 0.63, "time": "amc", "revenue": 67179000, "revenueEstimated": 62239367.64705882, "fiscalDateEnding": "2019-09-29", "updatedFromDate": "2023-09-29"}, {"date": "2019-10-23", "symbol": "CLF", "eps": 0.33, "epsEstimated": 0.24, "time": "bmo", "revenue": 555600000, "revenueEstimated": 404072727.2727273, "fiscalDateEnding": "2019-09-29", "updatedFromDate": "2023-09-29"}, {"date": "2019-10-23", "symbol": "064760.KQ", "eps": 912, "epsEstimated": 1081, "time": "bmo", "revenue": null, "revenueEstimated": null, "fiscalDateEnding": "2019-09-30", "updatedFromDate": "2023-08-17"}, {"date": "2019-10-23", "symbol": "WEGE3.SA", "eps": 0.1, "epsEstimated": 0.1, "time": "bmo", "revenue": 3349604000, "revenueEstimated": null, "fiscalDateEnding": "2019-09-29", "updatedFromDate": "2023-05-17"}, {"date": "2019-10-23", "symbol": "KRA", "eps": 0.52, "epsEstimated": 0.64, "time": "amc", "revenue": 444221000, "revenueEstimated": 546733538.4615384, "fiscalDateEnding": "2019-09-29", "updatedFromDate": "2023-05-17"}, {"date": "2019-10-23", "symbol": "ALIG.ST", "eps": 1.83, "epsEstimated": 1.9, "time": "bmo", "revenue": 975700000, "revenueEstimated": null, "fiscalDateEnding": "2019-07-23", "updatedFromDate": "2023-10-16"}, {"date": "2019-10-23", "symbol": "FIBK", "eps": 0.76, "epsEstimated": 0.79, "time": "amc", "revenue": 166300000, "revenueEstimated": 172864473.68421054, "fiscalDateEnding": "2019-09-29", "updatedFromDate": "2023-09-29"}, {"date": "2019-10-23", "symbol": "KNL", "eps": 0.55, "epsEstimated": 0.51, "time": "amc", "revenue": 356500000, "revenueEstimated": 330572727.27272725, "fiscalDateEnding": "2019-09-29", "updatedFromDate": "2023-05-17"}, {"date": "2019-10-23", "symbol": "SSAB-A.ST", "eps": 0.17, "epsEstimated": 0.25, "time": "bmo", "revenue": 18840000000, "revenueEstimated": null, "fiscalDateEnding": "2019-09-29", "updatedFromDate": "2023-05-17"}, {"date": "2019-10-23", "symbol": "CSTM", "eps": 0.01, "epsEstimated": 0.28, "time": "bmo", "revenue": 1461000000, "revenueEstimated": 2629800000, "fiscalDateEnding": "2019-09-30", "updatedFromDate": "2023-09-29"}, {"date": "2019-10-23", "symbol": "GCBC", "eps": 0.29, "epsEstimated": null, "time": "bmo", "revenue": 12766000, "revenueEstimated": null, "fiscalDateEnding": "2019-09-29", "updatedFromDate": "2023-09-29"}, {"date": "2019-10-23", "symbol": "ARI", "eps": 0.47, "epsEstimated": 0.47, "time": "amc", "revenue": 80362000, "revenueEstimated": 80362000, "fiscalDateEnding": "2019-09-29", "updatedFromDate": "2023-09-29"}, {"date": "2019-10-23", "symbol": "GL", "eps": 1.73, "epsEstimated": 1.7, "time": "amc", "revenue": 1141279000, "revenueEstimated": 884816589.5953757, "fiscalDateEnding": "2019-09-29", "updatedFromDate": "2023-09-29"}, {"date": "2019-10-23", "symbol": "6110.HK", "eps": null, "epsEstimated": null, "time": "bmo", "revenue": null, "revenueEstimated": null, "fiscalDateEnding": "2019-07-23", "updatedFromDate": "2023-10-17"}, {"date": "2019-10-23", "symbol": "AGUA.MX", "eps": -0.15, "epsEstimated": null, "time": "bmo", "revenue": 2005838000, "revenueEstimated": null, "fiscalDateEnding": "2019-09-29", "updatedFromDate": "2023-05-17"}, {"date": "2019-10-23", "symbol": "BIOG-B.ST", "eps": 2.19, "epsEstimated": 2.19, "time": "bmo", "revenue": 167144000, "revenueEstimated": null, "fiscalDateEnding": "2019-09-29", "updatedFromDate": "2023-05-17"}, {"date": "2019-10-23", "symbol": "002221.SZ", "eps": 0.2388, "epsEstimated": null, "time": "bmo", "revenue": 11340387917.45, "revenueEstimated": null, "fiscalDateEnding": "2019-09-29", "updatedFromDate": "2023-05-17"}, {"date": "2019-10-23", "symbol": "USAP", "eps": 0.05, "epsEstimated": 0.26, "time": "bmo", "revenue": 56568000, "revenueEstimated": 131991999.99999999, "fiscalDateEnding": "2019-09-29", "updatedFromDate": "2023-09-29"}, {"date": "2019-10-23", "symbol": "GWW", "eps": 4.26, "epsEstimated": 4.4, "time": "bmo", "revenue": 2947000000, "revenueEstimated": 3043849765.258216, "fiscalDateEnding": "2019-09-29", "updatedFromDate": "2023-09-29"}, {"date": "2019-10-23", "symbol": "TEL.OL", "eps": 0.25, "epsEstimated": 2.83, "time": "bmo", "revenue": 29462000000, "revenueEstimated": null, "fiscalDateEnding": "2019-09-29", "updatedFromDate": "2023-05-17"}, {"date": "2019-10-23", "symbol": "CLVSF", "eps": 0.72, "epsEstimated": 0.93, "time": "bmo", "revenue": null, "revenueEstimated": null, "fiscalDateEnding": "2019-09-30", "updatedFromDate": "2023-05-17"}, {"date": "2019-10-23", "symbol": "ENBR3.SA", "eps": 0.58, "epsEstimated": 0.31, "time": "bmo", "revenue": 3915972000, "revenueEstimated": null, "fiscalDateEnding": "2019-09-29", "updatedFromDate": "2023-05-17"}, {"date": "2019-10-23", "symbol": "RUSHB", "eps": 0.47, "epsEstimated": 0.67, "time": "amc", "revenue": 1599265000, "revenueEstimated": 1530725071.4285717, "fiscalDateEnding": "2019-09-29", "updatedFromDate": "2023-09-29"}, {"date": "2019-10-23", "symbol": "002443.SZ", "eps": 0.13, "epsEstimated": null, "time": "bmo", "revenue": 1222694298.09, "revenueEstimated": null, "fiscalDateEnding": "2019-09-29", "updatedFromDate": "2023-05-17"}, {"date": "2019-10-23", "symbol": "BALYO.PA", "eps": null, "epsEstimated": null, "time": "bmo", "revenue": null, "revenueEstimated": null, "fiscalDateEnding": "2019-09-30", "updatedFromDate": "2023-05-17"}, {"date": "2019-10-23", "symbol": "TBIIF", "eps": -0.32, "epsEstimated": -0.56, "time": "bmo", "revenue": null, "revenueEstimated": null, "fiscalDateEnding": "2019-09-30", "updatedFromDate": "2023-05-17"}, {"date": "2019-10-23", "symbol": "BONAV-A.ST", "eps": 0.95, "epsEstimated": 2.47, "time": "bmo", "revenue": 3379000000, "revenueEstimated": null, "fiscalDateEnding": "2019-09-30", "updatedFromDate": "2023-05-17"}, {"date": "2019-10-23", "symbol": "TSCRF", "eps": -0.02, "epsEstimated": -0.01769, "time": "bmo", "revenue": null, "revenueEstimated": null, "fiscalDateEnding": "2019-09-30", "updatedFromDate": "2023-05-17"}, {"date": "2019-10-23", "symbol": "SOMC", "eps": 0.55, "epsEstimated": null, "time": "bmo", "revenue": null, "revenueEstimated": null, "fiscalDateEnding": "2019-07-23", "updatedFromDate": "2023-09-29"}, {"date": "2019-10-23", "symbol": "002852.SZ", "eps": -0.02, "epsEstimated": null, "time": "bmo", "revenue": 1061183475.45, "revenueEstimated": null, "fiscalDateEnding": "2019-09-29", "updatedFromDate": "2023-05-17"}, {"date": "2019-10-23", "symbol": "MCB", "eps": 0.9, "epsEstimated": 0.78, "time": "bmo", "revenue": 28753000, "revenueEstimated": 24919266.666666668, "fiscalDateEnding": "2019-09-29", "updatedFromDate": "2023-09-29"}, {"date": "2019-10-23", "symbol": "002623.SZ", "eps": 0.06, "epsEstimated": null, "time": "bmo", "revenue": 298934935.51, "revenueEstimated": null, "fiscalDateEnding": "2019-09-29", "updatedFromDate": "2023-05-17"}, {"date": "2019-10-23", "symbol": "002695.SZ", "eps": 0.14, "epsEstimated": null, "time": "bmo", "revenue": 508844176.91, "revenueEstimated": null, "fiscalDateEnding": "2019-09-29", "updatedFromDate": "2023-05-17"}, {"date": "2019-10-23", "symbol": "CVBF", "eps": 0.36, "epsEstimated": 0.37, "time": "amc", "revenue": 120053000, "revenueEstimated": 123387805.55555557, "fiscalDateEnding": "2019-09-29", "updatedFromDate": "2023-09-29"}, {"date": "2019-10-23", "symbol": "SHB-B.ST", "eps": 1.8, "epsEstimated": null, "time": "bmo", "revenue": 11103000000, "revenueEstimated": null, "fiscalDateEnding": "2019-09-29", "updatedFromDate": "2023-05-17"}, {"date": "2019-10-23", "symbol": "ALMA.HE", "eps": 0.14, "epsEstimated": 0.12, "time": "bmo", "revenue": 80300000, "revenueEstimated": null, "fiscalDateEnding": "2019-09-29", "updatedFromDate": "2023-05-17"}, {"date": "2019-10-23", "symbol": "XVIPF", "eps": 0.27, "epsEstimated": 0.22, "time": "bmo", "revenue": null, "revenueEstimated": 6119259.259259259, "fiscalDateEnding": "2019-09-30", "updatedFromDate": "2023-05-17"}, {"date": "2019-10-23", "symbol": "WDP.BR", "eps": 0.934, "epsEstimated": null, "time": "bmo", "revenue": 55205000, "revenueEstimated": null, "fiscalDateEnding": "2019-07-23", "updatedFromDate": "2023-08-16"}, {"date": "2019-10-23", "symbol": "CYBE", "eps": -0.05, "epsEstimated": -0.04, "time": "amc", "revenue": 12391000, "revenueEstimated": 9912800, "fiscalDateEnding": "2019-09-29", "updatedFromDate": "2023-05-17"}, {"date": "2019-10-23", "symbol": "600132.SS", "eps": 0.74, "epsEstimated": 0.49, "time": "bmo", "revenue": 1192568071.14, "revenueEstimated": null, "fiscalDateEnding": "2019-09-29", "updatedFromDate": "2023-05-17"}, {"date": "2019-10-23", "symbol": "MBRFF", "eps": null, "epsEstimated": null, "time": "bmo", "revenue": null, "revenueEstimated": null, "fiscalDateEnding": "2019-09-30", "updatedFromDate": "2023-05-17"}, {"date": "2019-10-23", "symbol": "MAU.PA", "eps": null, "epsEstimated": null, "time": "bmo", "revenue": null, "revenueEstimated": null, "fiscalDateEnding": "2019-07-23", "updatedFromDate": "2023-05-17"}, {"date": "2019-10-23", "symbol": "HRI", "eps": 1.48, "epsEstimated": 1.86, "time": "bmo", "revenue": 508100000, "revenueEstimated": 2588134374.9999995, "fiscalDateEnding": "2019-09-29", "updatedFromDate": "2023-09-29"}, {"date": "2019-10-23", "symbol": "BFST", "eps": 0.46, "epsEstimated": 0.46, "time": "bmo", "revenue": 22180000, "revenueEstimated": 22180000, "fiscalDateEnding": "2019-09-29", "updatedFromDate": "2023-09-29"}, {"date": "2019-10-23", "symbol": "EOLU-B.ST", "eps": 3.25, "epsEstimated": 5.2, "time": "bmo", "revenue": 1033689000, "revenueEstimated": null, "fiscalDateEnding": "2019-08-31", "updatedFromDate": "2023-10-16"}, {"date": "2019-10-23", "symbol": "SHIIY", "eps": null, "epsEstimated": null, "time": "bmo", "revenue": null, "revenueEstimated": null, "fiscalDateEnding": "2019-09-30", "updatedFromDate": "2023-05-17"}, {"date": "2019-10-23", "symbol": "003570.KS", "eps": 54.92, "epsEstimated": null, "time": "bmo", "revenue": 93527774310, "revenueEstimated": null, "fiscalDateEnding": "2019-09-29", "updatedFromDate": "2023-05-17"}, {"date": "2019-10-23", "symbol": "GGG", "eps": 0.45, "epsEstimated": 0.51, "time": "amc", "revenue": 400555000, "revenueEstimated": 453962333.3333333, "fiscalDateEnding": "2019-09-26", "updatedFromDate": "2023-09-29"}, {"date": "2019-10-23", "symbol": "REJL-B.ST", "eps": 1.07, "epsEstimated": 1, "time": "bmo", "revenue": 553400000, "revenueEstimated": null, "fiscalDateEnding": "2019-09-29", "updatedFromDate": "2023-08-16"}, {"date": "2019-10-23", "symbol": "LSBK", "eps": 0.2, "epsEstimated": null, "time": "bmo", "revenue": 5622000, "revenueEstimated": null, "fiscalDateEnding": "2019-09-29", "updatedFromDate": "2023-09-29"}, {"date": "2019-10-23", "symbol": "ISTR", "eps": 0.48, "epsEstimated": 0.48, "time": "bmo", "revenue": 17984000, "revenueEstimated": 17984000, "fiscalDateEnding": "2019-09-29", "updatedFromDate": "2023-09-29"}, {"date": "2019-10-23", "symbol": "OBNK", "eps": 0.62, "epsEstimated": 0.6, "time": "amc", "revenue": 54984000, "revenueEstimated": 55647096.77419355, "fiscalDateEnding": "2019-09-29", "updatedFromDate": "2023-09-29"}, {"date": "2019-10-23", "symbol": "ELV", "eps": 4.87, "epsEstimated": 4.82, "time": "bmo", "revenue": 26674000000, "revenueEstimated": 26400139630.3901, "fiscalDateEnding": "2019-09-29", "updatedFromDate": "2023-09-29"}, {"date": "2019-10-23", "symbol": "RRC", "eps": -0.07, "epsEstimated": -0.09, "time": "amc", "revenue": 547769000, "revenueEstimated": 782527142.8571428, "fiscalDateEnding": "2019-09-29", "updatedFromDate": "2023-09-29"}, {"date": "2019-10-23", "symbol": "FNLC", "eps": 0.58, "epsEstimated": null, "time": "bmo", "revenue": 16758000, "revenueEstimated": null, "fiscalDateEnding": "2019-09-29", "updatedFromDate": "2023-09-29"}, {"date": "2019-10-23", "symbol": "BA", "eps": 1.45, "epsEstimated": 2.09, "time": "bmo", "revenue": 19980000000, "revenueEstimated": 28798758620.689655, "fiscalDateEnding": "2019-09-29", "updatedFromDate": "2023-09-29"}, {"date": "2019-10-23", "symbol": "MAREL.AS", "eps": 0.0434, "epsEstimated": null, "time": "bmo", "revenue": 312500000, "revenueEstimated": null, "fiscalDateEnding": "2019-09-29", "updatedFromDate": "2023-08-16"}, {"date": "2019-10-23", "symbol": "CFPUF", "eps": -0.5, "epsEstimated": -0.29, "time": "bmo", "revenue": null, "revenueEstimated": null, "fiscalDateEnding": "2019-09-30", "updatedFromDate": "2023-08-16"}, {"date": "2019-10-23", "symbol": "MX", "eps": 0.49, "epsEstimated": 0.27, "time": "amc", "revenue": 229677000, "revenueEstimated": 213168965.625, "fiscalDateEnding": "2019-09-29", "updatedFromDate": "2023-09-29"}, {"date": "2019-10-23", "symbol": "002488.SZ", "eps": -0.04529, "epsEstimated": null, "time": "bmo", "revenue": 649519632.23, "revenueEstimated": null, "fiscalDateEnding": "2019-07-23", "updatedFromDate": "2023-05-17"}, {"date": "2019-10-23", "symbol": "PKBK", "eps": 0.65, "epsEstimated": null, "time": "bmo", "revenue": 15781000, "revenueEstimated": null, "fiscalDateEnding": "2019-09-29", "updatedFromDate": "2023-09-29"}, {"date": "2019-10-23", "symbol": "SWDBY", "eps": 0.45, "epsEstimated": null, "time": "bmo", "revenue": 11013000000, "revenueEstimated": null, "fiscalDateEnding": "2019-09-30", "updatedFromDate": "2023-09-29"}, {"date": "2019-10-23", "symbol": "SLRK", "eps": 0.23, "epsEstimated": null, "time": "bmo", "revenue": null, "revenueEstimated": null, "fiscalDateEnding": "2019-09-30", "updatedFromDate": "2023-09-29"}, {"date": "2019-10-23", "symbol": "ARGNF", "eps": -0.72, "epsEstimated": -1.1, "time": "bmo", "revenue": null, "revenueEstimated": 197427000, "fiscalDateEnding": "2019-09-30", "updatedFromDate": "2023-05-17"}, {"date": "2019-10-23", "symbol": "002223.SZ", "eps": 0.18, "epsEstimated": 0.13, "time": "bmo", "revenue": 1054698504.08, "revenueEstimated": null, "fiscalDateEnding": "2019-09-29", "updatedFromDate": "2023-05-17"}, {"date": "2019-10-23", "symbol": "EMSHF", "eps": null, "epsEstimated": null, "time": "bmo", "revenue": null, "revenueEstimated": null, "fiscalDateEnding": "2019-09-30", "updatedFromDate": "2023-05-17"}, {"date": "2019-10-23", "symbol": "FEDU", "eps": 1.4, "epsEstimated": null, "time": "bmo", "revenue": 128836000, "revenueEstimated": null, "fiscalDateEnding": "2019-08-31", "updatedFromDate": "2023-09-29"}, {"date": "2019-10-23", "symbol": "CMC", "eps": 0.76, "epsEstimated": 0.7, "time": "bmo", "revenue": 1543005000, "revenueEstimated": 1421188815.7894735, "fiscalDateEnding": "2019-08-30", "updatedFromDate": "2023-09-29"}, {"date": "2019-10-23", "symbol": "LOB", "eps": 0.09, "epsEstimated": 0.13, "time": "amc", "revenue": 54994000, "revenueEstimated": 81118555.55555557, "fiscalDateEnding": "2019-09-29", "updatedFromDate": "2023-09-29"}, {"date": "2019-10-23", "symbol": "SRYB", "eps": 0.4, "epsEstimated": null, "time": "bmo", "revenue": null, "revenueEstimated": null, "fiscalDateEnding": "2019-07-23", "updatedFromDate": "2023-09-29"}, {"date": "2019-10-23", "symbol": "LUN.TO", "eps": 0.08, "epsEstimated": 0.07, "time": "bmo", "revenue": 538715000, "revenueEstimated": null, "fiscalDateEnding": "2019-09-29", "updatedFromDate": "2023-05-17"}, {"date": "2019-10-23", "symbol": "AKZA.AS", "eps": 0.97, "epsEstimated": 0.99, "time": "bmo", "revenue": 2398000000, "revenueEstimated": null, "fiscalDateEnding": "2019-09-29", "updatedFromDate": "2023-05-17"}, {"date": "2019-10-23", "symbol": "002405.SZ", "eps": 0.03, "epsEstimated": null, "time": "bmo", "revenue": 451332158.85, "revenueEstimated": null, "fiscalDateEnding": "2019-09-30", "updatedFromDate": "2023-08-25"}, {"date": "2019-10-23", "symbol": "TMO", "eps": 2.94, "epsEstimated": 2.88, "time": "bmo", "revenue": 6272000000, "revenueEstimated": 6122666666.666667, "fiscalDateEnding": "2019-09-27", "updatedFromDate": "2023-09-29"}, {"date": "2019-10-23", "symbol": "NTGR", "eps": 0.65, "epsEstimated": 0.61, "time": "amc", "revenue": 265858000, "revenueEstimated": 245407384.6153846, "fiscalDateEnding": "2019-09-28", "updatedFromDate": "2023-09-29"}, {"date": "2019-10-23", "symbol": "TSLA", "eps": 0.12, "epsEstimated": 0.01867, "time": "amc", "revenue": 6303000000, "revenueEstimated": 1362810810.8108108, "fiscalDateEnding": "2019-09-29", "updatedFromDate": "2023-09-29"}, {"date": "2019-10-23", "symbol": "BCNAF", "eps": null, "epsEstimated": null, "time": "bmo", "revenue": null, "revenueEstimated": null, "fiscalDateEnding": "2019-09-30", "updatedFromDate": "2023-05-17"}, {"date": "2019-10-23", "symbol": "TKTT.PA", "eps": null, "epsEstimated": null, "time": "bmo", "revenue": null, "revenueEstimated": null, "fiscalDateEnding": "2019-09-30", "updatedFromDate": "2023-05-17"}, {"date": "2019-10-23", "symbol": "INTRUM.ST", "eps": 5.03, "epsEstimated": 4.24, "time": "bmo", "revenue": null, "revenueEstimated": null, "fiscalDateEnding": "2019-09-30", "updatedFromDate": "2023-08-16"}, {"date": "2019-10-23", "symbol": "GMXTF", "eps": 0.34, "epsEstimated": 0.42, "time": "bmo", "revenue": null, "revenueEstimated": null, "fiscalDateEnding": "2019-09-30", "updatedFromDate": "2023-05-17"}, {"date": "2019-10-23", "symbol": "FTI", "eps": 0.12, "epsEstimated": 0.49, "time": "amc", "revenue": 3335100000, "revenueEstimated": 13896250000.000002, "fiscalDateEnding": "2019-09-29", "updatedFromDate": "2023-09-29"}, {"date": "2019-10-23", "symbol": "002511.SZ", "eps": 0.13, "epsEstimated": 0.17, "time": "bmo", "revenue": 1647490771.94, "revenueEstimated": null, "fiscalDateEnding": "2019-09-29", "updatedFromDate": "2023-05-17"}, {"date": "2019-10-23", "symbol": "WMMVY", "eps": 0.27, "epsEstimated": 0.29, "time": "bmo", "revenue": 155018693000, "revenueEstimated": 165709637344, "fiscalDateEnding": "2019-09-30", "updatedFromDate": "2023-09-29"}, {"date": "2019-10-23", "symbol": "AKZOY", "eps": 0.36, "epsEstimated": 0.34, "time": "bmo", "revenue": 2398000000, "revenueEstimated": null, "fiscalDateEnding": "2019-09-30", "updatedFromDate": "2023-09-29"}, {"date": "2019-10-23", "symbol": "LFCAF", "eps": 0.77, "epsEstimated": 0.81, "time": "bmo", "revenue": null, "revenueEstimated": null, "fiscalDateEnding": "2019-09-30", "updatedFromDate": "2023-05-17"}, {"date": "2019-10-23", "symbol": "CLB", "eps": 0.5, "epsEstimated": 0.49, "time": "amc", "revenue": 173200000, "revenueEstimated": 169736000, "fiscalDateEnding": "2019-09-29", "updatedFromDate": "2023-09-29"}, {"date": "2019-10-23", "symbol": "NOBI.ST", "eps": 1.11, "epsEstimated": 1.16, "time": "bmo", "revenue": 3265000000, "revenueEstimated": null, "fiscalDateEnding": "2019-09-29", "updatedFromDate": "2023-05-17"}, {"date": "2019-10-23", "symbol": "002530.SZ", "eps": 0.125, "epsEstimated": null, "time": "bmo", "revenue": 379490666.4, "revenueEstimated": null, "fiscalDateEnding": "2019-09-29", "updatedFromDate": "2023-05-17"}, {"date": "2019-10-23", "symbol": "SCHYF", "eps": 0.06, "epsEstimated": 0.05, "time": "bmo", "revenue": null, "revenueEstimated": null, "fiscalDateEnding": "2019-09-30", "updatedFromDate": "2023-05-17"}, {"date": "2019-10-23", "symbol": "LIFCO-B.ST", "eps": 0.77, "epsEstimated": 0.81, "time": "bmo", "revenue": 3211000000, "revenueEstimated": null, "fiscalDateEnding": "2019-09-30", "updatedFromDate": "2023-05-17"}, {"date": "2019-10-23", "symbol": "STB.OL", "eps": 1.24, "epsEstimated": 1.1, "time": "bmo", "revenue": 17231000000, "revenueEstimated": null, "fiscalDateEnding": "2019-09-29", "updatedFromDate": "2023-05-17"}, {"date": "2019-10-23", "symbol": "APH", "eps": 0.48, "epsEstimated": 0.44, "time": "bmo", "revenue": 2100600000, "revenueEstimated": 1923707368.4210527, "fiscalDateEnding": "2019-09-29", "updatedFromDate": "2023-09-29"}, {"date": "2019-10-23", "symbol": "AKR", "eps": 0.12, "epsEstimated": 0.09, "time": "amc", "revenue": 73327000, "revenueEstimated": 54995250, "fiscalDateEnding": "2019-09-29", "updatedFromDate": "2023-09-29"}, {"date": "2019-10-23", "symbol": "NWARF", "eps": 477.94, "epsEstimated": 339.69, "time": "bmo", "revenue": null, "revenueEstimated": null, "fiscalDateEnding": "2019-09-30", "updatedFromDate": "2023-08-16"}, {"date": "2019-10-23", "symbol": "PMMAF", "eps": 0.67, "epsEstimated": 0.68, "time": "bmo", "revenue": null, "revenueEstimated": 80179.10447761194, "fiscalDateEnding": "2019-09-30", "updatedFromDate": "2023-05-17"}, {"date": "2019-10-23", "symbol": "GJF.OL", "eps": 1.99, "epsEstimated": 2.41, "time": "bmo", "revenue": 7333300000, "revenueEstimated": null, "fiscalDateEnding": "2019-09-29", "updatedFromDate": "2023-08-16"}, {"date": "2019-10-23", "symbol": "VMI", "eps": 1.85, "epsEstimated": 2.3, "time": "amc", "revenue": 690340000, "revenueEstimated": 858260540.5405403, "fiscalDateEnding": "2019-09-27", "updatedFromDate": "2023-09-29"}, {"date": "2019-10-23", "symbol": "BRCTF", "eps": null, "epsEstimated": null, "time": "bmo", "revenue": null, "revenueEstimated": null, "fiscalDateEnding": "2019-09-30", "updatedFromDate": "2023-08-16"}, {"date": "2019-10-23", "symbol": "MPX", "eps": 0.23, "epsEstimated": 0.21, "time": "bmo", "revenue": 72212000, "revenueEstimated": 65932695.65217391, "fiscalDateEnding": "2019-09-29", "updatedFromDate": "2023-09-29"}, {"date": "2019-10-23", "symbol": "002102.SZ", "eps": 0.0182, "epsEstimated": null, "time": "bmo", "revenue": 4769762835.47, "revenueEstimated": null, "fiscalDateEnding": "2019-12-30", "updatedFromDate": "2023-05-17"}, {"date": "2019-10-23", "symbol": "002157.SZ", "eps": 0.13, "epsEstimated": null, "time": "bmo", "revenue": 6187639345.63, "revenueEstimated": null, "fiscalDateEnding": "2019-09-29", "updatedFromDate": "2023-05-17"}, {"date": "2019-10-23", "symbol": "AXW.PA", "eps": null, "epsEstimated": null, "time": "amc", "revenue": null, "revenueEstimated": null, "fiscalDateEnding": "2019-09-30", "updatedFromDate": "2023-05-17"}, {"date": "2019-10-23", "symbol": "CFX.TO", "eps": -0.5, "epsEstimated": -0.29, "time": "bmo", "revenue": 216900000, "revenueEstimated": null, "fiscalDateEnding": "2019-09-29", "updatedFromDate": "2023-05-17"}, {"date": "2019-10-23", "symbol": "MLLGF", "eps": 0.2, "epsEstimated": 0.17, "time": "bmo", "revenue": 325298000, "revenueEstimated": null, "fiscalDateEnding": "2019-09-30", "updatedFromDate": "2023-08-17"}, {"date": "2019-10-23", "symbol": "SSAAY", "eps": 0.01, "epsEstimated": null, "time": "bmo", "revenue": 18840000000, "revenueEstimated": null, "fiscalDateEnding": "2019-09-30", "updatedFromDate": "2023-09-29"}, {"date": "2019-10-23", "symbol": "BB.PA", "eps": null, "epsEstimated": null, "time": "bmo", "revenue": null, "revenueEstimated": null, "fiscalDateEnding": "2019-07-23", "updatedFromDate": "2023-05-17"}, {"date": "2019-10-23", "symbol": "300136.SZ", "eps": 0.47, "epsEstimated": 0.45, "time": "bmo", "revenue": 1620209641.02, "revenueEstimated": null, "fiscalDateEnding": "2019-09-29", "updatedFromDate": "2023-08-16"}, {"date": "2019-10-23", "symbol": "002043.SZ", "eps": 0.16, "epsEstimated": null, "time": "bmo", "revenue": 1286670117.71, "revenueEstimated": null, "fiscalDateEnding": "2019-09-29", "updatedFromDate": "2023-05-17"}, {"date": "2019-10-23", "symbol": "NOKBF", "eps": 0.05, "epsEstimated": 0.05, "time": "bmo", "revenue": null, "revenueEstimated": null, "fiscalDateEnding": "2019-09-30", "updatedFromDate": "2023-05-17"}, {"date": "2019-10-23", "symbol": "TCCHF", "eps": null, "epsEstimated": null, "time": "bmo", "revenue": null, "revenueEstimated": null, "fiscalDateEnding": "2019-09-30", "updatedFromDate": "2023-05-17"}, {"date": "2019-10-23", "symbol": "IBA", "eps": 1.13, "epsEstimated": 1, "time": "bmo", "revenue": 15312900000, "revenueEstimated": 13169094000, "fiscalDateEnding": "2019-09-30", "updatedFromDate": "2023-09-29"}, {"date": "2019-10-23", "symbol": "WRG.TO", "eps": -15.6, "epsEstimated": -13.5, "time": "bmo", "revenue": 47067000, "revenueEstimated": null, "fiscalDateEnding": "2019-09-29", "updatedFromDate": "2023-08-16"}, {"date": "2019-10-23", "symbol": "ORBIA.MX", "eps": 0.05, "epsEstimated": 0.037, "time": "bmo", "revenue": null, "revenueEstimated": null, "fiscalDateEnding": "2019-09-30", "updatedFromDate": "2023-05-17"}, {"date": "2019-10-23", "symbol": "BA.SW", "eps": 2.05, "epsEstimated": null, "time": "bmo", "revenue": 19980000000, "revenueEstimated": null, "fiscalDateEnding": "2019-09-29", "updatedFromDate": "2023-05-17"}, {"date": "2019-10-23", "symbol": "KNNGF", "eps": 1.2, "epsEstimated": 1.15, "time": "bmo", "revenue": null, "revenueEstimated": null, "fiscalDateEnding": "2019-09-30", "updatedFromDate": "2023-05-17"}, {"date": "2019-10-23", "symbol": "WEEED", "eps": -0.13, "epsEstimated": -0.11, "time": "bmo", "revenue": null, "revenueEstimated": null, "fiscalDateEnding": "2019-09-30", "updatedFromDate": "2023-05-17"}, {"date": "2019-10-23", "symbol": "CLGX", "eps": 0.82, "epsEstimated": 0.83, "time": "amc", "revenue": 458957000, "revenueEstimated": 464554036.58536583, "fiscalDateEnding": "2019-09-29", "updatedFromDate": "2023-05-17"}, {"date": "2019-10-23", "symbol": "CMO", "eps": 0.11, "epsEstimated": 0.09, "time": "amc", "revenue": 4827000, "revenueEstimated": 64438363.63636363, "fiscalDateEnding": "2019-09-29", "updatedFromDate": "2023-05-17"}, {"date": "2019-10-23", "symbol": "MBGAF", "eps": 1.61, "epsEstimated": 1.55, "time": "bmo", "revenue": 43270000000, "revenueEstimated": null, "fiscalDateEnding": "2019-09-30", "updatedFromDate": "2023-09-29"}, {"date": "2019-10-23", "symbol": "002109.SZ", "eps": 0.0082, "epsEstimated": null, "time": "bmo", "revenue": 476103747.61, "revenueEstimated": null, "fiscalDateEnding": "2019-09-29", "updatedFromDate": "2023-05-17"}, {"date": "2019-10-23", "symbol": "TERRA13.MX", "eps": 1.77, "epsEstimated": 0.72, "time": "bmo", "revenue": null, "revenueEstimated": null, "fiscalDateEnding": "2019-09-30", "updatedFromDate": "2023-05-17"}, {"date": "2019-10-23", "symbol": "HEXAWARE.NS", "eps": 6.07, "epsEstimated": 5.95, "time": "bmo", "revenue": 14813470000, "revenueEstimated": null, "fiscalDateEnding": "2019-09-30", "updatedFromDate": "2023-05-17"}, {"date": "2019-10-23", "symbol": "SALT", "eps": -0.3, "epsEstimated": -0.5, "time": "bmo", "revenue": 63227000, "revenueEstimated": 105378333.33333334, "fiscalDateEnding": "2019-09-29", "updatedFromDate": "2023-05-17"}, {"date": "2019-10-23", "symbol": "INVEO.IS", "eps": null, "epsEstimated": null, "time": "bmo", "revenue": null, "revenueEstimated": null, "fiscalDateEnding": "2019-09-30", "updatedFromDate": "2023-05-17"}, {"date": "2019-10-23", "symbol": "000028.SZ", "eps": 0.74, "epsEstimated": null, "time": "bmo", "revenue": 13647793431.64, "revenueEstimated": null, "fiscalDateEnding": "2019-09-29", "updatedFromDate": "2023-08-16"}, {"date": "2019-10-23", "symbol": "MSAB-B.ST", "eps": 1.03, "epsEstimated": 0.36, "time": "bmo", "revenue": 93300000, "revenueEstimated": null, "fiscalDateEnding": "2019-09-30", "updatedFromDate": "2023-05-17"}, {"date": "2019-10-23", "symbol": "DHT", "eps": -0.06, "epsEstimated": -0.06, "time": "amc", "revenue": 104740000, "revenueEstimated": 122196666.66666667, "fiscalDateEnding": "2019-09-30", "updatedFromDate": "2023-09-29"}, {"date": "2019-10-23", "symbol": "WMMVF", "eps": 0.53, "epsEstimated": 0.53, "time": "bmo", "revenue": 155018693000, "revenueEstimated": null, "fiscalDateEnding": "2019-09-29", "updatedFromDate": "2023-05-17"}, {"date": "2019-10-23", "symbol": "CEY.L", "eps": null, "epsEstimated": null, "time": "bmo", "revenue": null, "revenueEstimated": null, "fiscalDateEnding": "2019-07-23", "updatedFromDate": "2023-10-16"}, {"date": "2019-10-23", "symbol": "FOJCF", "eps": 0.23, "epsEstimated": 0.22, "time": "bmo", "revenue": null, "revenueEstimated": null, "fiscalDateEnding": "2019-09-30", "updatedFromDate": "2023-08-16"}, {"date": "2019-10-23", "symbol": "PSKOF", "eps": 2.96, "epsEstimated": 2.95, "time": "bmo", "revenue": null, "revenueEstimated": null, "fiscalDateEnding": "2019-09-30", "updatedFromDate": "2023-08-16"}, {"date": "2019-10-23", "symbol": "CRQDF", "eps": null, "epsEstimated": 1.3, "time": "bmo", "revenue": null, "revenueEstimated": null, "fiscalDateEnding": "2019-09-30", "updatedFromDate": "2023-05-17"}, {"date": "2019-10-23", "symbol": "002108.SZ", "eps": 0.0516, "epsEstimated": null, "time": "bmo", "revenue": 874917402.36, "revenueEstimated": null, "fiscalDateEnding": "2019-09-29", "updatedFromDate": "2023-05-17"}, {"date": "2019-10-23", "symbol": "KNOW.ST", "eps": 1.99, "epsEstimated": 2.36, "time": "bmo", "revenue": 708600000, "revenueEstimated": null, "fiscalDateEnding": "2019-09-29", "updatedFromDate": "2023-05-17"}, {"date": "2019-10-23", "symbol": "200028.SZ", "eps": 0.735, "epsEstimated": null, "time": "bmo", "revenue": 13647793431.64, "revenueEstimated": null, "fiscalDateEnding": "2019-09-29", "updatedFromDate": "2023-05-17"}, {"date": "2019-10-23", "symbol": "ORKLF", "eps": 1.19, "epsEstimated": 1.18, "time": "bmo", "revenue": 10880000000, "revenueEstimated": null, "fiscalDateEnding": "2019-09-30", "updatedFromDate": "2023-08-16"}, {"date": "2019-10-23", "symbol": "ANTM", "eps": 4.87, "epsEstimated": 4.82, "time": "bmo", "revenue": 26674000000, "revenueEstimated": 26400139630.390144, "fiscalDateEnding": "2019-09-29", "updatedFromDate": "2023-05-17"}, {"date": "2019-10-23", "symbol": "AIXXF", "eps": 0.04, "epsEstimated": 0.06, "time": "bmo", "revenue": null, "revenueEstimated": null, "fiscalDateEnding": "2019-09-30", "updatedFromDate": "2023-08-16"}, {"date": "2019-10-23", "symbol": "KNYJY", "eps": 0.48, "epsEstimated": 0.49, "time": "bmo", "revenue": 2557600000, "revenueEstimated": null, "fiscalDateEnding": "2019-09-30", "updatedFromDate": "2023-09-29"}, {"date": "2019-10-23", "symbol": "LABB.MX", "eps": 0.72, "epsEstimated": 0.28, "time": "bmo", "revenue": null, "revenueEstimated": null, "fiscalDateEnding": "2019-09-30", "updatedFromDate": "2023-05-17"}, {"date": "2019-10-23", "symbol": "CFP.TO", "eps": -0.66, "epsEstimated": -0.4, "time": "bmo", "revenue": 1091400000, "revenueEstimated": null, "fiscalDateEnding": "2019-09-29", "updatedFromDate": "2023-05-17"}, {"date": "2019-10-23", "symbol": "SHLRF", "eps": null, "epsEstimated": null, "time": "bmo", "revenue": null, "revenueEstimated": null, "fiscalDateEnding": "2019-09-30", "updatedFromDate": "2023-05-17"}, {"date": "2019-10-23", "symbol": "PFBX", "eps": 0.09, "epsEstimated": null, "time": "bmo", "revenue": 4329000, "revenueEstimated": null, "fiscalDateEnding": "2019-09-29", "updatedFromDate": "2023-09-29"}, {"date": "2019-10-23", "symbol": "GISSAA.MX", "eps": null, "epsEstimated": null, "time": "bmo", "revenue": null, "revenueEstimated": null, "fiscalDateEnding": "2019-09-30", "updatedFromDate": "2023-05-17"}, {"date": "2019-10-23", "symbol": "BANR", "eps": 1.15, "epsEstimated": 1.05, "time": "amc", "revenue": 141046000, "revenueEstimated": 125531608.69565219, "fiscalDateEnding": "2019-09-29", "updatedFromDate": "2023-09-29"}, {"date": "2019-10-23", "symbol": "ISBC", "eps": 0.2, "epsEstimated": 0.18, "time": "amc", "revenue": 189233000, "revenueEstimated": 161308799.99999997, "fiscalDateEnding": "2019-07-23", "updatedFromDate": "2023-08-16"}, {"date": "2019-10-23", "symbol": "QEWS.QA", "eps": 0.3, "epsEstimated": 0.29, "time": "bmo", "revenue": null, "revenueEstimated": null, "fiscalDateEnding": "2019-09-30", "updatedFromDate": "2023-08-16"}, {"date": "2019-10-23", "symbol": "MKTX", "eps": 1.42, "epsEstimated": 1.39, "time": "bmo", "revenue": 131597000, "revenueEstimated": 128816781.69014084, "fiscalDateEnding": "2019-09-29", "updatedFromDate": "2023-09-29"}, {"date": "2019-10-23", "symbol": "002088.SZ", "eps": 0.1357, "epsEstimated": null, "time": "bmo", "revenue": 453178430.77, "revenueEstimated": null, "fiscalDateEnding": "2019-09-29", "updatedFromDate": "2023-05-17"}, {"date": "2019-10-23", "symbol": "KNKBF", "eps": null, "epsEstimated": null, "time": "bmo", "revenue": null, "revenueEstimated": null, "fiscalDateEnding": "2019-09-30", "updatedFromDate": "2023-05-17"}, {"date": "2019-10-23", "symbol": "LVS", "eps": 0.75, "epsEstimated": 0.75, "time": "amc", "revenue": 3250000000, "revenueEstimated": 3250000000, "fiscalDateEnding": "2019-09-29", "updatedFromDate": "2023-09-29"}, {"date": "2019-10-23", "symbol": "PCSB", "eps": 0.18, "epsEstimated": 0.14, "time": "bmo", "revenue": 12763000, "revenueEstimated": 9926777.77777778, "fiscalDateEnding": "2019-09-29", "updatedFromDate": "2023-08-16"}, {"date": "2019-10-23", "symbol": "CP.TO", "eps": 0.92, "epsEstimated": 0.9, "time": "bmo", "revenue": 1979000000, "revenueEstimated": null, "fiscalDateEnding": "2019-09-29", "updatedFromDate": "2023-05-17"}, {"date": "2019-10-23", "symbol": "VGZ.TO", "eps": -0.02, "epsEstimated": -0.02, "time": "bmo", "revenue": null, "revenueEstimated": null, "fiscalDateEnding": "2019-09-29", "updatedFromDate": "2023-08-16"}, {"date": "2019-10-23", "symbol": "SEAF.ST", "eps": -0.37, "epsEstimated": 0.12, "time": "bmo", "revenue": 45664000, "revenueEstimated": null, "fiscalDateEnding": "2019-09-30", "updatedFromDate": "2023-08-16"}, {"date": "2019-10-23", "symbol": "ECHO", "eps": 0.39, "epsEstimated": 0.37, "time": "amc", "revenue": 561441000, "revenueEstimated": 532649153.8461538, "fiscalDateEnding": "2019-09-29", "updatedFromDate": "2023-05-17"}, {"date": "2019-10-23", "symbol": "WM", "eps": 1.19, "epsEstimated": 1.14, "time": "bmo", "revenue": 3967000000, "revenueEstimated": 3800319327.731092, "fiscalDateEnding": "2019-09-29", "updatedFromDate": "2023-09-29"}, {"date": "2019-10-23", "symbol": "ATRAV.HE", "eps": 0.43, "epsEstimated": 0.35, "time": "bmo", "revenue": 366000000, "revenueEstimated": null, "fiscalDateEnding": "2019-09-29", "updatedFromDate": "2023-08-16"}, {"date": "2019-10-23", "symbol": "SAVE", "eps": 1.32, "epsEstimated": 1.23, "time": "amc", "revenue": 991968000, "revenueEstimated": 924333818.1818181, "fiscalDateEnding": "2019-09-29", "updatedFromDate": "2023-09-29"}, {"date": "2019-10-23", "symbol": "002068.SZ", "eps": -0.0145, "epsEstimated": null, "time": "bmo", "revenue": 1667126131.43, "revenueEstimated": null, "fiscalDateEnding": "2019-09-29", "updatedFromDate": "2023-05-17"}, {"date": "2019-10-23", "symbol": "002481.SZ", "eps": 0.04, "epsEstimated": null, "time": "bmo", "revenue": 456685670.21, "revenueEstimated": null, "fiscalDateEnding": "2019-09-29", "updatedFromDate": "2023-05-17"}, {"date": "2019-10-23", "symbol": "TIGO-SDB.ST", "eps": -1.29, "epsEstimated": -0.11, "time": "bmo", "revenue": 1097000000, "revenueEstimated": null, "fiscalDateEnding": "2019-09-29", "updatedFromDate": "2023-08-16"}, {"date": "2019-10-23", "symbol": "STOHF", "eps": 0.32, "epsEstimated": 0.31, "time": "bmo", "revenue": null, "revenueEstimated": 7071875, "fiscalDateEnding": "2019-09-30", "updatedFromDate": "2023-05-17"}, {"date": "2019-10-23", "symbol": "002449.SZ", "eps": 0.1534, "epsEstimated": null, "time": "bmo", "revenue": 1488704708.79, "revenueEstimated": null, "fiscalDateEnding": "2019-12-30", "updatedFromDate": "2023-05-17"}, {"date": "2019-10-23", "symbol": "6594.T", "eps": 40.92, "epsEstimated": 52.91, "time": "bmo", "revenue": 336876000000, "revenueEstimated": null, "fiscalDateEnding": "2019-07-23", "updatedFromDate": "2023-10-17"}, {"date": "2019-10-23", "symbol": "OPOF", "eps": 0.43, "epsEstimated": null, "time": "bmo", "revenue": 12289000, "revenueEstimated": null, "fiscalDateEnding": "2019-09-29", "updatedFromDate": "2023-09-29"}, {"date": "2019-10-23", "symbol": "HNI", "eps": 1.08, "epsEstimated": 1.07, "time": "amc", "revenue": 625386000, "revenueEstimated": 619595388.8888888, "fiscalDateEnding": "2019-09-27", "updatedFromDate": "2023-09-29"}, {"date": "2019-10-23", "symbol": "BYYLF", "eps": null, "epsEstimated": null, "time": "bmo", "revenue": null, "revenueEstimated": null, "fiscalDateEnding": "2019-09-30", "updatedFromDate": "2023-05-17"}, {"date": "2019-10-23", "symbol": "CUBI", "eps": 0.79, "epsEstimated": 0.71, "time": "amc", "revenue": 98609000, "revenueEstimated": 95086270.27027027, "fiscalDateEnding": "2019-09-29", "updatedFromDate": "2023-09-29"}, {"date": "2019-10-23", "symbol": "SSH1V.HE", "eps": -0.01, "epsEstimated": -0.00333, "time": "bmo", "revenue": 3600000, "revenueEstimated": null, "fiscalDateEnding": "2019-09-29", "updatedFromDate": "2023-08-16"}, {"date": "2019-10-23", "symbol": "LUMI.ST", "eps": 0.08, "epsEstimated": 0.08, "time": "bmo", "revenue": 538715000, "revenueEstimated": null, "fiscalDateEnding": "2019-09-29", "updatedFromDate": "2023-05-17"}, {"date": "2019-10-23", "symbol": "000789.SZ", "eps": 0.3834, "epsEstimated": null, "time": "bmo", "revenue": 2920395961.33, "revenueEstimated": null, "fiscalDateEnding": "2019-09-29", "updatedFromDate": "2023-05-17"}, {"date": "2019-10-23", "symbol": "DTCGF", "eps": 1.26, "epsEstimated": 1.45, "time": "bmo", "revenue": 4605000000, "revenueEstimated": null, "fiscalDateEnding": "2019-09-30", "updatedFromDate": "2023-09-29"}, {"date": "2019-10-23", "symbol": "BCO", "eps": 1.05, "epsEstimated": 1.02, "time": "bmo", "revenue": 928400000, "revenueEstimated": 919558095.2380953, "fiscalDateEnding": "2019-09-29", "updatedFromDate": "2023-09-29"}, {"date": "2019-10-23", "symbol": "AIOSF", "eps": 0.05, "epsEstimated": 0.05, "time": "bmo", "revenue": null, "revenueEstimated": null, "fiscalDateEnding": "2019-09-30", "updatedFromDate": "2023-05-17"}, {"date": "2019-10-23", "symbol": "TBABF", "eps": 2.83, "epsEstimated": 2.59, "time": "bmo", "revenue": null, "revenueEstimated": 5271025.229681979, "fiscalDateEnding": "2019-09-30", "updatedFromDate": "2023-05-17"}, {"date": "2019-10-23", "symbol": "002906.SZ", "eps": 0.0592, "epsEstimated": null, "time": "bmo", "revenue": 812429542.7, "revenueEstimated": null, "fiscalDateEnding": "2019-09-29", "updatedFromDate": "2023-05-17"}, {"date": "2019-10-23", "symbol": "CFPZF", "eps": -0.66, "epsEstimated": -0.4, "time": "bmo", "revenue": null, "revenueEstimated": null, "fiscalDateEnding": "2019-09-30", "updatedFromDate": "2023-08-16"}, {"date": "2019-10-23", "symbol": "XXL.OL", "eps": 0.21, "epsEstimated": 0.48, "time": "bmo", "revenue": 2473000000, "revenueEstimated": null, "fiscalDateEnding": "2019-09-29", "updatedFromDate": "2023-05-17"}, {"date": "2019-10-23", "symbol": "KNX", "eps": 0.48, "epsEstimated": 0.49, "time": "bmo", "revenue": 1200522000, "revenueEstimated": 1225532875, "fiscalDateEnding": "2019-09-29", "updatedFromDate": "2023-09-29"}, {"date": "2019-10-23", "symbol": "4765.T", "eps": 3.38, "epsEstimated": null, "time": "bmo", "revenue": 1806997000, "revenueEstimated": null, "fiscalDateEnding": "2019-07-23", "updatedFromDate": "2023-10-17"}, {"date": "2019-10-23", "symbol": "CREAL.MX", "eps": null, "epsEstimated": 1.3, "time": "bmo", "revenue": null, "revenueEstimated": null, "fiscalDateEnding": "2019-09-30", "updatedFromDate": "2023-08-17"}, {"date": "2019-10-23", "symbol": "ASKTF", "eps": -0.02, "epsEstimated": -0.05, "time": "bmo", "revenue": null, "revenueEstimated": null, "fiscalDateEnding": "2019-09-30", "updatedFromDate": "2023-05-17"}, {"date": "2019-10-23", "symbol": "BAR.BR", "eps": null, "epsEstimated": null, "time": "bmo", "revenue": null, "revenueEstimated": null, "fiscalDateEnding": "2019-07-23", "updatedFromDate": "2023-05-17"}, {"date": "2019-10-23", "symbol": "LMAT", "eps": 0.25, "epsEstimated": 0.21, "time": "amc", "revenue": 29100000, "revenueEstimated": 24444000, "fiscalDateEnding": "2019-09-29", "updatedFromDate": "2023-09-29"}, {"date": "2019-10-23", "symbol": "ALKAL.PA", "eps": null, "epsEstimated": null, "time": "bmo", "revenue": null, "revenueEstimated": null, "fiscalDateEnding": "2019-07-23", "updatedFromDate": "2023-05-17"}, {"date": "2019-10-23", "symbol": "BLRDF", "eps": 0.48, "epsEstimated": 1.1, "time": "bmo", "revenue": null, "revenueEstimated": null, "fiscalDateEnding": "2019-09-30", "updatedFromDate": "2023-05-17"}, {"date": "2019-10-23", "symbol": "600299.SS", "eps": 0.1, "epsEstimated": null, "time": "bmo", "revenue": 2955246621, "revenueEstimated": null, "fiscalDateEnding": "2019-09-29", "updatedFromDate": "2023-08-16"}, {"date": "2019-10-23", "symbol": "VNE", "eps": -1.2, "epsEstimated": -1.34, "time": "bmo", "revenue": 456000000, "revenueEstimated": 515900000, "fiscalDateEnding": "2019-07-23", "updatedFromDate": "2023-05-17"}, {"date": "2019-10-23", "symbol": "WPGGQ", "eps": -0.18, "epsEstimated": -0.9, "time": "amc", "revenue": null, "revenueEstimated": null, "fiscalDateEnding": "2019-09-30", "updatedFromDate": "2023-05-17"}, {"date": "2019-10-23", "symbol": "ORNBV.HE", "eps": 0.51, "epsEstimated": 0.49, "time": "bmo", "revenue": 283700000, "revenueEstimated": null, "fiscalDateEnding": "2019-09-29", "updatedFromDate": "2023-05-17"}, {"date": "2019-10-23", "symbol": "002241.SZ", "eps": 0.14, "epsEstimated": 0.14, "time": "bmo", "revenue": 10558606800.46, "revenueEstimated": null, "fiscalDateEnding": "2019-09-29", "updatedFromDate": "2023-08-16"}, {"date": "2019-10-23", "symbol": "ASTK.OL", "eps": -0.02, "epsEstimated": -0.05, "time": "bmo", "revenue": 15661000, "revenueEstimated": null, "fiscalDateEnding": "2019-07-23", "updatedFromDate": "2023-05-17"}, {"date": "2019-10-23", "symbol": "NTRSO", "eps": 1.69, "epsEstimated": 1.63, "time": "bmo", "revenue": 1343900000, "revenueEstimated": 1294431288, "fiscalDateEnding": "2019-09-30", "updatedFromDate": "2023-05-17"}, {"date": "2019-10-23", "symbol": "HYMLF", "eps": 1623.06, "epsEstimated": 2822.95, "time": "bmo", "revenue": null, "revenueEstimated": null, "fiscalDateEnding": "2019-09-30", "updatedFromDate": "2023-09-29"}, {"date": "2019-10-23", "symbol": "ALQP.PA", "eps": 0.232, "epsEstimated": null, "time": "bmo", "revenue": 32756250, "revenueEstimated": null, "fiscalDateEnding": "2019-07-23", "updatedFromDate": "2023-10-16"}, {"date": "2019-10-23", "symbol": "VIS.IC", "eps": -0.21, "epsEstimated": null, "time": "bmo", "revenue": 5609580000, "revenueEstimated": null, "fiscalDateEnding": "2019-09-29", "updatedFromDate": "2023-05-17"}, {"date": "2019-10-23", "symbol": "UNF", "eps": 2.4, "epsEstimated": 1.96, "time": "bmo", "revenue": 479621000, "revenueEstimated": 391690483.3333333, "fiscalDateEnding": "2019-08-30", "updatedFromDate": "2023-09-29"}, {"date": "2019-10-23", "symbol": "JMP", "eps": -0.1, "epsEstimated": 0.07, "time": "bmo", "revenue": 21303000, "revenueEstimated": 16694999.999999998, "fiscalDateEnding": "2019-09-29", "updatedFromDate": "2023-05-17"}, {"date": "2019-10-23", "symbol": "BANC", "eps": -0.45, "epsEstimated": -0.32, "time": "bmo", "revenue": 62096000, "revenueEstimated": 46916977.777777776, "fiscalDateEnding": "2019-09-29", "updatedFromDate": "2023-09-29"}, {"date": "2019-10-23", "symbol": "QFR.OL", "eps": 0.28, "epsEstimated": null, "time": "bmo", "revenue": 242630000, "revenueEstimated": null, "fiscalDateEnding": "2019-09-29", "updatedFromDate": "2023-08-16"}, {"date": "2019-10-23", "symbol": "FR", "eps": 0.62, "epsEstimated": 0.23, "time": "amc", "revenue": 106590000, "revenueEstimated": 39541451.61290323, "fiscalDateEnding": "2019-09-29", "updatedFromDate": "2023-09-29"}, {"date": "2019-10-23", "symbol": "NWG", "eps": -0.03736, "epsEstimated": null, "time": "bmo", "revenue": 2903000000, "revenueEstimated": null, "fiscalDateEnding": "2019-09-30", "updatedFromDate": "2023-09-29"}, {"date": "2019-10-23", "symbol": "AEM", "eps": 0.37, "epsEstimated": 0.27, "time": "amc", "revenue": 682959000, "revenueEstimated": 498375486.48648655, "fiscalDateEnding": "2019-09-30", "updatedFromDate": "2023-09-29"}, {"date": "2019-10-23", "symbol": "DHBK.QA", "eps": 0.1, "epsEstimated": 0.08, "time": "bmo", "revenue": null, "revenueEstimated": null, "fiscalDateEnding": "2019-09-30", "updatedFromDate": "2023-08-16"}, {"date": "2019-10-23", "symbol": "EW", "eps": 0.47, "epsEstimated": 0.41, "time": "amc", "revenue": 1094000000, "revenueEstimated": 954340425.531915, "fiscalDateEnding": "2019-09-29", "updatedFromDate": "2023-09-29"}, {"date": "2019-10-23", "symbol": "MSON-A.ST", "eps": 0.658, "epsEstimated": null, "time": "bmo", "revenue": 765000000, "revenueEstimated": null, "fiscalDateEnding": "2019-09-29", "updatedFromDate": "2023-08-16"}, {"date": "2019-10-23", "symbol": "ARGX", "eps": 0.66, "epsEstimated": 1.17, "time": "bmo", "revenue": 8732000, "revenueEstimated": 11284430, "fiscalDateEnding": "2019-09-30", "updatedFromDate": "2023-09-29"}, {"date": "2019-10-23", "symbol": "WGO", "eps": 1.03, "epsEstimated": 1, "time": "bmo", "revenue": 530396000, "revenueEstimated": 514947572.815534, "fiscalDateEnding": "2019-08-30", "updatedFromDate": "2023-09-29"}, {"date": "2019-10-23", "symbol": "600993.SS", "eps": 0.18, "epsEstimated": null, "time": "bmo", "revenue": 647694853.94, "revenueEstimated": null, "fiscalDateEnding": "2019-09-29", "updatedFromDate": "2023-05-17"}, {"date": "2019-10-23", "symbol": "TRN", "eps": 0.39, "epsEstimated": 0.35, "time": "amc", "revenue": 813600000, "revenueEstimated": 730153846.1538461, "fiscalDateEnding": "2019-09-29", "updatedFromDate": "2023-09-29"}, {"date": "2019-10-23", "symbol": "SLAB", "eps": 0.96, "epsEstimated": 0.84, "time": "bmo", "revenue": 223294000, "revenueEstimated": 195382250, "fiscalDateEnding": "2019-09-27", "updatedFromDate": "2023-09-29"}, {"date": "2019-10-23", "symbol": "CPF", "eps": 0.51, "epsEstimated": 0.5, "time": "bmo", "revenue": 54895000, "revenueEstimated": 54818627.45098039, "fiscalDateEnding": "2019-09-29", "updatedFromDate": "2023-09-29"}, {"date": "2019-10-23", "symbol": "NONEF", "eps": 41.75, "epsEstimated": 30.05, "time": "bmo", "revenue": null, "revenueEstimated": null, "fiscalDateEnding": "2020-03-31", "updatedFromDate": "2023-05-17"}, {"date": "2019-10-23", "symbol": "603737.SS", "eps": 0.4235, "epsEstimated": null, "time": "bmo", "revenue": 1636720238.78, "revenueEstimated": null, "fiscalDateEnding": "2019-09-29", "updatedFromDate": "2023-08-16"}, {"date": "2019-10-23", "symbol": "STL", "eps": 0.52, "epsEstimated": 0.54, "time": "amc", "revenue": 263054000, "revenueEstimated": 285733730.7692308, "fiscalDateEnding": "2019-09-29", "updatedFromDate": "2023-05-17"}, {"date": "2019-10-23", "symbol": "LCMRF", "eps": 0.21, "epsEstimated": 0.2, "time": "bmo", "revenue": null, "revenueEstimated": null, "fiscalDateEnding": "2019-09-30", "updatedFromDate": "2023-05-17"}, {"date": "2019-10-23", "symbol": "ABB.ST", "eps": 0.33, "epsEstimated": 0.28, "time": "bmo", "revenue": 6892000000, "revenueEstimated": null, "fiscalDateEnding": "2019-09-29", "updatedFromDate": "2023-05-17"}, {"date": "2019-10-23", "symbol": "MRELF", "eps": null, "epsEstimated": null, "time": "bmo", "revenue": null, "revenueEstimated": null, "fiscalDateEnding": "2019-09-30", "updatedFromDate": "2023-05-17"}, {"date": "2019-10-23", "symbol": "SSAB-B.ST", "eps": 0.17, "epsEstimated": 0.01, "time": "bmo", "revenue": 18840000000, "revenueEstimated": null, "fiscalDateEnding": "2019-09-29", "updatedFromDate": "2023-05-17"}, {"date": "2019-10-23", "symbol": "SID", "eps": -0.16, "epsEstimated": -0.01924, "time": "bmo", "revenue": 6006393000, "revenueEstimated": 46194622527, "fiscalDateEnding": "2019-09-30", "updatedFromDate": "2023-09-29"}, {"date": "2019-10-23", "symbol": "KNCRF", "eps": 0.66, "epsEstimated": 0.61, "time": "bmo", "revenue": null, "revenueEstimated": 252687878.78787878, "fiscalDateEnding": "2019-09-30", "updatedFromDate": "2023-05-17"}, {"date": "2019-10-23", "symbol": "CMOCTEZ.MX", "eps": null, "epsEstimated": null, "time": "bmo", "revenue": null, "revenueEstimated": null, "fiscalDateEnding": "2019-09-30", "updatedFromDate": "2023-05-31"}, {"date": "2019-10-23", "symbol": "SHLAF", "eps": 2.18, "epsEstimated": 2.14, "time": "bmo", "revenue": null, "revenueEstimated": 24148623.853211008, "fiscalDateEnding": "2019-09-30", "updatedFromDate": "2023-05-17"}, {"date": "2019-10-23", "symbol": "GNMLF", "eps": 0.72, "epsEstimated": 0.28, "time": "bmo", "revenue": null, "revenueEstimated": null, "fiscalDateEnding": "2019-09-30", "updatedFromDate": "2023-05-17"}, {"date": "2019-10-23", "symbol": "688333.SS", "eps": 0.657, "epsEstimated": null, "time": "bmo", "revenue": 145442344.41, "revenueEstimated": null, "fiscalDateEnding": "2019-07-23", "updatedFromDate": "2023-05-17"}, {"date": "2019-10-23", "symbol": "CP", "eps": 0.7, "epsEstimated": 0.68, "time": "amc", "revenue": 1979000000, "revenueEstimated": 1940364425.1626894, "fiscalDateEnding": "2019-09-29", "updatedFromDate": "2023-09-29"}, {"date": "2019-10-23", "symbol": "002092.SZ", "eps": null, "epsEstimated": null, "time": "bmo", "revenue": null, "revenueEstimated": null, "fiscalDateEnding": "2019-09-30", "updatedFromDate": "2023-05-17"}, {"date": "2019-10-23", "symbol": "603393.SS", "eps": 0.3002, "epsEstimated": null, "time": "bmo", "revenue": 554259610.47, "revenueEstimated": null, "fiscalDateEnding": "2019-09-29", "updatedFromDate": "2023-05-17"}, {"date": "2019-10-23", "symbol": "GMXT.MX", "eps": 0.34, "epsEstimated": 0.42, "time": "bmo", "revenue": null, "revenueEstimated": null, "fiscalDateEnding": "2019-09-30", "updatedFromDate": "2023-05-31"}, {"date": "2019-10-23", "symbol": "INBK", "eps": 0.63, "epsEstimated": 0.53, "time": "amc", "revenue": 19000000, "revenueEstimated": 20141619.04761905, "fiscalDateEnding": "2019-07-23", "updatedFromDate": "2023-10-10"}, {"date": "2019-10-23", "symbol": "ABB", "eps": 0.33, "epsEstimated": 0.24, "time": "bmo", "revenue": 6892000000, "revenueEstimated": 6461249998.5, "fiscalDateEnding": "2019-09-30", "updatedFromDate": "2023-09-29"}, {"date": "2019-10-23", "symbol": "MSON-B.ST", "eps": 0.52, "epsEstimated": 0.6, "time": "bmo", "revenue": 765000000, "revenueEstimated": null, "fiscalDateEnding": "2019-09-29", "updatedFromDate": "2023-08-16"}, {"date": "2019-10-23", "symbol": "CZFS", "eps": 1.44, "epsEstimated": 1.35, "time": "bmo", "revenue": 15076000, "revenueEstimated": 7510.204081632653, "fiscalDateEnding": "2019-09-29", "updatedFromDate": "2023-09-29"}, {"date": "2019-10-23", "symbol": "002528.SZ", "eps": 0.0207, "epsEstimated": null, "time": "bmo", "revenue": 1059561033.3, "revenueEstimated": null, "fiscalDateEnding": "2019-09-29", "updatedFromDate": "2023-05-17"}, {"date": "2019-10-23", "symbol": "TZOO", "eps": 0.03, "epsEstimated": 0.02, "time": "bmo", "revenue": 25505000, "revenueEstimated": 17003333.333333336, "fiscalDateEnding": "2019-09-29", "updatedFromDate": "2023-09-29"}, {"date": "2019-10-23", "symbol": "SCT.L", "eps": null, "epsEstimated": null, "time": "bmo", "revenue": null, "revenueEstimated": null, "fiscalDateEnding": "2019-09-29", "updatedFromDate": "2023-08-17"}, {"date": "2019-10-23", "symbol": "GCARSOA1.MX", "eps": null, "epsEstimated": null, "time": "bmo", "revenue": null, "revenueEstimated": null, "fiscalDateEnding": "2019-09-30", "updatedFromDate": "2023-08-16"}, {"date": "2019-10-23", "symbol": "MICLF", "eps": 1.52, "epsEstimated": 1, "time": "bmo", "revenue": null, "revenueEstimated": 43223684.21052632, "fiscalDateEnding": "2019-09-30", "updatedFromDate": "2023-05-17"}, {"date": "2019-10-23", "symbol": "UAN", "eps": -2, "epsEstimated": -0.05, "time": "amc", "revenue": 88582000, "revenueEstimated": 22145499.99999999, "fiscalDateEnding": "2019-09-29", "updatedFromDate": "2023-09-29"}, {"date": "2019-10-23", "symbol": "VVL.OL", "eps": 6.5, "epsEstimated": 5.57, "time": "bmo", "revenue": 28528000, "revenueEstimated": null, "fiscalDateEnding": "2019-09-29", "updatedFromDate": "2023-05-17"}, {"date": "2019-10-23", "symbol": "BOKF", "eps": 1.94, "epsEstimated": 1.92, "time": "bmo", "revenue": 446027000, "revenueEstimated": 446924160, "fiscalDateEnding": "2019-09-29", "updatedFromDate": "2023-09-29"}, {"date": "2019-10-23", "symbol": "GTY", "eps": 0.28, "epsEstimated": 0.29, "time": "amc", "revenue": 36428000, "revenueEstimated": 37728999.99999999, "fiscalDateEnding": "2019-09-29", "updatedFromDate": "2023-09-29"}, {"date": "2019-10-23", "symbol": "MMNNF", "eps": 0.79, "epsEstimated": 0.7, "time": "bmo", "revenue": null, "revenueEstimated": null, "fiscalDateEnding": "2019-09-30", "updatedFromDate": "2023-05-17"}, {"date": "2019-10-23", "symbol": "LAGR-B.ST", "eps": 0.38, "epsEstimated": 0.41, "time": "bmo", "revenue": 977000000, "revenueEstimated": null, "fiscalDateEnding": "2019-07-23", "updatedFromDate": "2023-10-17"}, {"date": "2019-10-23", "symbol": "ESS", "eps": 1.53, "epsEstimated": 1.34, "time": "amc", "revenue": 366932000, "revenueEstimated": 325621774.83443713, "fiscalDateEnding": "2019-09-29", "updatedFromDate": "2023-09-29"}, {"date": "2019-10-23", "symbol": "002238.SZ", "eps": 0.06631, "epsEstimated": null, "time": "bmo", "revenue": 384997540.42, "revenueEstimated": null, "fiscalDateEnding": "2019-09-29", "updatedFromDate": "2023-05-17"}, {"date": "2019-10-23", "symbol": "ALSSF", "eps": 0.23, "epsEstimated": 0.3, "time": "bmo", "revenue": null, "revenueEstimated": 729652173.9130435, "fiscalDateEnding": "2019-09-30", "updatedFromDate": "2023-05-17"}, {"date": "2019-10-23", "symbol": "LLY", "eps": 1.48, "epsEstimated": 1.41, "time": "bmo", "revenue": 5476600000, "revenueEstimated": 5217571621.621621, "fiscalDateEnding": "2019-09-29", "updatedFromDate": "2023-09-29"}, {"date": "2019-10-23", "symbol": "300005.SZ", "eps": null, "epsEstimated": null, "time": "bmo", "revenue": null, "revenueEstimated": null, "fiscalDateEnding": "2019-09-30", "updatedFromDate": "2023-05-31"}, {"date": "2019-10-23", "symbol": "000661.SZ", "eps": 1.51, "epsEstimated": null, "time": "bmo", "revenue": 2052066160.83, "revenueEstimated": null, "fiscalDateEnding": "2019-09-29", "updatedFromDate": "2023-05-17"}, {"date": "2019-10-23", "symbol": "WSBCP", "eps": 0.71, "epsEstimated": 0.78, "time": "bmo", "revenue": 123070000, "revenueEstimated": null, "fiscalDateEnding": "2019-09-29", "updatedFromDate": "2023-05-17"}, {"date": "2019-10-23", "symbol": "GMEXICOB.MX", "eps": 0.04, "epsEstimated": 0.05, "time": "bmo", "revenue": 2793883000, "revenueEstimated": null, "fiscalDateEnding": "2019-09-29", "updatedFromDate": "2023-08-16"}, {"date": "2019-10-23", "symbol": "SYBT", "eps": 0.76, "epsEstimated": 0.65, "time": "bmo", "revenue": 44712000, "revenueEstimated": 38806710.526315786, "fiscalDateEnding": "2019-09-29", "updatedFromDate": "2023-09-29"}, {"date": "2019-10-23", "symbol": "001120.KS", "eps": 52, "epsEstimated": 683.53, "time": "bmo", "revenue": 2759774719470, "revenueEstimated": null, "fiscalDateEnding": "2019-09-29", "updatedFromDate": "2023-05-17"}, {"date": "2019-10-23", "symbol": "300021.SZ", "eps": null, "epsEstimated": null, "time": "bmo", "revenue": null, "revenueEstimated": null, "fiscalDateEnding": "2019-09-30", "updatedFromDate": "2023-05-31"}, {"date": "2019-10-23", "symbol": "BBAJF", "eps": 1.17, "epsEstimated": 1.12, "time": "bmo", "revenue": null, "revenueEstimated": null, "fiscalDateEnding": "2019-09-30", "updatedFromDate": "2023-05-17"}, {"date": "2019-10-23", "symbol": "ALKLK.PA", "eps": null, "epsEstimated": null, "time": "bmo", "revenue": null, "revenueEstimated": null, "fiscalDateEnding": "2019-09-30", "updatedFromDate": "2023-05-17"}, {"date": "2019-10-23", "symbol": "000751.SZ", "eps": 0.0478, "epsEstimated": null, "time": "bmo", "revenue": 2007730096.55, "revenueEstimated": null, "fiscalDateEnding": "2019-09-29", "updatedFromDate": "2023-05-17"}, {"date": "2019-10-23", "symbol": "TKFTF", "eps": null, "epsEstimated": null, "time": "bmo", "revenue": null, "revenueEstimated": null, "fiscalDateEnding": "2019-09-30", "updatedFromDate": "2023-05-17"}, {"date": "2019-10-23", "symbol": "VTTGF", "eps": null, "epsEstimated": null, "time": "bmo", "revenue": null, "revenueEstimated": null, "fiscalDateEnding": "2019-09-30", "updatedFromDate": "2023-05-17"}, {"date": "2019-10-23", "symbol": "002222.SZ", "eps": 0.0798, "epsEstimated": null, "time": "bmo", "revenue": 124780452.57, "revenueEstimated": null, "fiscalDateEnding": "2019-09-29", "updatedFromDate": "2023-05-17"}, {"date": "2019-10-23", "symbol": "TPSRF", "eps": null, "epsEstimated": null, "time": "bmo", "revenue": null, "revenueEstimated": null, "fiscalDateEnding": "2020-03-31", "updatedFromDate": "2023-05-17"}, {"date": "2019-10-23", "symbol": "300048.SZ", "eps": null, "epsEstimated": null, "time": "bmo", "revenue": null, "revenueEstimated": null, "fiscalDateEnding": "2019-09-30", "updatedFromDate": "2023-05-31"}, {"date": "2019-10-24", "symbol": "PBNNF", "eps": 233, "epsEstimated": 186.39, "time": "bmo", "revenue": null, "revenueEstimated": null, "fiscalDateEnding": "2019-09-30", "updatedFromDate": "2023-05-17"}, {"date": "2019-10-24", "symbol": "ELME", "eps": -0.08, "epsEstimated": 0.05, "time": "amc", "revenue": 80259000, "revenueEstimated": 969311.594202894, "fiscalDateEnding": "2019-09-30", "updatedFromDate": "2023-09-29"}, {"date": "2019-10-24", "symbol": "EREGL.IS", "eps": 0.22, "epsEstimated": 0.17, "time": "bmo", "revenue": 6416445000, "revenueEstimated": null, "fiscalDateEnding": "2019-09-30", "updatedFromDate": "2023-05-17"}, {"date": "2019-10-24", "symbol": "603128.SS", "eps": 0.05385, "epsEstimated": null, "time": "bmo", "revenue": 2732997858.63, "revenueEstimated": null, "fiscalDateEnding": "2019-09-29", "updatedFromDate": "2023-05-17"}, {"date": "2019-10-24", "symbol": "REG1V.HE", "eps": 0.12, "epsEstimated": 0.08, "time": "bmo", "revenue": 14300000, "revenueEstimated": null, "fiscalDateEnding": "2019-09-29", "updatedFromDate": "2023-05-17"}, {"date": "2019-10-24", "symbol": "FII", "eps": 0.72, "epsEstimated": 0.65, "time": "bmo", "revenue": 340340000, "revenueEstimated": 303688000, "fiscalDateEnding": "2019-09-29", "updatedFromDate": "2023-05-17"}, {"date": "2019-10-24", "symbol": "TPDNF", "eps": 3.3, "epsEstimated": 4.66, "time": "bmo", "revenue": null, "revenueEstimated": null, "fiscalDateEnding": "2019-09-30", "updatedFromDate": "2023-05-17"}, {"date": "2019-10-24", "symbol": "009150.KS", "eps": 1370, "epsEstimated": 1383.95, "time": "bmo", "revenue": 1686674443050, "revenueEstimated": null, "fiscalDateEnding": "2019-07-24", "updatedFromDate": "2023-05-17"}, {"date": "2019-10-24", "symbol": "603456.SS", "eps": 0.04, "epsEstimated": null, "time": "bmo", "revenue": 500395903.73, "revenueEstimated": null, "fiscalDateEnding": "2019-09-29", "updatedFromDate": "2023-05-17"}, {"date": "2019-10-24", "symbol": "KNVKF", "eps": null, "epsEstimated": null, "time": "bmo", "revenue": null, "revenueEstimated": null, "fiscalDateEnding": "2019-09-30", "updatedFromDate": "2023-05-17"}, {"date": "2019-10-24", "symbol": "FAE.MC", "eps": 0.06, "epsEstimated": null, "time": "bmo", "revenue": -162402000, "revenueEstimated": null, "fiscalDateEnding": "2019-09-29", "updatedFromDate": "2023-05-17"}, {"date": "2019-10-24", "symbol": "002224.SZ", "eps": 0.04, "epsEstimated": null, "time": "bmo", "revenue": 220482005.14, "revenueEstimated": null, "fiscalDateEnding": "2019-09-29", "updatedFromDate": "2023-05-17"}, {"date": "2019-10-24", "symbol": "TIETOS.ST", "eps": 0.46, "epsEstimated": 0.48, "time": "bmo", "revenue": 379600000, "revenueEstimated": null, "fiscalDateEnding": "2019-09-29", "updatedFromDate": "2023-05-17"}, {"date": "2019-10-24", "symbol": "MMM", "eps": 2.58, "epsEstimated": 2.49, "time": "bmo", "revenue": 7991000000, "revenueEstimated": 7712244186.046512, "fiscalDateEnding": "2019-09-29", "updatedFromDate": "2023-09-29"}, {"date": "2019-10-24", "symbol": "EMN", "eps": 1.94, "epsEstimated": 1.98, "time": "amc", "revenue": 2325000000, "revenueEstimated": 2372938144.329897, "fiscalDateEnding": "2019-09-29", "updatedFromDate": "2023-09-29"}, {"date": "2019-10-24", "symbol": "002015.SZ", "eps": 0.1201, "epsEstimated": null, "time": "bmo", "revenue": 2753994693.25, "revenueEstimated": null, "fiscalDateEnding": "2019-09-29", "updatedFromDate": "2023-05-17"}, {"date": "2019-10-24", "symbol": "002334.SZ", "eps": -0.0378, "epsEstimated": null, "time": "bmo", "revenue": 575599653.03, "revenueEstimated": null, "fiscalDateEnding": "2019-09-29", "updatedFromDate": "2023-05-17"}, {"date": "2019-10-24", "symbol": "STM", "eps": 0.34, "epsEstimated": 0.29, "time": "bmo", "revenue": 2553000000, "revenueEstimated": 2112827586, "fiscalDateEnding": "2019-09-30", "updatedFromDate": "2023-09-29"}, {"date": "2019-10-24", "symbol": "002925.SZ", "eps": 0.3, "epsEstimated": null, "time": "bmo", "revenue": 971962543.66, "revenueEstimated": null, "fiscalDateEnding": "2019-09-29", "updatedFromDate": "2023-05-17"}, {"date": "2019-10-24", "symbol": "002809.SZ", "eps": 0.1647, "epsEstimated": null, "time": "bmo", "revenue": 295066044.44, "revenueEstimated": null, "fiscalDateEnding": "2019-09-29", "updatedFromDate": "2023-05-17"}, {"date": "2019-10-24", "symbol": "LIAB.ST", "eps": 2.78, "epsEstimated": 2.28, "time": "bmo", "revenue": 2462000000, "revenueEstimated": null, "fiscalDateEnding": "2019-09-29", "updatedFromDate": "2023-05-17"}, {"date": "2019-10-24", "symbol": "002160.SZ", "eps": 0.0048, "epsEstimated": null, "time": "bmo", "revenue": 1004776198.17, "revenueEstimated": null, "fiscalDateEnding": "2019-09-29", "updatedFromDate": "2023-05-17"}, {"date": "2019-10-24", "symbol": "600461.SS", "eps": 0.13, "epsEstimated": null, "time": "bmo", "revenue": 1077945805.74, "revenueEstimated": null, "fiscalDateEnding": "2019-09-29", "updatedFromDate": "2023-05-17"}, {"date": "2019-10-24", "symbol": "WTBA", "eps": 0.46, "epsEstimated": 0.42, "time": "bmo", "revenue": 19154000, "revenueEstimated": 17598000, "fiscalDateEnding": "2019-09-29", "updatedFromDate": "2023-09-29"}, {"date": "2019-10-24", "symbol": "BDGE", "eps": 0.7, "epsEstimated": 0.66, "time": "bmo", "revenue": 42959000, "revenueEstimated": 40504200.00000001, "fiscalDateEnding": "2019-09-29", "updatedFromDate": "2023-05-17"}, {"date": "2019-10-24", "symbol": "VCRA", "eps": 0.23, "epsEstimated": 0.19, "time": "amc", "revenue": 50781000, "revenueEstimated": 41949521.73913044, "fiscalDateEnding": "2019-09-29", "updatedFromDate": "2023-05-17"}, {"date": "2019-10-24", "symbol": "BESIY", "eps": 0.28, "epsEstimated": null, "time": "bmo", "revenue": 89694000, "revenueEstimated": null, "fiscalDateEnding": "2019-09-30", "updatedFromDate": "2023-09-29"}, {"date": "2019-10-24", "symbol": "SHOT.ST", "eps": 3.04, "epsEstimated": 2.86, "time": "bmo", "revenue": 5195000000, "revenueEstimated": null, "fiscalDateEnding": "2019-09-29", "updatedFromDate": "2023-05-17"}, {"date": "2019-10-24", "symbol": "BESI.AS", "eps": 0.25, "epsEstimated": 0.19, "time": "bmo", "revenue": 89694000, "revenueEstimated": null, "fiscalDateEnding": "2019-09-29", "updatedFromDate": "2023-05-17"}, {"date": "2019-10-24", "symbol": "603088.SS", "eps": 0.05963, "epsEstimated": null, "time": "bmo", "revenue": 92986374, "revenueEstimated": null, "fiscalDateEnding": "2019-09-29", "updatedFromDate": "2023-05-17"}, {"date": "2019-10-24", "symbol": "000962.SZ", "eps": 0.0311, "epsEstimated": null, "time": "bmo", "revenue": 148498764.82, "revenueEstimated": null, "fiscalDateEnding": "2019-09-29", "updatedFromDate": "2023-05-17"}, {"date": "2019-10-24", "symbol": "002621.SZ", "eps": 0.06, "epsEstimated": 0.06, "time": "bmo", "revenue": 205083949.19, "revenueEstimated": null, "fiscalDateEnding": "2019-09-29", "updatedFromDate": "2023-05-17"}, {"date": "2019-10-24", "symbol": "COF", "eps": 3.17, "epsEstimated": 2.88, "time": "amc", "revenue": 6959000000, "revenueEstimated": 7450527881.040892, "fiscalDateEnding": "2019-09-29", "updatedFromDate": "2023-09-29"}, {"date": "2019-10-24", "symbol": "603067.SS", "eps": 0.06, "epsEstimated": null, "time": "bmo", "revenue": 354572585.12, "revenueEstimated": null, "fiscalDateEnding": "2019-09-29", "updatedFromDate": "2023-05-17"}, {"date": "2019-10-24", "symbol": "002063.SZ", "eps": 0.04003, "epsEstimated": null, "time": "bmo", "revenue": 312336714.19, "revenueEstimated": null, "fiscalDateEnding": "2019-09-29", "updatedFromDate": "2023-05-17"}, {"date": "2019-10-24", "symbol": "PFG", "eps": 1.23, "epsEstimated": 1.46, "time": "amc", "revenue": 4458400000, "revenueEstimated": 4159456910.5691056, "fiscalDateEnding": "2019-09-29", "updatedFromDate": "2023-09-29"}, {"date": "2019-10-24", "symbol": "002559.SZ", "eps": 0.0496, "epsEstimated": null, "time": "bmo", "revenue": 390504168.56, "revenueEstimated": null, "fiscalDateEnding": "2019-09-29", "updatedFromDate": "2023-05-17"}, {"date": "2019-10-24", "symbol": "600118.SS", "eps": 0.06, "epsEstimated": null, "time": "bmo", "revenue": 1254037088.04, "revenueEstimated": null, "fiscalDateEnding": "2019-09-29", "updatedFromDate": "2023-05-17"}, {"date": "2019-10-24", "symbol": "5204.T", "eps": 6.45, "epsEstimated": null, "time": "bmo", "revenue": 16212000000, "revenueEstimated": null, "fiscalDateEnding": "2019-07-24", "updatedFromDate": "2023-10-17"}, {"date": "2019-10-24", "symbol": "DNB.OL", "eps": 4.56, "epsEstimated": 3.51, "time": "bmo", "revenue": 14445000000, "revenueEstimated": null, "fiscalDateEnding": "2019-09-29", "updatedFromDate": "2023-05-17"}, {"date": "2019-10-24", "symbol": "FTV", "eps": 0.87, "epsEstimated": 0.87, "time": "amc", "revenue": 1860000000, "revenueEstimated": 1860000000, "fiscalDateEnding": "2019-09-26", "updatedFromDate": "2023-09-29"}, {"date": "2019-10-24", "symbol": "002020.SZ", "eps": 0.2, "epsEstimated": null, "time": "bmo", "revenue": 936980485.8, "revenueEstimated": null, "fiscalDateEnding": "2019-09-29", "updatedFromDate": "2023-05-17"}, {"date": "2019-10-24", "symbol": "002367.SZ", "eps": 0.12, "epsEstimated": 0.14, "time": "bmo", "revenue": 1018997242.83, "revenueEstimated": null, "fiscalDateEnding": "2019-09-30", "updatedFromDate": "2023-08-17"}, {"date": "2019-10-24", "symbol": "002056.SZ", "eps": 0.11, "epsEstimated": null, "time": "bmo", "revenue": 1699770010.33, "revenueEstimated": null, "fiscalDateEnding": "2019-09-29", "updatedFromDate": "2023-05-17"}, {"date": "2019-10-24", "symbol": "TROW", "eps": 2.13, "epsEstimated": 1.98, "time": "bmo", "revenue": 1426700000, "revenueEstimated": 1326228169.0140846, "fiscalDateEnding": "2019-09-29", "updatedFromDate": "2023-09-29"}, {"date": "2019-10-24", "symbol": "ELRXF", "eps": 2.34, "epsEstimated": 2.41, "time": "bmo", "revenue": null, "revenueEstimated": null, "fiscalDateEnding": "2019-09-30", "updatedFromDate": "2023-05-17"}, {"date": "2019-10-24", "symbol": "CY", "eps": 0.3, "epsEstimated": 0.3, "time": "bmo", "revenue": 574521000, "revenueEstimated": 574521000, "fiscalDateEnding": "2019-09-28", "updatedFromDate": "2023-05-17"}, {"date": "2019-10-24", "symbol": "MRDS.QA", "eps": null, "epsEstimated": null, "time": "bmo", "revenue": null, "revenueEstimated": null, "fiscalDateEnding": "2019-09-30", "updatedFromDate": "2023-05-17"}, {"date": "2019-10-24", "symbol": "000910.SZ", "eps": 0.4465, "epsEstimated": null, "time": "bmo", "revenue": 2184440791.27, "revenueEstimated": null, "fiscalDateEnding": "2019-07-24", "updatedFromDate": "2023-05-17"}, {"date": "2019-10-24", "symbol": "ALRS", "eps": 0.48, "epsEstimated": 0.48, "time": "amc", "revenue": 47510000, "revenueEstimated": 47510000, "fiscalDateEnding": "2019-09-29", "updatedFromDate": "2023-09-29"}, {"date": "2019-10-24", "symbol": "VVI", "eps": 1.56, "epsEstimated": 1.69, "time": "amc", "revenue": 54806000, "revenueEstimated": 392695333.3333333, "fiscalDateEnding": "2019-09-29", "updatedFromDate": "2023-09-29"}, {"date": "2019-10-24", "symbol": "300166.SZ", "eps": 0.09, "epsEstimated": 0.1, "time": "bmo", "revenue": 458813527.83, "revenueEstimated": null, "fiscalDateEnding": "2019-09-30", "updatedFromDate": "2023-08-25"}, {"date": "2019-10-24", "symbol": "OIS", "eps": -0.08, "epsEstimated": -0.09, "time": "amc", "revenue": 263697000, "revenueEstimated": 329621250, "fiscalDateEnding": "2019-09-29", "updatedFromDate": "2023-09-29"}, {"date": "2019-10-24", "symbol": "CGM.PA", "eps": null, "epsEstimated": null, "time": "bmo", "revenue": null, "revenueEstimated": null, "fiscalDateEnding": "2019-07-24", "updatedFromDate": "2023-05-17"}, {"date": "2019-10-24", "symbol": "SAH", "eps": 0.66, "epsEstimated": 0.56, "time": "bmo", "revenue": 2702720000, "revenueEstimated": 2293216969.69697, "fiscalDateEnding": "2019-09-29", "updatedFromDate": "2023-09-29"}, {"date": "2019-10-24", "symbol": "BTPNF", "eps": null, "epsEstimated": null, "time": "bmo", "revenue": null, "revenueEstimated": null, "fiscalDateEnding": "2019-09-30", "updatedFromDate": "2023-05-17"}, {"date": "2019-10-24", "symbol": "000863.SZ", "eps": -0.03, "epsEstimated": null, "time": "bmo", "revenue": 163763151.58, "revenueEstimated": null, "fiscalDateEnding": "2019-09-29", "updatedFromDate": "2023-05-17"}, {"date": "2019-10-24", "symbol": "SCHN.SW", "eps": 2.13, "epsEstimated": null, "time": "bmo", "revenue": 2824000000, "revenueEstimated": null, "fiscalDateEnding": "2019-09-29", "updatedFromDate": "2023-05-17"}, {"date": "2019-10-24", "symbol": "NOK", "eps": 0.06, "epsEstimated": 0.07, "time": "bmo", "revenue": 5686000000, "revenueEstimated": 5686000000, "fiscalDateEnding": "2019-09-30", "updatedFromDate": "2023-09-29"}, {"date": "2019-10-24", "symbol": "GUERF", "eps": null, "epsEstimated": null, "time": "bmo", "revenue": null, "revenueEstimated": null, "fiscalDateEnding": "2019-09-30", "updatedFromDate": "2023-05-17"}, {"date": "2019-10-24", "symbol": "VDRFF", "eps": null, "epsEstimated": null, "time": "bmo", "revenue": null, "revenueEstimated": null, "fiscalDateEnding": "2019-09-30", "updatedFromDate": "2023-08-25"}, {"date": "2019-10-24", "symbol": "GBOOY", "eps": 0.79, "epsEstimated": null, "time": "bmo", "revenue": 28760000000, "revenueEstimated": null, "fiscalDateEnding": "2019-09-30", "updatedFromDate": "2023-09-29"}, {"date": "2019-10-24", "symbol": "204320.KS", "eps": 1088, "epsEstimated": 1024.69, "time": "bmo", "revenue": 1467134221910, "revenueEstimated": null, "fiscalDateEnding": "2019-09-29", "updatedFromDate": "2023-05-17"}, {"date": "2019-10-24", "symbol": "SEFER.PA", "eps": null, "epsEstimated": null, "time": "bmo", "revenue": null, "revenueEstimated": null, "fiscalDateEnding": "2019-07-24", "updatedFromDate": "2023-05-17"}, {"date": "2019-10-24", "symbol": "002821.SZ", "eps": 0.6, "epsEstimated": null, "time": "bmo", "revenue": 649414449.04, "revenueEstimated": null, "fiscalDateEnding": "2019-09-29", "updatedFromDate": "2023-05-17"}, {"date": "2019-10-24", "symbol": "GRBMF", "eps": 0.42, "epsEstimated": 0.41, "time": "bmo", "revenue": null, "revenueEstimated": null, "fiscalDateEnding": "2019-09-30", "updatedFromDate": "2023-05-17"}, {"date": "2019-10-24", "symbol": "AJG", "eps": 0.8, "epsEstimated": 0.79, "time": "amc", "revenue": 1821900000, "revenueEstimated": 1802385000, "fiscalDateEnding": "2019-09-29", "updatedFromDate": "2023-09-29"}, {"date": "2019-10-24", "symbol": "002815.SZ", "eps": 0.1472, "epsEstimated": null, "time": "bmo", "revenue": 925323237.44, "revenueEstimated": null, "fiscalDateEnding": "2019-09-29", "updatedFromDate": "2023-05-17"}, {"date": "2019-10-24", "symbol": "HLSPF", "eps": null, "epsEstimated": null, "time": "bmo", "revenue": null, "revenueEstimated": null, "fiscalDateEnding": "2019-09-30", "updatedFromDate": "2023-05-17"}, {"date": "2019-10-24", "symbol": "KG.V", "eps": null, "epsEstimated": null, "time": "bmo", "revenue": null, "revenueEstimated": null, "fiscalDateEnding": "2020-03-31", "updatedFromDate": "2023-05-17"}, {"date": "2019-10-24", "symbol": "VSCFF", "eps": 0.58, "epsEstimated": 0.55, "time": "bmo", "revenue": null, "revenueEstimated": null, "fiscalDateEnding": "2019-09-30", "updatedFromDate": "2023-05-17"}, {"date": "2019-10-24", "symbol": "JM.ST", "eps": 7.4, "epsEstimated": 7.15, "time": "bmo", "revenue": 4260000000, "revenueEstimated": null, "fiscalDateEnding": "2019-09-29", "updatedFromDate": "2023-05-17"}, {"date": "2019-10-24", "symbol": "FRIIF", "eps": null, "epsEstimated": null, "time": "bmo", "revenue": null, "revenueEstimated": null, "fiscalDateEnding": "2019-09-30", "updatedFromDate": "2023-05-17"}, {"date": "2019-10-24", "symbol": "CTY1S.HE", "eps": 0.2, "epsEstimated": 0.2, "time": "bmo", "revenue": 75000000, "revenueEstimated": null, "fiscalDateEnding": "2019-09-29", "updatedFromDate": "2023-05-17"}, {"date": "2019-10-24", "symbol": "300761.SZ", "eps": 2.08, "epsEstimated": null, "time": "bmo", "revenue": 2613515919.05, "revenueEstimated": null, "fiscalDateEnding": "2019-09-29", "updatedFromDate": "2023-05-17"}, {"date": "2019-10-24", "symbol": "VC", "eps": 0.53, "epsEstimated": 0.47, "time": "bmo", "revenue": 731000000, "revenueEstimated": 648245283.0188679, "fiscalDateEnding": "2019-09-29", "updatedFromDate": "2023-09-29"}, {"date": "2019-10-24", "symbol": "LAWS", "eps": 0.51, "epsEstimated": 0.42, "time": "bmo", "revenue": 94779000, "revenueEstimated": 78053294.11764705, "fiscalDateEnding": "2019-09-29", "updatedFromDate": "2023-05-17"}, {"date": "2019-10-24", "symbol": "ALLEC.PA", "eps": null, "epsEstimated": null, "time": "bmo", "revenue": null, "revenueEstimated": null, "fiscalDateEnding": "2019-07-24", "updatedFromDate": "2023-05-17"}, {"date": "2019-10-24", "symbol": "DBRTF", "eps": null, "epsEstimated": null, "time": "bmo", "revenue": null, "revenueEstimated": null, "fiscalDateEnding": "2019-09-30", "updatedFromDate": "2023-05-17"}, {"date": "2019-10-24", "symbol": "ANIK", "eps": 0.64, "epsEstimated": 0.39, "time": "amc", "revenue": 29697000, "revenueEstimated": 26384640.75, "fiscalDateEnding": "2019-09-29", "updatedFromDate": "2023-09-29"}, {"date": "2019-10-24", "symbol": "DOW", "eps": 0.91, "epsEstimated": 0.72, "time": "bmo", "revenue": 10764000000, "revenueEstimated": 8634857142.857141, "fiscalDateEnding": "2019-09-29", "updatedFromDate": "2023-09-29"}, {"date": "2019-10-24", "symbol": "ERIE", "eps": 1.8, "epsEstimated": 1.66, "time": "amc", "revenue": 649059000, "revenueEstimated": 589062066.6666666, "fiscalDateEnding": "2019-09-29", "updatedFromDate": "2023-09-29"}, {"date": "2019-10-24", "symbol": "ORK.OL", "eps": 1.19, "epsEstimated": 1.18, "time": "bmo", "revenue": 10880000000, "revenueEstimated": null, "fiscalDateEnding": "2019-09-29", "updatedFromDate": "2023-05-17"}, {"date": "2019-10-24", "symbol": "CUERVO.MX", "eps": 0.2, "epsEstimated": 0.22, "time": "bmo", "revenue": 7024000000, "revenueEstimated": null, "fiscalDateEnding": "2019-09-30", "updatedFromDate": "2023-05-17"}, {"date": "2019-10-24", "symbol": "RSMDF", "eps": 0.09, "epsEstimated": 0.24, "time": "bmo", "revenue": 681056000, "revenueEstimated": null, "fiscalDateEnding": "2019-09-29", "updatedFromDate": "2023-08-25"}, {"date": "2019-10-24", "symbol": "603378.SS", "eps": 0.1586, "epsEstimated": null, "time": "bmo", "revenue": 803187106.87, "revenueEstimated": null, "fiscalDateEnding": "2019-09-29", "updatedFromDate": "2023-05-17"}, {"date": "2019-10-24", "symbol": "TSL.TO", "eps": -0.01, "epsEstimated": 0.06, "time": "bmo", "revenue": 49701000, "revenueEstimated": null, "fiscalDateEnding": "2019-09-29", "updatedFromDate": "2023-05-17"}, {"date": "2019-10-24", "symbol": "002545.SZ", "eps": 0.0229, "epsEstimated": null, "time": "bmo", "revenue": 313273709.92, "revenueEstimated": null, "fiscalDateEnding": "2019-09-29", "updatedFromDate": "2023-05-17"}, {"date": "2019-10-24", "symbol": "MXL", "eps": 0.23, "epsEstimated": 0.21, "time": "amc", "revenue": 80020000, "revenueEstimated": 73061739.13043478, "fiscalDateEnding": "2019-09-29", "updatedFromDate": "2023-09-29"}, {"date": "2019-10-24", "symbol": "LH", "eps": 2.9, "epsEstimated": 2.85, "time": "bmo", "revenue": 2953400000, "revenueEstimated": 2878008620.6896553, "fiscalDateEnding": "2019-07-24", "updatedFromDate": "2023-10-10"}, {"date": "2019-10-24", "symbol": "FIX", "eps": 0.98, "epsEstimated": 0.85, "time": "amc", "revenue": 706918000, "revenueEstimated": 613143163.2653061, "fiscalDateEnding": "2019-09-29", "updatedFromDate": "2023-09-29"}, {"date": "2019-10-24", "symbol": "STRT", "eps": 0.79, "epsEstimated": null, "time": "amc", "revenue": 119962000, "revenueEstimated": null, "fiscalDateEnding": "2019-09-28", "updatedFromDate": "2023-09-29"}, {"date": "2019-10-24", "symbol": "HFWA", "eps": 0.48, "epsEstimated": 0.47, "time": "bmo", "revenue": 58701000, "revenueEstimated": 57478062.5, "fiscalDateEnding": "2019-09-29", "updatedFromDate": "2023-09-29"}, {"date": "2019-10-24", "symbol": "CERN", "eps": 0.66, "epsEstimated": 0.66, "time": "amc", "revenue": 1429428000, "revenueEstimated": 1429428000, "fiscalDateEnding": "2019-09-27", "updatedFromDate": "2023-05-17"}, {"date": "2019-10-24", "symbol": "TKHCF", "eps": null, "epsEstimated": null, "time": "bmo", "revenue": null, "revenueEstimated": null, "fiscalDateEnding": "2019-09-30", "updatedFromDate": "2023-05-17"}, {"date": "2019-10-24", "symbol": "CLS.TO", "eps": 0.13, "epsEstimated": 0.12, "time": "bmo", "revenue": 1517900000, "revenueEstimated": null, "fiscalDateEnding": "2019-09-29", "updatedFromDate": "2023-05-17"}, {"date": "2019-10-24", "symbol": "VLO", "eps": 1.48, "epsEstimated": 1.35, "time": "bmo", "revenue": 27249000000, "revenueEstimated": 24855506756.75676, "fiscalDateEnding": "2019-09-29", "updatedFromDate": "2023-09-29"}, {"date": "2019-10-24", "symbol": "CTS", "eps": 0.29, "epsEstimated": 0.39, "time": "bmo", "revenue": 115651000, "revenueEstimated": 155530655.17241383, "fiscalDateEnding": "2019-09-29", "updatedFromDate": "2023-09-29"}, {"date": "2019-10-24", "symbol": "NOKIA-SEK.ST", "eps": 0.05, "epsEstimated": 0.05, "time": "bmo", "revenue": null, "revenueEstimated": null, "fiscalDateEnding": "2019-09-30", "updatedFromDate": "2023-08-01"}, {"date": "2019-10-24", "symbol": "ROP", "eps": 3.29, "epsEstimated": 3.19, "time": "bmo", "revenue": 1354500000, "revenueEstimated": 1313329787.2340424, "fiscalDateEnding": "2019-09-29", "updatedFromDate": "2023-09-29"}, {"date": "2019-10-24", "symbol": "300068.SZ", "eps": 0.09, "epsEstimated": null, "time": "bmo", "revenue": 2496050045.71, "revenueEstimated": null, "fiscalDateEnding": "2019-09-29", "updatedFromDate": "2023-05-17"}, {"date": "2019-10-24", "symbol": "002727.SZ", "eps": 0.26, "epsEstimated": 0.28, "time": "bmo", "revenue": 2817718195.35, "revenueEstimated": null, "fiscalDateEnding": "2019-07-24", "updatedFromDate": "2023-05-17"}, {"date": "2019-10-24", "symbol": "SPM.MI", "eps": 0.03, "epsEstimated": 0.041, "time": "bmo", "revenue": 2351000000, "revenueEstimated": null, "fiscalDateEnding": "2019-07-24", "updatedFromDate": "2023-08-17"}, {"date": "2019-10-24", "symbol": "STMMI.MI", "eps": 0.34, "epsEstimated": 0.29, "time": "bmo", "revenue": null, "revenueEstimated": null, "fiscalDateEnding": "2019-09-30", "updatedFromDate": "2023-06-27"}, {"date": "2019-10-24", "symbol": "FET", "eps": 0.4, "epsEstimated": -1, "time": "amc", "revenue": 239300000, "revenueEstimated": 640036550.0000001, "fiscalDateEnding": "2019-09-29", "updatedFromDate": "2023-09-29"}, {"date": "2019-10-24", "symbol": "603619.SS", "eps": 0.03, "epsEstimated": null, "time": "bmo", "revenue": 665420730.14, "revenueEstimated": null, "fiscalDateEnding": "2019-09-29", "updatedFromDate": "2023-05-17"}, {"date": "2019-10-24", "symbol": "VLY", "eps": 0.24, "epsEstimated": 0.23, "time": "bmo", "revenue": 261775000, "revenueEstimated": 250867708.33333334, "fiscalDateEnding": "2019-09-29", "updatedFromDate": "2023-09-29"}, {"date": "2019-10-24", "symbol": "SIDO.JK", "eps": 6.81, "epsEstimated": null, "time": "bmo", "revenue": 718525000000, "revenueEstimated": null, "fiscalDateEnding": "2019-09-30", "updatedFromDate": "2023-05-17"}, {"date": "2019-10-24", "symbol": "RNGR", "eps": -0.06, "epsEstimated": 0.19, "time": "amc", "revenue": 84100000, "revenueEstimated": 308366666.6666667, "fiscalDateEnding": "2019-09-29", "updatedFromDate": "2023-09-29"}, {"date": "2019-10-24", "symbol": "BBRI.JK", "eps": 68.74, "epsEstimated": 74.46, "time": "bmo", "revenue": 25770686000000, "revenueEstimated": null, "fiscalDateEnding": "2019-09-29", "updatedFromDate": "2023-05-17"}, {"date": "2019-10-24", "symbol": "002678.SZ", "eps": 0.03, "epsEstimated": null, "time": "bmo", "revenue": 610550692.98, "revenueEstimated": null, "fiscalDateEnding": "2019-09-29", "updatedFromDate": "2023-05-17"}, {"date": "2019-10-24", "symbol": "7030.SR", "eps": 0.21, "epsEstimated": 0.23, "time": "bmo", "revenue": 2008076000, "revenueEstimated": null, "fiscalDateEnding": "2019-09-29", "updatedFromDate": "2023-05-17"}, {"date": "2019-10-24", "symbol": "FPAR-A.ST", "eps": 4.84, "epsEstimated": null, "time": "bmo", "revenue": 427800000, "revenueEstimated": null, "fiscalDateEnding": "2019-09-30", "updatedFromDate": "2023-08-17"}, {"date": "2019-10-24", "symbol": "ABEV3.SA", "eps": 0.16, "epsEstimated": 0.16, "time": "bmo", "revenue": 11957652000, "revenueEstimated": null, "fiscalDateEnding": "2019-09-29", "updatedFromDate": "2023-05-17"}, {"date": "2019-10-24", "symbol": "600750.SS", "eps": 0.21, "epsEstimated": 0.22, "time": "bmo", "revenue": 562694201.5, "revenueEstimated": null, "fiscalDateEnding": "2019-09-29", "updatedFromDate": "2023-05-17"}, {"date": "2019-10-24", "symbol": "TAUKF", "eps": null, "epsEstimated": null, "time": "bmo", "revenue": null, "revenueEstimated": null, "fiscalDateEnding": "2019-09-30", "updatedFromDate": "2023-05-17"}, {"date": "2019-10-24", "symbol": "UPNRF", "eps": 0.26, "epsEstimated": 0.24, "time": "bmo", "revenue": null, "revenueEstimated": null, "fiscalDateEnding": "2019-09-30", "updatedFromDate": "2023-05-17"}, {"date": "2019-10-24", "symbol": "5423.T", "eps": 24.87, "epsEstimated": null, "time": "bmo", "revenue": 36378000000, "revenueEstimated": null, "fiscalDateEnding": "2019-07-24", "updatedFromDate": "2023-10-17"}, {"date": "2019-10-24", "symbol": "NDA-FI.HE", "eps": 0.17, "epsEstimated": 0.17, "time": "bmo", "revenue": 2072000000, "revenueEstimated": null, "fiscalDateEnding": "2019-09-29", "updatedFromDate": "2023-05-17"}, {"date": "2019-10-24", "symbol": "FETM", "eps": 0.65, "epsEstimated": null, "time": "amc", "revenue": 11209000, "revenueEstimated": null, "fiscalDateEnding": "2019-09-30", "updatedFromDate": "2023-09-29"}, {"date": "2019-10-24", "symbol": "MOFG", "eps": 0.76, "epsEstimated": 0.83, "time": "amc", "revenue": 51262000, "revenueEstimated": 55983500, "fiscalDateEnding": "2019-09-29", "updatedFromDate": "2023-09-29"}, {"date": "2019-10-24", "symbol": "WST", "eps": 0.79, "epsEstimated": 0.71, "time": "bmo", "revenue": 456100000, "revenueEstimated": 409912658.22784805, "fiscalDateEnding": "2019-09-29", "updatedFromDate": "2023-09-29"}, {"date": "2019-10-24", "symbol": "CINF", "eps": 1.08, "epsEstimated": 0.89, "time": "amc", "revenue": 1700000000, "revenueEstimated": 1197379629.6296296, "fiscalDateEnding": "2019-09-29", "updatedFromDate": "2023-09-29"}, {"date": "2019-10-24", "symbol": "AMZN", "eps": 0.21, "epsEstimated": 0.23, "time": "amc", "revenue": 69981000000, "revenueEstimated": 76433148936.17021, "fiscalDateEnding": "2019-09-29", "updatedFromDate": "2023-09-29"}, {"date": "2019-10-24", "symbol": "600742.SS", "eps": 0.1677, "epsEstimated": null, "time": "bmo", "revenue": 3202882214.83, "revenueEstimated": null, "fiscalDateEnding": "2019-09-29", "updatedFromDate": "2023-05-17"}, {"date": "2019-10-24", "symbol": "QFG.BR", "eps": 0.4682, "epsEstimated": null, "time": "bmo", "revenue": 8521980, "revenueEstimated": null, "fiscalDateEnding": "2019-09-30", "updatedFromDate": "2023-10-16"}, {"date": "2019-10-24", "symbol": "603379.SS", "eps": 0.05152, "epsEstimated": null, "time": "bmo", "revenue": 808300361.24, "revenueEstimated": null, "fiscalDateEnding": "2019-07-24", "updatedFromDate": "2023-05-17"}, {"date": "2019-10-24", "symbol": "VOLO.ST", "eps": 1.01, "epsEstimated": 1.2, "time": "bmo", "revenue": 1711000000, "revenueEstimated": null, "fiscalDateEnding": "2019-09-29", "updatedFromDate": "2023-05-17"}, {"date": "2019-10-24", "symbol": "AZN.L", "eps": 0.99, "epsEstimated": 0.95, "time": "bmo", "revenue": 6406000000, "revenueEstimated": null, "fiscalDateEnding": "2019-09-29", "updatedFromDate": "2023-05-17"}, {"date": "2019-10-24", "symbol": "SBSNF", "eps": 1.43, "epsEstimated": 1.5, "time": "bmo", "revenue": null, "revenueEstimated": 9136363.636363637, "fiscalDateEnding": "2019-09-30", "updatedFromDate": "2023-05-17"}, {"date": "2019-10-24", "symbol": "BTSNF", "eps": 1.31, "epsEstimated": 1.34, "time": "bmo", "revenue": null, "revenueEstimated": null, "fiscalDateEnding": "2019-09-30", "updatedFromDate": "2023-05-17"}, {"date": "2019-10-24", "symbol": "600802.SS", "eps": 0.1, "epsEstimated": null, "time": "bmo", "revenue": 660289857.5, "revenueEstimated": null, "fiscalDateEnding": "2019-09-29", "updatedFromDate": "2023-05-17"}, {"date": "2019-10-24", "symbol": "STBA", "eps": 0.8, "epsEstimated": 0.77, "time": "bmo", "revenue": 74259000, "revenueEstimated": 71474287.5, "fiscalDateEnding": "2019-09-29", "updatedFromDate": "2023-09-29"}, {"date": "2019-10-24", "symbol": "DLX", "eps": 1.71, "epsEstimated": 1.59, "time": "amc", "revenue": 493593000, "revenueEstimated": 458954894.7368421, "fiscalDateEnding": "2019-09-29", "updatedFromDate": "2023-09-29"}, {"date": "2019-10-24", "symbol": "STMPA.PA", "eps": 0.34, "epsEstimated": 0.29, "time": "bmo", "revenue": null, "revenueEstimated": null, "fiscalDateEnding": "2019-09-30", "updatedFromDate": "2023-07-05"}, {"date": "2019-10-24", "symbol": "GAPB.MX", "eps": 2.42, "epsEstimated": 2.33, "time": "bmo", "revenue": null, "revenueEstimated": null, "fiscalDateEnding": "2019-09-30", "updatedFromDate": "2023-05-17"}, {"date": "2019-10-24", "symbol": "PGINF", "eps": null, "epsEstimated": null, "time": "bmo", "revenue": null, "revenueEstimated": null, "fiscalDateEnding": "2019-09-30", "updatedFromDate": "2023-05-17"}, {"date": "2019-10-24", "symbol": "KRKKF", "eps": null, "epsEstimated": null, "time": "bmo", "revenue": null, "revenueEstimated": null, "fiscalDateEnding": "2019-09-30", "updatedFromDate": "2023-05-17"}, {"date": "2019-10-24", "symbol": "NWG.L", "eps": 4.83, "epsEstimated": 7.38, "time": "bmo", "revenue": 2903000000, "revenueEstimated": null, "fiscalDateEnding": "2019-09-30", "updatedFromDate": "2023-10-16"}, {"date": "2019-10-24", "symbol": "002448.SZ", "eps": 0.049, "epsEstimated": null, "time": "bmo", "revenue": 372822346, "revenueEstimated": null, "fiscalDateEnding": "2019-09-29", "updatedFromDate": "2023-05-17"}, {"date": "2019-10-24", "symbol": "7976.T", "eps": 19.26, "epsEstimated": null, "time": "bmo", "revenue": 13979000000, "revenueEstimated": null, "fiscalDateEnding": "2019-09-29", "updatedFromDate": "2023-05-17"}, {"date": "2019-10-24", "symbol": "SCKT", "eps": 0.01, "epsEstimated": null, "time": "amc", "revenue": 4980000, "revenueEstimated": null, "fiscalDateEnding": "2019-09-29", "updatedFromDate": "2023-09-29"}, {"date": "2019-10-24", "symbol": "000417.SZ", "eps": 0.0307, "epsEstimated": null, "time": "bmo", "revenue": 2420044163.51, "revenueEstimated": null, "fiscalDateEnding": "2019-09-29", "updatedFromDate": "2023-05-17"}, {"date": "2019-10-24", "symbol": "CNTL.ME", "eps": 9.98, "epsEstimated": null, "time": "bmo", "revenue": 474368000, "revenueEstimated": null, "fiscalDateEnding": "2019-07-24", "updatedFromDate": "2023-05-17"}, {"date": "2019-10-24", "symbol": "TSCO", "eps": 1.02, "epsEstimated": 1.03, "time": "bmo", "revenue": 1984144000, "revenueEstimated": 2003596392.1568627, "fiscalDateEnding": "2019-09-27", "updatedFromDate": "2023-09-29"}, {"date": "2019-10-24", "symbol": "600989.SS", "eps": 0.13, "epsEstimated": null, "time": "bmo", "revenue": 3226979498.29, "revenueEstimated": null, "fiscalDateEnding": "2019-09-29", "updatedFromDate": "2023-05-17"}, {"date": "2019-10-24", "symbol": "SPFI", "eps": 0.45, "epsEstimated": 0.35, "time": "bmo", "revenue": 40683000, "revenueEstimated": 31642333.33333333, "fiscalDateEnding": "2019-09-29", "updatedFromDate": "2023-09-29"}, {"date": "2019-10-24", "symbol": "ALK", "eps": 2.63, "epsEstimated": 2.52, "time": "amc", "revenue": 2389000000, "revenueEstimated": 2289079847.9087453, "fiscalDateEnding": "2019-09-29", "updatedFromDate": "2023-09-29"}, {"date": "2019-10-24", "symbol": "FWRD", "eps": 0.78, "epsEstimated": 0.78, "time": "amc", "revenue": 361663000, "revenueEstimated": 361663000, "fiscalDateEnding": "2019-09-29", "updatedFromDate": "2023-09-29"}, {"date": "2019-10-24", "symbol": "CLW", "eps": -0.5, "epsEstimated": -0.3, "time": "amc", "revenue": 445188000, "revenueEstimated": 284920320, "fiscalDateEnding": "2019-09-29", "updatedFromDate": "2023-09-29"}, {"date": "2019-10-24", "symbol": "KIM-PM", "eps": 0.14, "epsEstimated": 0.17, "time": "bmo", "revenue": 296130000, "revenueEstimated": null, "fiscalDateEnding": "2019-12-30", "updatedFromDate": "2023-10-16"}, {"date": "2019-10-24", "symbol": "TRTN", "eps": 1.16, "epsEstimated": 1.14, "time": "bmo", "revenue": 353193000, "revenueEstimated": 356214620.6896552, "fiscalDateEnding": "2019-07-24", "updatedFromDate": "2023-10-10"}, {"date": "2019-10-24", "symbol": "COF-PK", "eps": 2.69, "epsEstimated": 2.88, "time": "bmo", "revenue": 6959000000, "revenueEstimated": null, "fiscalDateEnding": "2019-09-29", "updatedFromDate": "2023-05-17"}, {"date": "2019-10-24", "symbol": "SCHN", "eps": 0.42, "epsEstimated": 0.41, "time": "bmo", "revenue": 547800000, "revenueEstimated": 547800000, "fiscalDateEnding": "2019-08-30", "updatedFromDate": "2023-09-29"}, {"date": "2019-10-24", "symbol": "EVO.ST", "eps": 0.22, "epsEstimated": 0.19, "time": "bmo", "revenue": 94729000, "revenueEstimated": null, "fiscalDateEnding": "2019-09-29", "updatedFromDate": "2023-05-17"}, {"date": "2019-10-24", "symbol": "HLI", "eps": 0.7, "epsEstimated": 0.69, "time": "amc", "revenue": 272810000, "revenueEstimated": 272810000, "fiscalDateEnding": "2019-09-29", "updatedFromDate": "2023-09-29"}, {"date": "2019-10-24", "symbol": "002019.SZ", "eps": 0.21, "epsEstimated": null, "time": "bmo", "revenue": 1278249704.18, "revenueEstimated": null, "fiscalDateEnding": "2019-09-29", "updatedFromDate": "2023-05-17"}, {"date": "2019-10-24", "symbol": "BC", "eps": 1.1, "epsEstimated": 0.99, "time": "bmo", "revenue": 976600000, "revenueEstimated": 896696363.6363635, "fiscalDateEnding": "2019-09-27", "updatedFromDate": "2023-09-29"}, {"date": "2019-10-24", "symbol": "000660.KS", "eps": 721, "epsEstimated": 448.57, "time": "bmo", "revenue": 6927111000000, "revenueEstimated": null, "fiscalDateEnding": "2019-07-24", "updatedFromDate": "2023-05-17"}, {"date": "2019-10-24", "symbol": "HXPLF", "eps": 1.27, "epsEstimated": 1.24, "time": "bmo", "revenue": null, "revenueEstimated": 185023622.04724407, "fiscalDateEnding": "2019-09-30", "updatedFromDate": "2023-05-17"}, {"date": "2019-10-24", "symbol": "ALFA.ST", "eps": 3.43, "epsEstimated": 3.02, "time": "bmo", "revenue": 12056000000, "revenueEstimated": null, "fiscalDateEnding": "2019-09-29", "updatedFromDate": "2023-05-17"}, {"date": "2019-10-24", "symbol": "MSBI", "eps": 0.51, "epsEstimated": 0.64, "time": "amc", "revenue": 68396000, "revenueEstimated": 85830274.50980392, "fiscalDateEnding": "2019-09-29", "updatedFromDate": "2023-09-29"}, {"date": "2019-10-24", "symbol": "NDA-SE.ST", "eps": 0.17, "epsEstimated": 0.16, "time": "bmo", "revenue": 2072000000, "revenueEstimated": null, "fiscalDateEnding": "2019-09-29", "updatedFromDate": "2023-05-17"}, {"date": "2019-10-24", "symbol": "FFNW", "eps": 0.25, "epsEstimated": 0.23, "time": "bmo", "revenue": 10691000, "revenueEstimated": 9835720, "fiscalDateEnding": "2019-09-29", "updatedFromDate": "2023-09-29"}, {"date": "2019-10-24", "symbol": "ALFLE.PA", "eps": null, "epsEstimated": null, "time": "bmo", "revenue": null, "revenueEstimated": null, "fiscalDateEnding": "2019-09-30", "updatedFromDate": "2023-05-17"}, {"date": "2019-10-24", "symbol": "UVRBF", "eps": 0.85, "epsEstimated": 1.12, "time": "bmo", "revenue": null, "revenueEstimated": 96056470.5882353, "fiscalDateEnding": "2019-09-30", "updatedFromDate": "2023-05-17"}, {"date": "2019-10-24", "symbol": "GRA", "eps": 0.98, "epsEstimated": 0.91, "time": "bmo", "revenue": 470500000, "revenueEstimated": 436892857.14285713, "fiscalDateEnding": "2019-09-29", "updatedFromDate": "2023-05-17"}, {"date": "2019-10-24", "symbol": "002044.SZ", "eps": 0.1, "epsEstimated": 0.17, "time": "bmo", "revenue": 2247496008.81, "revenueEstimated": null, "fiscalDateEnding": "2019-07-24", "updatedFromDate": "2023-05-17"}, {"date": "2019-10-24", "symbol": "ORAP.PA", "eps": null, "epsEstimated": null, "time": "bmo", "revenue": null, "revenueEstimated": null, "fiscalDateEnding": "2019-07-24", "updatedFromDate": "2023-05-17"}, {"date": "2019-10-24", "symbol": "ENVA", "eps": 0.86, "epsEstimated": 0.8, "time": "amc", "revenue": 329513000, "revenueEstimated": 306523720.9302326, "fiscalDateEnding": "2019-09-29", "updatedFromDate": "2023-09-29"}, {"date": "2019-10-24", "symbol": "AZN", "eps": 0.5, "epsEstimated": 0.45, "time": "bmo", "revenue": 6406000000, "revenueEstimated": 5694222222, "fiscalDateEnding": "2019-09-30", "updatedFromDate": "2023-09-29"}, {"date": "2019-10-24", "symbol": "601311.SS", "eps": 0.1, "epsEstimated": null, "time": "bmo", "revenue": 2320112580.94, "revenueEstimated": null, "fiscalDateEnding": "2019-09-29", "updatedFromDate": "2023-05-17"}, {"date": "2019-10-24", "symbol": "POWI", "eps": 0.39, "epsEstimated": 0.37, "time": "amc", "revenue": 114159000, "revenueEstimated": 108304692.3076923, "fiscalDateEnding": "2019-09-29", "updatedFromDate": "2023-09-29"}, {"date": "2019-10-24", "symbol": "CRI", "eps": 1.87, "epsEstimated": 1.69, "time": "bmo", "revenue": 943322000, "revenueEstimated": 857565454.5454545, "fiscalDateEnding": "2019-09-27", "updatedFromDate": "2023-09-29"}, {"date": "2019-10-24", "symbol": "FAF", "eps": 1.64, "epsEstimated": 1.45, "time": "bmo", "revenue": 1671196000, "revenueEstimated": 1408499054.878049, "fiscalDateEnding": "2019-09-29", "updatedFromDate": "2023-09-29"}, {"date": "2019-10-24", "symbol": "TOBII.ST", "eps": -0.32, "epsEstimated": -0.56, "time": "bmo", "revenue": 359500000, "revenueEstimated": null, "fiscalDateEnding": "2019-09-29", "updatedFromDate": "2023-05-17"}, {"date": "2019-10-24", "symbol": "BFFAF", "eps": 0.86, "epsEstimated": 0.83, "time": "bmo", "revenue": null, "revenueEstimated": null, "fiscalDateEnding": "2019-09-30", "updatedFromDate": "2023-05-17"}, {"date": "2019-10-24", "symbol": "603609.SS", "eps": 0.536, "epsEstimated": null, "time": "bmo", "revenue": 5048866096.62, "revenueEstimated": null, "fiscalDateEnding": "2019-07-24", "updatedFromDate": "2023-05-17"}, {"date": "2019-10-24", "symbol": "NDA-DK.CO", "eps": 0.17, "epsEstimated": 0.16, "time": "bmo", "revenue": 2072000000, "revenueEstimated": null, "fiscalDateEnding": "2019-09-29", "updatedFromDate": "2023-07-24"}, {"date": "2019-10-24", "symbol": "IART", "eps": 0.68, "epsEstimated": 0.65, "time": "bmo", "revenue": 379095000, "revenueEstimated": 362370220.58823526, "fiscalDateEnding": "2019-09-29", "updatedFromDate": "2023-09-29"}, {"date": "2019-10-24", "symbol": "FCN", "eps": 1.63, "epsEstimated": 0.97, "time": "bmo", "revenue": 593106000, "revenueEstimated": 469134616.5, "fiscalDateEnding": "2019-09-29", "updatedFromDate": "2023-09-29"}, {"date": "2019-10-24", "symbol": "CX", "eps": 0.11, "epsEstimated": 0.13, "time": "bmo", "revenue": 3377074000, "revenueEstimated": 3896623846, "fiscalDateEnding": "2019-09-30", "updatedFromDate": "2023-09-29"}, {"date": "2019-10-24", "symbol": "TFBANK.ST", "eps": 2.69, "epsEstimated": 2.58, "time": "bmo", "revenue": 195646000, "revenueEstimated": null, "fiscalDateEnding": "2019-09-29", "updatedFromDate": "2023-05-17"}, {"date": "2019-10-24", "symbol": "GOODY.IS", "eps": null, "epsEstimated": null, "time": "bmo", "revenue": null, "revenueEstimated": null, "fiscalDateEnding": "2019-09-30", "updatedFromDate": "2023-05-17"}, {"date": "2019-10-24", "symbol": "PDS", "eps": -0.2, "epsEstimated": -0.8, "time": "bmo", "revenue": 375552000, "revenueEstimated": 625920000.0000001, "fiscalDateEnding": "2019-09-30", "updatedFromDate": "2023-09-29"}, {"date": "2019-10-24", "symbol": "SWN", "eps": 0.08, "epsEstimated": 0.08, "time": "amc", "revenue": 636000000, "revenueEstimated": 636000000, "fiscalDateEnding": "2019-09-29", "updatedFromDate": "2023-09-29"}, {"date": "2019-10-24", "symbol": "DCOM", "eps": 0.7, "epsEstimated": 0.65, "time": "amc", "revenue": 39557000, "revenueEstimated": 112585307.69230768, "fiscalDateEnding": "2019-09-29", "updatedFromDate": "2023-09-29"}, {"date": "2019-10-24", "symbol": "SHI", "eps": 0.56, "epsEstimated": null, "time": "bmo", "revenue": 33585520000, "revenueEstimated": null, "fiscalDateEnding": "2019-07-24", "updatedFromDate": "2023-09-29"}, {"date": "2019-10-24", "symbol": "4519.T", "eps": 29.31, "epsEstimated": 20.56, "time": "bmo", "revenue": 188566000000, "revenueEstimated": null, "fiscalDateEnding": "2019-09-29", "updatedFromDate": "2023-08-16"}, {"date": "2019-10-24", "symbol": "601958.SS", "eps": 0.054, "epsEstimated": null, "time": "bmo", "revenue": 2185799867.87, "revenueEstimated": null, "fiscalDateEnding": "2019-09-29", "updatedFromDate": "2023-05-17"}, {"date": "2019-10-24", "symbol": "002348.SZ", "eps": 0.0196, "epsEstimated": null, "time": "bmo", "revenue": 244318852.46, "revenueEstimated": null, "fiscalDateEnding": "2019-09-29", "updatedFromDate": "2023-05-17"}, {"date": "2019-10-24", "symbol": "105560.KS", "eps": 2389, "epsEstimated": 2309.58, "time": "bmo", "revenue": 3119909000000, "revenueEstimated": null, "fiscalDateEnding": "2019-07-24", "updatedFromDate": "2023-05-17"}, {"date": "2019-10-24", "symbol": "LUV", "eps": 1.23, "epsEstimated": 1.08, "time": "bmo", "revenue": 5639000000, "revenueEstimated": 4951317073.1707325, "fiscalDateEnding": "2019-09-29", "updatedFromDate": "2023-09-29"}, {"date": "2019-10-24", "symbol": "MONC.MI", "eps": 0.572, "epsEstimated": 0.21, "time": "bmo", "revenue": 528729000, "revenueEstimated": null, "fiscalDateEnding": "2019-07-24", "updatedFromDate": "2023-05-17"}, {"date": "2019-10-24", "symbol": "CLS", "eps": 0.13, "epsEstimated": 0.12, "time": "amc", "revenue": 1517900000, "revenueEstimated": 1401138461.5384614, "fiscalDateEnding": "2019-09-30", "updatedFromDate": "2023-09-29"}, {"date": "2019-10-24", "symbol": "SECARE.ST", "eps": 0.11, "epsEstimated": 0.09, "time": "bmo", "revenue": 31768000, "revenueEstimated": null, "fiscalDateEnding": "2019-09-29", "updatedFromDate": "2023-05-17"}, {"date": "2019-10-24", "symbol": "PWOD", "eps": 0.66, "epsEstimated": null, "time": "bmo", "revenue": 15725000, "revenueEstimated": null, "fiscalDateEnding": "2019-09-29", "updatedFromDate": "2023-09-29"}, {"date": "2019-10-24", "symbol": "SCRYY", "eps": 0.07, "epsEstimated": null, "time": "bmo", "revenue": null, "revenueEstimated": null, "fiscalDateEnding": "2019-07-24", "updatedFromDate": "2023-09-29"}, {"date": "2019-10-24", "symbol": "SIVBP", "eps": 5.15, "epsEstimated": 5.07, "time": "bmo", "revenue": 799015000, "revenueEstimated": 786407268, "fiscalDateEnding": "2019-09-29", "updatedFromDate": "2023-05-17"}, {"date": "2019-10-24", "symbol": "FSLR", "eps": 0.29, "epsEstimated": 1.15, "time": "amc", "revenue": 546806000, "revenueEstimated": 2168368620.689655, "fiscalDateEnding": "2019-09-29", "updatedFromDate": "2023-09-29"}, {"date": "2019-10-24", "symbol": "SPORTS.MX", "eps": 0.22, "epsEstimated": 0.16, "time": "bmo", "revenue": 512583000, "revenueEstimated": null, "fiscalDateEnding": "2019-09-30", "updatedFromDate": "2023-08-25"}, {"date": "2019-10-24", "symbol": "603040.SS", "eps": 0.2426, "epsEstimated": null, "time": "bmo", "revenue": 81658617.43, "revenueEstimated": null, "fiscalDateEnding": "2019-09-29", "updatedFromDate": "2023-05-17"}, {"date": "2019-10-24", "symbol": "WRTBF", "eps": 0.05, "epsEstimated": 0.09, "time": "bmo", "revenue": null, "revenueEstimated": 34560000, "fiscalDateEnding": "2019-09-30", "updatedFromDate": "2023-05-17"}, {"date": "2019-10-24", "symbol": "PAC", "eps": 1.23, "epsEstimated": 1.24, "time": "bmo", "revenue": 4315418000, "revenueEstimated": 4513070732, "fiscalDateEnding": "2019-09-30", "updatedFromDate": "2023-09-29"}, {"date": "2019-10-24", "symbol": "MTUAF", "eps": 2.51, "epsEstimated": 2.65, "time": "bmo", "revenue": null, "revenueEstimated": null, "fiscalDateEnding": "2019-09-30", "updatedFromDate": "2023-05-17"}, {"date": "2019-10-24", "symbol": "HCMLF", "eps": null, "epsEstimated": null, "time": "bmo", "revenue": null, "revenueEstimated": null, "fiscalDateEnding": "2019-09-30", "updatedFromDate": "2023-05-17"}, {"date": "2019-10-24", "symbol": "VACN.SW", "eps": 0.624, "epsEstimated": null, "time": "bmo", "revenue": 142594000, "revenueEstimated": null, "fiscalDateEnding": "2019-07-24", "updatedFromDate": "2023-05-17"}, {"date": "2019-10-24", "symbol": "BNDSF", "eps": 0.06, "epsEstimated": 0.03966, "time": "bmo", "revenue": null, "revenueEstimated": null, "fiscalDateEnding": "2019-09-30", "updatedFromDate": "2023-05-17"}, {"date": "2019-10-24", "symbol": "600606.SS", "eps": 0.22, "epsEstimated": 0.16, "time": "bmo", "revenue": 92631130994.07, "revenueEstimated": null, "fiscalDateEnding": "2019-09-30", "updatedFromDate": "2023-08-25"}, {"date": "2019-10-24", "symbol": "GCT.TA", "eps": 2.57, "epsEstimated": null, "time": "bmo", "revenue": 660000000, "revenueEstimated": null, "fiscalDateEnding": "2019-09-30", "updatedFromDate": "2023-08-25"}, {"date": "2019-10-24", "symbol": "AZN.ST", "eps": 0.99, "epsEstimated": 0.96, "time": "bmo", "revenue": 6406000000, "revenueEstimated": null, "fiscalDateEnding": "2019-09-29", "updatedFromDate": "2023-05-17"}, {"date": "2019-10-24", "symbol": "BY", "eps": 0.41, "epsEstimated": 0.4, "time": "amc", "revenue": 70600000, "revenueEstimated": 70872195.12195122, "fiscalDateEnding": "2019-09-29", "updatedFromDate": "2023-09-29"}, {"date": "2019-10-24", "symbol": "600901.SS", "eps": 0.14, "epsEstimated": null, "time": "bmo", "revenue": 798016967.52, "revenueEstimated": null, "fiscalDateEnding": "2019-09-29", "updatedFromDate": "2023-05-17"}, {"date": "2019-10-24", "symbol": "DSCSY", "eps": 0.06, "epsEstimated": 0.05, "time": "bmo", "revenue": 47561000000, "revenueEstimated": null, "fiscalDateEnding": "2019-07-24", "updatedFromDate": "2023-10-17"}, {"date": "2019-10-24", "symbol": "603289.SS", "eps": 0.09311, "epsEstimated": null, "time": "bmo", "revenue": 161608625.56, "revenueEstimated": null, "fiscalDateEnding": "2019-09-29", "updatedFromDate": "2023-05-17"}, {"date": "2019-10-24", "symbol": "PARB.OL", "eps": 1.34, "epsEstimated": 1.38, "time": "bmo", "revenue": 169227000, "revenueEstimated": null, "fiscalDateEnding": "2019-09-29", "updatedFromDate": "2023-05-17"}, {"date": "2019-10-24", "symbol": "GILD", "eps": 1.75, "epsEstimated": 1.76, "time": "amc", "revenue": 5604000000, "revenueEstimated": 5571977142.857143, "fiscalDateEnding": "2019-09-29", "updatedFromDate": "2023-09-29"}, {"date": "2019-10-24", "symbol": "CONTX.OL", "eps": 0.04, "epsEstimated": 0.03636, "time": "bmo", "revenue": 22974000, "revenueEstimated": null, "fiscalDateEnding": "2019-09-30", "updatedFromDate": "2023-08-17"}, {"date": "2019-10-24", "symbol": "ALEATIC.MX", "eps": 1.28, "epsEstimated": 2.68, "time": "bmo", "revenue": null, "revenueEstimated": null, "fiscalDateEnding": "2019-09-30", "updatedFromDate": "2023-05-31"}, {"date": "2019-10-24", "symbol": "601566.SS", "eps": 0.1, "epsEstimated": null, "time": "bmo", "revenue": 671231169.5, "revenueEstimated": null, "fiscalDateEnding": "2019-09-29", "updatedFromDate": "2023-05-17"}, {"date": "2019-10-24", "symbol": "SWMAY", "eps": 7.04, "epsEstimated": 6.4, "time": "bmo", "revenue": null, "revenueEstimated": null, "fiscalDateEnding": "2019-09-30", "updatedFromDate": "2023-05-17"}, {"date": "2019-10-24", "symbol": "A3M.MC", "eps": 0.05, "epsEstimated": 0.05, "time": "bmo", "revenue": 255024000, "revenueEstimated": null, "fiscalDateEnding": "2019-07-24", "updatedFromDate": "2023-05-17"}, {"date": "2019-10-24", "symbol": "GFAMSAA.MX", "eps": null, "epsEstimated": null, "time": "bmo", "revenue": null, "revenueEstimated": null, "fiscalDateEnding": "2019-09-30", "updatedFromDate": "2023-05-31"}, {"date": "2019-10-24", "symbol": "AGYS", "eps": -0.13, "epsEstimated": -0.045, "time": "amc", "revenue": 29807000, "revenueEstimated": 40722000, "fiscalDateEnding": "2019-07-24", "updatedFromDate": "2023-10-10"}, {"date": "2019-10-24", "symbol": "PRLB", "eps": 0.76, "epsEstimated": 0.74, "time": "bmo", "revenue": 117455000, "revenueEstimated": 114364078.94736843, "fiscalDateEnding": "2019-09-29", "updatedFromDate": "2023-09-29"}, {"date": "2019-10-24", "symbol": "PLANI.MX", "eps": null, "epsEstimated": null, "time": "bmo", "revenue": null, "revenueEstimated": null, "fiscalDateEnding": "2019-09-30", "updatedFromDate": "2023-05-31"}, {"date": "2019-10-24", "symbol": "UPM.HE", "eps": 0.5, "epsEstimated": 0.48, "time": "bmo", "revenue": 2493000000, "revenueEstimated": null, "fiscalDateEnding": "2019-09-29", "updatedFromDate": "2023-05-17"}, {"date": "2019-10-24", "symbol": "TV", "eps": 0.07, "epsEstimated": 0.08, "time": "amc", "revenue": 25786149000, "revenueEstimated": 29009417625, "fiscalDateEnding": "2019-09-30", "updatedFromDate": "2023-09-29"}, {"date": "2019-10-24", "symbol": "TIETO.HE", "eps": 0.46, "epsEstimated": 0.47, "time": "bmo", "revenue": 379600000, "revenueEstimated": null, "fiscalDateEnding": "2019-09-29", "updatedFromDate": "2023-05-17"}, {"date": "2019-10-24", "symbol": "7970.T", "eps": 21.92, "epsEstimated": null, "time": "bmo", "revenue": 18332000000, "revenueEstimated": null, "fiscalDateEnding": "2019-07-24", "updatedFromDate": "2023-10-17"}, {"date": "2019-10-24", "symbol": "BCLYF", "eps": 7.42, "epsEstimated": 5.88, "time": "bmo", "revenue": null, "revenueEstimated": null, "fiscalDateEnding": "2019-09-30", "updatedFromDate": "2023-05-17"}, {"date": "2019-10-24", "symbol": "SCHP.SW", "eps": 2.18, "epsEstimated": 2.14, "time": "bmo", "revenue": 2824000000, "revenueEstimated": null, "fiscalDateEnding": "2019-09-29", "updatedFromDate": "2023-05-17"}, {"date": "2019-10-24", "symbol": "EQNR.OL", "eps": 0.32, "epsEstimated": 0.31, "time": "bmo", "revenue": 14900000000, "revenueEstimated": null, "fiscalDateEnding": "2019-07-24", "updatedFromDate": "2023-05-17"}, {"date": "2019-10-24", "symbol": "LBAI", "eps": 0.37, "epsEstimated": 0.35, "time": "bmo", "revenue": 54794000, "revenueEstimated": 52388378.37837838, "fiscalDateEnding": "2019-09-29", "updatedFromDate": "2023-09-29"}, {"date": "2019-10-24", "symbol": "300046.SZ", "eps": null, "epsEstimated": null, "time": "bmo", "revenue": null, "revenueEstimated": null, "fiscalDateEnding": "2019-09-30", "updatedFromDate": "2023-05-31"}, {"date": "2019-10-24", "symbol": "000813.SZ", "eps": 0.0434, "epsEstimated": null, "time": "bmo", "revenue": 482506209.18, "revenueEstimated": null, "fiscalDateEnding": "2019-09-29", "updatedFromDate": "2023-05-17"}, {"date": "2019-10-24", "symbol": "ENTG", "eps": 0.5, "epsEstimated": 0.45, "time": "bmo", "revenue": 394147000, "revenueEstimated": 354732300, "fiscalDateEnding": "2019-09-27", "updatedFromDate": "2023-09-29"}, {"date": "2019-10-24", "symbol": "PBR-A", "eps": 0.38, "epsEstimated": 0.21, "time": "bmo", "revenue": 19416000000, "revenueEstimated": 13729885711.875, "fiscalDateEnding": "2019-09-29", "updatedFromDate": "2023-05-17"}, {"date": "2019-10-24", "symbol": "002274.SZ", "eps": -0.05196, "epsEstimated": null, "time": "bmo", "revenue": 1285116655, "revenueEstimated": null, "fiscalDateEnding": "2019-07-24", "updatedFromDate": "2023-05-17"}, {"date": "2019-10-24", "symbol": "300082.SZ", "eps": null, "epsEstimated": null, "time": "bmo", "revenue": null, "revenueEstimated": null, "fiscalDateEnding": "2019-09-30", "updatedFromDate": "2023-05-31"}, {"date": "2019-10-24", "symbol": "600077.SS", "eps": -0.00071, "epsEstimated": null, "time": "bmo", "revenue": 774503815.92, "revenueEstimated": null, "fiscalDateEnding": "2019-09-29", "updatedFromDate": "2023-05-17"}, {"date": "2019-10-24", "symbol": "BKRKF", "eps": 68.74, "epsEstimated": 74.46, "time": "bmo", "revenue": null, "revenueEstimated": null, "fiscalDateEnding": "2019-09-30", "updatedFromDate": "2023-05-17"}, {"date": "2019-10-24", "symbol": "002196.SZ", "eps": 0.0155, "epsEstimated": null, "time": "bmo", "revenue": 259274560.8, "revenueEstimated": null, "fiscalDateEnding": "2019-09-29", "updatedFromDate": "2023-05-17"}, {"date": "2019-10-24", "symbol": "300135.SZ", "eps": null, "epsEstimated": null, "time": "bmo", "revenue": null, "revenueEstimated": null, "fiscalDateEnding": "2019-09-30", "updatedFromDate": "2023-05-31"}, {"date": "2019-10-24", "symbol": "300140.SZ", "eps": null, "epsEstimated": null, "time": "bmo", "revenue": null, "revenueEstimated": null, "fiscalDateEnding": "2019-09-30", "updatedFromDate": "2023-05-31"}, {"date": "2019-10-24", "symbol": "600439.SS", "eps": 0.0551, "epsEstimated": null, "time": "bmo", "revenue": 472902133.32, "revenueEstimated": null, "fiscalDateEnding": "2019-09-29", "updatedFromDate": "2023-05-17"}, {"date": "2019-10-24", "symbol": "FORTUM.HE", "eps": 0.23, "epsEstimated": 0.21, "time": "bmo", "revenue": 1060000000, "revenueEstimated": null, "fiscalDateEnding": "2019-09-29", "updatedFromDate": "2023-05-17"}, {"date": "2019-10-24", "symbol": "AAK.ST", "eps": 1.53, "epsEstimated": 1.62, "time": "bmo", "revenue": 7153000000, "revenueEstimated": null, "fiscalDateEnding": "2019-09-29", "updatedFromDate": "2023-05-17"}, {"date": "2019-10-24", "symbol": "TRUX", "eps": 0.91, "epsEstimated": null, "time": "bmo", "revenue": null, "revenueEstimated": null, "fiscalDateEnding": "2019-09-30", "updatedFromDate": "2023-09-29"}, {"date": "2019-10-24", "symbol": "MTPOF", "eps": 1.9, "epsEstimated": 1.5, "time": "bmo", "revenue": 29736000000, "revenueEstimated": null, "fiscalDateEnding": "2019-09-29", "updatedFromDate": "2023-08-16"}, {"date": "2019-10-24", "symbol": "WERN", "eps": 0.57, "epsEstimated": 0.59, "time": "amc", "revenue": 618264000, "revenueEstimated": 639957473.6842105, "fiscalDateEnding": "2019-09-29", "updatedFromDate": "2023-09-29"}, {"date": "2019-10-24", "symbol": "REVB", "eps": 0.69, "epsEstimated": 0.68, "time": "bmo", "revenue": null, "revenueEstimated": null, "fiscalDateEnding": "2019-09-29", "updatedFromDate": "2023-09-29"}, {"date": "2019-10-24", "symbol": "SPSC", "eps": 0.33, "epsEstimated": 0.28, "time": "amc", "revenue": 70928000, "revenueEstimated": 60181333.333333336, "fiscalDateEnding": "2019-09-29", "updatedFromDate": "2023-09-29"}, {"date": "2019-10-24", "symbol": "TKFEN.IS", "eps": null, "epsEstimated": null, "time": "bmo", "revenue": null, "revenueEstimated": null, "fiscalDateEnding": "2019-09-30", "updatedFromDate": "2023-05-17"}, {"date": "2019-10-24", "symbol": "601163.SS", "eps": 0.3, "epsEstimated": null, "time": "bmo", "revenue": 2019390352.61, "revenueEstimated": null, "fiscalDateEnding": "2019-09-29", "updatedFromDate": "2023-05-17"}, {"date": "2019-10-24", "symbol": "ADDT-B.ST", "eps": 0.88, "epsEstimated": 0.71, "time": "bmo", "revenue": 2805000000, "revenueEstimated": null, "fiscalDateEnding": "2019-07-24", "updatedFromDate": "2023-10-17"}, {"date": "2019-10-24", "symbol": "KESKOB.HE", "eps": 0.25, "epsEstimated": 0.23, "time": "bmo", "revenue": 2803900000, "revenueEstimated": null, "fiscalDateEnding": "2019-09-29", "updatedFromDate": "2023-05-17"}, {"date": "2019-10-24", "symbol": "002778.SZ", "eps": 0.03643, "epsEstimated": null, "time": "bmo", "revenue": 195839680.97, "revenueEstimated": null, "fiscalDateEnding": "2019-09-29", "updatedFromDate": "2023-05-17"}, {"date": "2019-10-24", "symbol": "SCSG", "eps": 0.18, "epsEstimated": 0.14, "time": "bmo", "revenue": null, "revenueEstimated": null, "fiscalDateEnding": "2019-09-30", "updatedFromDate": "2023-09-29"}, {"date": "2019-10-24", "symbol": "000738.SZ", "eps": 0.064, "epsEstimated": null, "time": "bmo", "revenue": 709151516.98, "revenueEstimated": null, "fiscalDateEnding": "2019-09-29", "updatedFromDate": "2023-05-17"}, {"date": "2019-10-24", "symbol": "GRFFF", "eps": 0.5, "epsEstimated": 0.66, "time": "bmo", "revenue": null, "revenueEstimated": 517809.60000000003, "fiscalDateEnding": "2019-09-30", "updatedFromDate": "2023-05-17"}, {"date": "2019-10-24", "symbol": "VOLARA.MX", "eps": 0.7, "epsEstimated": 0.49, "time": "bmo", "revenue": 482109483.573506, "revenueEstimated": null, "fiscalDateEnding": "2019-09-29", "updatedFromDate": "2023-05-17"}, {"date": "2019-10-24", "symbol": "DBMXF", "eps": 0.07, "epsEstimated": 0.21, "time": "bmo", "revenue": null, "revenueEstimated": null, "fiscalDateEnding": "2019-09-30", "updatedFromDate": "2023-05-17"}, {"date": "2019-10-24", "symbol": "PEB", "eps": 0.17, "epsEstimated": 0.41, "time": "amc", "revenue": 423552000, "revenueEstimated": 1021507764.7058821, "fiscalDateEnding": "2019-09-29", "updatedFromDate": "2023-09-29"}, {"date": "2019-10-24", "symbol": "SBCF", "eps": 0.49, "epsEstimated": 0.48, "time": "amc", "revenue": 74891000, "revenueEstimated": 74891000, "fiscalDateEnding": "2019-09-29", "updatedFromDate": "2023-09-29"}, {"date": "2019-10-24", "symbol": "002803.SZ", "eps": 0.2325, "epsEstimated": null, "time": "bmo", "revenue": 767504770.34, "revenueEstimated": null, "fiscalDateEnding": "2019-09-29", "updatedFromDate": "2023-05-17"}, {"date": "2019-10-24", "symbol": "TFII.TO", "eps": 1.04, "epsEstimated": 1.06, "time": "bmo", "revenue": 985620939.718991, "revenueEstimated": null, "fiscalDateEnding": "2019-09-30", "updatedFromDate": "2023-10-16"}, {"date": "2019-10-24", "symbol": "THLPF", "eps": 1.75, "epsEstimated": 1.95, "time": "bmo", "revenue": null, "revenueEstimated": null, "fiscalDateEnding": "2019-09-30", "updatedFromDate": "2023-05-17"}, {"date": "2019-10-24", "symbol": "CSTR", "eps": 0.36, "epsEstimated": 0.34, "time": "amc", "revenue": 23944000, "revenueEstimated": 22613777.77777778, "fiscalDateEnding": "2019-09-29", "updatedFromDate": "2023-09-29"}, {"date": "2019-10-24", "symbol": "TNET", "eps": 0.81, "epsEstimated": 0.81, "time": "amc", "revenue": 969000000, "revenueEstimated": 969000000, "fiscalDateEnding": "2019-09-29", "updatedFromDate": "2023-09-29"}, {"date": "2019-10-24", "symbol": "RMD", "eps": 0.93, "epsEstimated": 0.87, "time": "amc", "revenue": 681056000, "revenueEstimated": 637116903.2258064, "fiscalDateEnding": "2019-09-29", "updatedFromDate": "2023-09-29"}, {"date": "2019-10-24", "symbol": "ALLGF", "eps": -0.76, "epsEstimated": -0.62, "time": "bmo", "revenue": null, "revenueEstimated": null, "fiscalDateEnding": "2019-09-30", "updatedFromDate": "2023-05-17"}, {"date": "2019-10-24", "symbol": "ONDK", "eps": 0.1, "epsEstimated": 0.07, "time": "bmo", "revenue": 101286000, "revenueEstimated": 78785000, "fiscalDateEnding": "2019-09-29", "updatedFromDate": "2023-05-17"}, {"date": "2019-10-24", "symbol": "051900.KS", "eps": 12728, "epsEstimated": 13469.08, "time": "bmo", "revenue": 2013293078260, "revenueEstimated": null, "fiscalDateEnding": "2019-07-24", "updatedFromDate": "2023-05-17"}, {"date": "2019-10-24", "symbol": "NTABF", "eps": 0.32, "epsEstimated": 0.54, "time": "bmo", "revenue": null, "revenueEstimated": 10361250, "fiscalDateEnding": "2019-09-30", "updatedFromDate": "2023-05-17"}, {"date": "2019-10-24", "symbol": "VALMT.HE", "eps": 0.34, "epsEstimated": 0.33, "time": "bmo", "revenue": 857000000, "revenueEstimated": null, "fiscalDateEnding": "2019-09-29", "updatedFromDate": "2023-05-17"}, {"date": "2019-10-24", "symbol": "SGBAF", "eps": 0.15, "epsEstimated": 0.1, "time": "bmo", "revenue": 1940900000, "revenueEstimated": null, "fiscalDateEnding": "2019-09-30", "updatedFromDate": "2023-09-29"}, {"date": "2019-10-24", "symbol": "ASPS", "eps": 0.25, "epsEstimated": 0.38, "time": "bmo", "revenue": 141493000, "revenueEstimated": 215069360, "fiscalDateEnding": "2019-09-29", "updatedFromDate": "2023-09-29"}, {"date": "2019-10-24", "symbol": "ASB", "eps": 0.5, "epsEstimated": 0.46, "time": "amc", "revenue": 255576000, "revenueEstimated": 283120627.45098037, "fiscalDateEnding": "2019-07-24", "updatedFromDate": "2023-10-10"}, {"date": "2019-10-24", "symbol": "DRQ", "eps": -0.07, "epsEstimated": 0.12, "time": "bmo", "revenue": 108227000, "revenueEstimated": 200993000, "fiscalDateEnding": "2019-09-29", "updatedFromDate": "2023-09-29"}, {"date": "2019-10-24", "symbol": "BFMOF", "eps": null, "epsEstimated": null, "time": "bmo", "revenue": null, "revenueEstimated": null, "fiscalDateEnding": "2019-09-30", "updatedFromDate": "2023-05-17"}, {"date": "2019-10-24", "symbol": "OPBK", "eps": 0.24, "epsEstimated": 0.24, "time": "bmo", "revenue": 13951000, "revenueEstimated": 13951000, "fiscalDateEnding": "2019-09-29", "updatedFromDate": "2023-09-29"}, {"date": "2019-10-24", "symbol": "ULH", "eps": 0.42, "epsEstimated": 0.57, "time": "amc", "revenue": 375485000, "revenueEstimated": 788518500, "fiscalDateEnding": "2019-09-27", "updatedFromDate": "2023-09-29"}, {"date": "2019-10-24", "symbol": "2317.T", "eps": 14.87, "epsEstimated": 13.64, "time": "bmo", "revenue": 14856000000, "revenueEstimated": null, "fiscalDateEnding": "2019-07-24", "updatedFromDate": "2023-10-16"}, {"date": "2019-10-24", "symbol": "PETR3.SA", "eps": 0.75, "epsEstimated": 0.96, "time": "bmo", "revenue": 19416000000, "revenueEstimated": null, "fiscalDateEnding": "2019-09-29", "updatedFromDate": "2023-05-17"}, {"date": "2019-10-24", "symbol": "300146.SZ", "eps": 0.21, "epsEstimated": null, "time": "bmo", "revenue": 1411194136.66, "revenueEstimated": null, "fiscalDateEnding": "2019-09-29", "updatedFromDate": "2023-05-17"}, {"date": "2019-10-24", "symbol": "GPI", "eps": 3.02, "epsEstimated": 2.72, "time": "bmo", "revenue": 3118300000, "revenueEstimated": 2808535099.3377485, "fiscalDateEnding": "2019-09-29", "updatedFromDate": "2023-09-29"}, {"date": "2019-10-24", "symbol": "MAXSF", "eps": 0.05, "epsEstimated": 0.05, "time": "bmo", "revenue": null, "revenueEstimated": null, "fiscalDateEnding": "2019-09-30", "updatedFromDate": "2023-05-17"}, {"date": "2019-10-24", "symbol": "002130.SZ", "eps": 0.01026, "epsEstimated": null, "time": "bmo", "revenue": 1132313414.16, "revenueEstimated": null, "fiscalDateEnding": "2019-07-24", "updatedFromDate": "2023-05-17"}, {"date": "2019-10-24", "symbol": "NRDBY", "eps": -0.09, "epsEstimated": null, "time": "bmo", "revenue": 2072000000, "revenueEstimated": null, "fiscalDateEnding": "2019-09-30", "updatedFromDate": "2023-09-29"}, {"date": "2019-10-24", "symbol": "PCB", "eps": 0.42, "epsEstimated": 0.4, "time": "bmo", "revenue": 20331000, "revenueEstimated": 19362857.142857146, "fiscalDateEnding": "2019-09-29", "updatedFromDate": "2023-09-29"}, {"date": "2019-10-24", "symbol": "KIT.OL", "eps": 0.14, "epsEstimated": 0.15, "time": "bmo", "revenue": 737530000, "revenueEstimated": null, "fiscalDateEnding": "2019-09-29", "updatedFromDate": "2023-05-17"}, {"date": "2019-10-24", "symbol": "002014.SZ", "eps": 0.16, "epsEstimated": null, "time": "bmo", "revenue": 705268302.24, "revenueEstimated": null, "fiscalDateEnding": "2019-09-29", "updatedFromDate": "2023-05-17"}, {"date": "2019-10-24", "symbol": "ATORX.ST", "eps": -0.76, "epsEstimated": -0.62, "time": "bmo", "revenue": 4288000, "revenueEstimated": null, "fiscalDateEnding": "2019-09-29", "updatedFromDate": "2023-05-17"}, {"date": "2019-10-24", "symbol": "000547.SZ", "eps": 0.05, "epsEstimated": null, "time": "bmo", "revenue": 859779020.2, "revenueEstimated": null, "fiscalDateEnding": "2019-09-29", "updatedFromDate": "2023-05-17"}, {"date": "2019-10-24", "symbol": "SPXCF", "eps": 0.11, "epsEstimated": null, "time": "bmo", "revenue": null, "revenueEstimated": null, "fiscalDateEnding": "2019-07-24", "updatedFromDate": "2023-10-17"}, {"date": "2019-10-24", "symbol": "KCR.HE", "eps": 0.66, "epsEstimated": 0.61, "time": "bmo", "revenue": 841300000, "revenueEstimated": null, "fiscalDateEnding": "2019-09-29", "updatedFromDate": "2023-05-17"}, {"date": "2019-10-24", "symbol": "ALLE", "eps": 1.47, "epsEstimated": 1.32, "time": "bmo", "revenue": 748300000, "revenueEstimated": 671942857.1428572, "fiscalDateEnding": "2019-09-29", "updatedFromDate": "2023-09-29"}, {"date": "2019-10-24", "symbol": "VAIAF", "eps": 0.37, "epsEstimated": 0.29, "time": "bmo", "revenue": null, "revenueEstimated": 379351351.3513513, "fiscalDateEnding": "2019-09-30", "updatedFromDate": "2023-05-17"}, {"date": "2019-10-24", "symbol": "VALE", "eps": 0.36, "epsEstimated": 0.51, "time": "bmo", "revenue": 10217000000, "revenueEstimated": 13222000000, "fiscalDateEnding": "2019-09-10", "updatedFromDate": "2023-09-29"}, {"date": "2019-10-24", "symbol": "SOLT.ST", "eps": -0.68997, "epsEstimated": null, "time": "bmo", "revenue": 31423000, "revenueEstimated": null, "fiscalDateEnding": "2019-12-30", "updatedFromDate": "2023-05-17"}, {"date": "2019-10-24", "symbol": "PBNK", "eps": 0.25, "epsEstimated": null, "time": "bmo", "revenue": null, "revenueEstimated": null, "fiscalDateEnding": "2019-07-24", "updatedFromDate": "2023-09-29"}, {"date": "2019-10-24", "symbol": "RBS", "eps": null, "epsEstimated": null, "time": "bmo", "revenue": null, "revenueEstimated": null, "fiscalDateEnding": "2019-09-29", "updatedFromDate": "2023-05-17"}, {"date": "2019-10-24", "symbol": "PETR4.SA", "eps": 0.75, "epsEstimated": 0.96, "time": "bmo", "revenue": 19416000000, "revenueEstimated": null, "fiscalDateEnding": "2019-09-29", "updatedFromDate": "2023-05-17"}, {"date": "2019-10-24", "symbol": "FORR", "eps": 0.34, "epsEstimated": 0.29, "time": "amc", "revenue": 108596000, "revenueEstimated": 92625999.99999999, "fiscalDateEnding": "2019-09-29", "updatedFromDate": "2023-09-29"}, {"date": "2019-10-24", "symbol": "MORG.OL", "eps": 8.8, "epsEstimated": 8.46, "time": "bmo", "revenue": 414000000, "revenueEstimated": null, "fiscalDateEnding": "2019-09-29", "updatedFromDate": "2023-05-17"}, {"date": "2019-10-24", "symbol": "OKCTF", "eps": null, "epsEstimated": null, "time": "bmo", "revenue": null, "revenueEstimated": null, "fiscalDateEnding": "2020-03-31", "updatedFromDate": "2023-05-17"}, {"date": "2019-10-24", "symbol": "PTEN", "eps": -0.27, "epsEstimated": -0.29, "time": "bmo", "revenue": 598452000, "revenueEstimated": 664946666.6666665, "fiscalDateEnding": "2019-09-29", "updatedFromDate": "2023-09-29"}, {"date": "2019-10-24", "symbol": "AZTECACPO.MX", "eps": 0.07, "epsEstimated": null, "time": "bmo", "revenue": 2913264000, "revenueEstimated": null, "fiscalDateEnding": "2019-09-29", "updatedFromDate": "2023-05-17"}, {"date": "2019-10-24", "symbol": "CARE", "eps": 0.29, "epsEstimated": 0.29, "time": "bmo", "revenue": 31313000, "revenueEstimated": 31313000, "fiscalDateEnding": "2019-09-30", "updatedFromDate": "2023-09-29"}, {"date": "2019-10-24", "symbol": "HKBNF", "eps": null, "epsEstimated": null, "time": "bmo", "revenue": null, "revenueEstimated": null, "fiscalDateEnding": "2019-12-31", "updatedFromDate": "2023-05-17"}, {"date": "2019-10-24", "symbol": "COF-PJ", "eps": 2.69, "epsEstimated": 2.88, "time": "bmo", "revenue": 6959000000, "revenueEstimated": null, "fiscalDateEnding": "2019-09-29", "updatedFromDate": "2023-05-17"}, {"date": "2019-10-24", "symbol": "FRST", "eps": 0.36, "epsEstimated": 0.34, "time": "bmo", "revenue": 23245000, "revenueEstimated": 22656277.77777778, "fiscalDateEnding": "2019-09-29", "updatedFromDate": "2023-09-29"}, {"date": "2019-10-24", "symbol": "BGCP", "eps": 0.15, "epsEstimated": 0.15, "time": "bmo", "revenue": 482925000, "revenueEstimated": 521137000, "fiscalDateEnding": "2019-09-29", "updatedFromDate": "2023-09-29"}, {"date": "2019-10-24", "symbol": "SIVB", "eps": 5.15, "epsEstimated": 5.07, "time": "amc", "revenue": 838721000, "revenueEstimated": 801998196.1165048, "fiscalDateEnding": "2019-07-24", "updatedFromDate": "2023-05-17"}, {"date": "2019-10-24", "symbol": "MTA", "eps": -0.02728, "epsEstimated": null, "time": "bmo", "revenue": 119937.748315, "revenueEstimated": null, "fiscalDateEnding": "2019-08-31", "updatedFromDate": "2023-10-10"}, {"date": "2019-10-24", "symbol": "SHECF", "eps": 194.84, "epsEstimated": 192.28, "time": "bmo", "revenue": null, "revenueEstimated": 12947616.505850954, "fiscalDateEnding": "2020-03-31", "updatedFromDate": "2023-05-17"}, {"date": "2019-10-24", "symbol": "002179.SZ", "eps": 0.24, "epsEstimated": 0.31, "time": "bmo", "revenue": 2295534033.67, "revenueEstimated": null, "fiscalDateEnding": "2019-09-29", "updatedFromDate": "2023-05-17"}, {"date": "2019-10-24", "symbol": "TR", "eps": 0.41, "epsEstimated": null, "time": "bmo", "revenue": 181913000, "revenueEstimated": null, "fiscalDateEnding": "2019-09-29", "updatedFromDate": "2023-09-29"}, {"date": "2019-10-24", "symbol": "BOL.ST", "eps": 5.05, "epsEstimated": 4.5, "time": "bmo", "revenue": 11170000000, "revenueEstimated": null, "fiscalDateEnding": "2019-09-29", "updatedFromDate": "2023-05-17"}, {"date": "2019-10-24", "symbol": "ETTYF", "eps": 4.17, "epsEstimated": 3.57, "time": "bmo", "revenue": null, "revenueEstimated": null, "fiscalDateEnding": "2019-09-30", "updatedFromDate": "2023-05-17"}, {"date": "2019-10-24", "symbol": "CUBE", "eps": 0.22, "epsEstimated": 0.22, "time": "amc", "revenue": 166547000, "revenueEstimated": 166547000, "fiscalDateEnding": "2019-09-29", "updatedFromDate": "2023-09-29"}, {"date": "2019-10-24", "symbol": "600350.SS", "eps": 0.11, "epsEstimated": 0.09, "time": "bmo", "revenue": 2094442827.99, "revenueEstimated": null, "fiscalDateEnding": "2019-09-29", "updatedFromDate": "2023-05-17"}, {"date": "2019-10-24", "symbol": "ASB-PE", "eps": 0.51, "epsEstimated": 0.47, "time": "bmo", "revenue": 305577000, "revenueEstimated": null, "fiscalDateEnding": "2019-09-29", "updatedFromDate": "2023-05-17"}, {"date": "2019-10-24", "symbol": "CURO", "eps": 0.71, "epsEstimated": 0.58, "time": "amc", "revenue": 219566000, "revenueEstimated": 242835380.28169015, "fiscalDateEnding": "2019-09-29", "updatedFromDate": "2023-09-29"}, {"date": "2019-10-24", "symbol": "603912.SS", "eps": 0.1142, "epsEstimated": null, "time": "bmo", "revenue": 185999282.73, "revenueEstimated": null, "fiscalDateEnding": "2019-09-29", "updatedFromDate": "2023-05-17"}, {"date": "2019-10-24", "symbol": "KINV-B.ST", "eps": 10.79, "epsEstimated": null, "time": "bmo", "revenue": 3103000000, "revenueEstimated": null, "fiscalDateEnding": "2019-09-29", "updatedFromDate": "2023-05-17"}, {"date": "2019-10-24", "symbol": "WIPKF", "eps": 0.44, "epsEstimated": 0.44, "time": "bmo", "revenue": null, "revenueEstimated": null, "fiscalDateEnding": "2019-09-30", "updatedFromDate": "2023-05-17"}, {"date": "2019-10-24", "symbol": "601865.SS", "eps": null, "epsEstimated": null, "time": "bmo", "revenue": null, "revenueEstimated": null, "fiscalDateEnding": "2019-09-30", "updatedFromDate": "2023-05-17"}, {"date": "2019-10-24", "symbol": "COLB", "eps": 0.7, "epsEstimated": 0.61, "time": "bmo", "revenue": 316297000, "revenueEstimated": 128982857.14285715, "fiscalDateEnding": "2019-09-29", "updatedFromDate": "2023-09-29"}, {"date": "2019-10-24", "symbol": "OCFCP", "eps": 0.54, "epsEstimated": 0.51, "time": "bmo", "revenue": null, "revenueEstimated": null, "fiscalDateEnding": "2019-09-30", "updatedFromDate": "2023-05-17"}, {"date": "2019-10-24", "symbol": "GPAEF", "eps": 2.42, "epsEstimated": 2.33, "time": "bmo", "revenue": null, "revenueEstimated": 614272.7272727273, "fiscalDateEnding": "2019-09-30", "updatedFromDate": "2023-05-17"}, {"date": "2019-10-24", "symbol": "000629.SZ", "eps": 0.0245, "epsEstimated": null, "time": "bmo", "revenue": 3121100103.69, "revenueEstimated": null, "fiscalDateEnding": "2019-09-29", "updatedFromDate": "2023-05-17"}, {"date": "2019-10-24", "symbol": "002886.SZ", "eps": 0.02959, "epsEstimated": null, "time": "bmo", "revenue": 242634783.86, "revenueEstimated": null, "fiscalDateEnding": "2019-09-29", "updatedFromDate": "2023-05-17"}, {"date": "2019-10-24", "symbol": "SMMF", "eps": 0.65, "epsEstimated": 0.57, "time": "bmo", "revenue": 22724000, "revenueEstimated": 20326199.999999996, "fiscalDateEnding": "2019-09-29", "updatedFromDate": "2023-09-29"}, {"date": "2019-10-24", "symbol": "600038.SS", "eps": 0.28, "epsEstimated": -0.32, "time": "bmo", "revenue": 5266357877.53, "revenueEstimated": null, "fiscalDateEnding": "2019-07-24", "updatedFromDate": "2023-05-17"}, {"date": "2019-10-24", "symbol": "300482.SZ", "eps": 0.1846, "epsEstimated": null, "time": "bmo", "revenue": 456274202.76, "revenueEstimated": null, "fiscalDateEnding": "2019-09-29", "updatedFromDate": "2023-05-17"}, {"date": "2019-10-24", "symbol": "ACBI", "eps": 0.33, "epsEstimated": 0.27, "time": "amc", "revenue": 22753000, "revenueEstimated": 18616090.90909091, "fiscalDateEnding": "2019-09-29", "updatedFromDate": "2023-05-17"}, {"date": "2019-10-24", "symbol": "CMCSA", "eps": 0.79, "epsEstimated": 0.75, "time": "bmo", "revenue": 26827000000, "revenueEstimated": 25468670886.075947, "fiscalDateEnding": "2019-09-29", "updatedFromDate": "2023-09-29"}, {"date": "2019-10-24", "symbol": "HTBK", "eps": 0.26, "epsEstimated": 0.26, "time": "bmo", "revenue": 33243000, "revenueEstimated": 33243000, "fiscalDateEnding": "2019-09-29", "updatedFromDate": "2023-09-29"}, {"date": "2019-10-24", "symbol": "600059.SS", "eps": 0.02402, "epsEstimated": null, "time": "bmo", "revenue": 308660832.38, "revenueEstimated": null, "fiscalDateEnding": "2019-09-29", "updatedFromDate": "2023-05-17"}, {"date": "2019-10-24", "symbol": "000798.SZ", "eps": 0.1809, "epsEstimated": null, "time": "bmo", "revenue": 167280519.45, "revenueEstimated": null, "fiscalDateEnding": "2019-09-29", "updatedFromDate": "2023-05-17"}, {"date": "2019-10-24", "symbol": "ARGX.BR", "eps": -0.72, "epsEstimated": -1.1, "time": "bmo", "revenue": 7686502.935109, "revenueEstimated": null, "fiscalDateEnding": "2019-09-30", "updatedFromDate": "2023-05-17"}, {"date": "2019-10-24", "symbol": "002239.SZ", "eps": 0.0007, "epsEstimated": null, "time": "bmo", "revenue": 732770878.13, "revenueEstimated": null, "fiscalDateEnding": "2019-09-29", "updatedFromDate": "2023-05-17"}, {"date": "2019-10-24", "symbol": "GEAGF", "eps": 0.35, "epsEstimated": null, "time": "bmo", "revenue": 1234695000, "revenueEstimated": null, "fiscalDateEnding": "2019-09-30", "updatedFromDate": "2023-09-29"}, {"date": "2019-10-24", "symbol": "GBOOF", "eps": 3.07, "epsEstimated": 3, "time": "bmo", "revenue": null, "revenueEstimated": null, "fiscalDateEnding": "2019-09-30", "updatedFromDate": "2023-05-17"}, {"date": "2019-10-24", "symbol": "002880.SZ", "eps": 0.1714, "epsEstimated": null, "time": "bmo", "revenue": 173490280.27, "revenueEstimated": null, "fiscalDateEnding": "2019-09-29", "updatedFromDate": "2023-05-17"}, {"date": "2019-10-24", "symbol": "RSTI.ME", "eps": 0.1134, "epsEstimated": null, "time": "bmo", "revenue": 234173000000, "revenueEstimated": null, "fiscalDateEnding": "2019-09-29", "updatedFromDate": "2023-05-17"}, {"date": "2019-10-24", "symbol": "603429.SS", "eps": 0.06657, "epsEstimated": null, "time": "bmo", "revenue": 121095375.79, "revenueEstimated": null, "fiscalDateEnding": "2019-09-29", "updatedFromDate": "2023-05-17"}, {"date": "2019-10-24", "symbol": "HERDEZ.MX", "eps": 0.5, "epsEstimated": 0.64, "time": "bmo", "revenue": null, "revenueEstimated": null, "fiscalDateEnding": "2019-09-30", "updatedFromDate": "2023-05-17"}, {"date": "2019-10-24", "symbol": "KIM", "eps": 0.14, "epsEstimated": 0.17, "time": "bmo", "revenue": 282871000, "revenueEstimated": 343486214.28571427, "fiscalDateEnding": "2019-09-29", "updatedFromDate": "2023-09-29"}, {"date": "2019-10-24", "symbol": "BAS.F", "eps": 0.86, "epsEstimated": 0.83, "time": "bmo", "revenue": 15231000000, "revenueEstimated": null, "fiscalDateEnding": "2019-09-29", "updatedFromDate": "2023-05-17"}, {"date": "2019-10-24", "symbol": "BBNI.JK", "eps": 233, "epsEstimated": 186.39, "time": "bmo", "revenue": 13429324000000, "revenueEstimated": null, "fiscalDateEnding": "2019-09-29", "updatedFromDate": "2023-05-17"}, {"date": "2019-10-24", "symbol": "WIHL.ST", "eps": 2.13, "epsEstimated": 2.8, "time": "bmo", "revenue": 743000000, "revenueEstimated": null, "fiscalDateEnding": "2019-09-29", "updatedFromDate": "2023-05-17"}, {"date": "2019-10-24", "symbol": "AXTA", "eps": 0.52, "epsEstimated": 0.45, "time": "bmo", "revenue": 1107000000, "revenueEstimated": 957980769.2307693, "fiscalDateEnding": "2019-09-29", "updatedFromDate": "2023-09-29"}, {"date": "2019-10-24", "symbol": "ORKLY", "eps": 0.13, "epsEstimated": null, "time": "bmo", "revenue": 10880000000, "revenueEstimated": null, "fiscalDateEnding": "2019-09-30", "updatedFromDate": "2023-09-29"}, {"date": "2019-10-24", "symbol": "CEFC", "eps": 0.37, "epsEstimated": null, "time": "bmo", "revenue": null, "revenueEstimated": null, "fiscalDateEnding": "2019-09-30", "updatedFromDate": "2023-09-29"}, {"date": "2019-10-24", "symbol": "XEL", "eps": 1.01, "epsEstimated": 1.03, "time": "bmo", "revenue": 3013000000, "revenueEstimated": 3072663366.3366337, "fiscalDateEnding": "2019-09-29", "updatedFromDate": "2023-09-29"}, {"date": "2019-10-24", "symbol": "BTPN.JK", "eps": 88.48, "epsEstimated": null, "time": "bmo", "revenue": 3100609000000, "revenueEstimated": null, "fiscalDateEnding": "2019-09-29", "updatedFromDate": "2023-05-17"}, {"date": "2019-10-24", "symbol": "002419.SZ", "eps": 0.12, "epsEstimated": null, "time": "bmo", "revenue": 4399164477.52, "revenueEstimated": null, "fiscalDateEnding": "2019-09-29", "updatedFromDate": "2023-05-17"}, {"date": "2019-10-24", "symbol": "018260.KS", "eps": 1996, "epsEstimated": 2145.53, "time": "bmo", "revenue": 2782696872140, "revenueEstimated": null, "fiscalDateEnding": "2019-07-24", "updatedFromDate": "2023-05-17"}, {"date": "2019-10-24", "symbol": "600316.SS", "eps": -0.0401, "epsEstimated": null, "time": "bmo", "revenue": 573593908.19, "revenueEstimated": null, "fiscalDateEnding": "2019-09-29", "updatedFromDate": "2023-05-17"}, {"date": "2019-10-24", "symbol": "XVIVO.ST", "eps": 0.27, "epsEstimated": 0.22, "time": "bmo", "revenue": 54334000, "revenueEstimated": null, "fiscalDateEnding": "2019-09-29", "updatedFromDate": "2023-05-17"}, {"date": "2019-10-24", "symbol": "TOWN", "eps": 0.52, "epsEstimated": 0.51, "time": "bmo", "revenue": 145879000, "revenueEstimated": 143018627, "fiscalDateEnding": "2019-09-30", "updatedFromDate": "2023-09-29"}, {"date": "2019-10-24", "symbol": "DSY.PA", "eps": 0.16, "epsEstimated": 0.15, "time": "bmo", "revenue": 914800000, "revenueEstimated": null, "fiscalDateEnding": "2019-09-29", "updatedFromDate": "2023-05-17"}, {"date": "2019-10-24", "symbol": "002533.SZ", "eps": 0.095, "epsEstimated": null, "time": "bmo", "revenue": 1523658809.31, "revenueEstimated": null, "fiscalDateEnding": "2019-09-29", "updatedFromDate": "2023-05-17"}, {"date": "2019-10-24", "symbol": "ALMDG.PA", "eps": null, "epsEstimated": null, "time": "bmo", "revenue": null, "revenueEstimated": null, "fiscalDateEnding": "2019-07-24", "updatedFromDate": "2023-05-17"}, {"date": "2019-10-24", "symbol": "YRI.TO", "eps": 0.05, "epsEstimated": 0.018, "time": "bmo", "revenue": 383800000, "revenueEstimated": null, "fiscalDateEnding": "2019-07-24", "updatedFromDate": "2023-10-16"}, {"date": "2019-10-24", "symbol": "STF.PA", "eps": null, "epsEstimated": null, "time": "bmo", "revenue": null, "revenueEstimated": null, "fiscalDateEnding": "2019-07-24", "updatedFromDate": "2023-05-17"}, {"date": "2019-10-24", "symbol": "688022.SS", "eps": 0.25, "epsEstimated": null, "time": "bmo", "revenue": 96791864.41, "revenueEstimated": null, "fiscalDateEnding": "2019-09-29", "updatedFromDate": "2023-05-17"}, {"date": "2019-10-24", "symbol": "CASS", "eps": 0.56, "epsEstimated": null, "time": "bmo", "revenue": 40536000, "revenueEstimated": null, "fiscalDateEnding": "2019-09-29", "updatedFromDate": "2023-09-29"}, {"date": "2019-10-24", "symbol": "MHK", "eps": 2.75, "epsEstimated": 2.64, "time": "amc", "revenue": 2519185000, "revenueEstimated": 2418417600, "fiscalDateEnding": "2019-09-27", "updatedFromDate": "2023-11-28"}, {"date": "2019-10-24", "symbol": "BJRI", "eps": 0.18, "epsEstimated": 0.1, "time": "amc", "revenue": 278739000, "revenueEstimated": 154855000, "fiscalDateEnding": "2019-09-30", "updatedFromDate": "2023-09-29"}, {"date": "2019-10-24", "symbol": "NOKIA.HE", "eps": 0.05, "epsEstimated": 0.05, "time": "bmo", "revenue": 5686000000, "revenueEstimated": null, "fiscalDateEnding": "2019-09-29", "updatedFromDate": "2023-05-17"}, {"date": "2019-10-24", "symbol": "603385.SS", "eps": 0.2275, "epsEstimated": null, "time": "bmo", "revenue": 841680487.29, "revenueEstimated": null, "fiscalDateEnding": "2019-09-29", "updatedFromDate": "2023-05-17"}, {"date": "2019-10-24", "symbol": "002696.SZ", "eps": 0.0885, "epsEstimated": null, "time": "bmo", "revenue": 774158494.92, "revenueEstimated": null, "fiscalDateEnding": "2019-09-29", "updatedFromDate": "2023-05-17"}, {"date": "2019-10-24", "symbol": "CASH", "eps": 0.53, "epsEstimated": 0.52, "time": "amc", "revenue": 96540000, "revenueEstimated": 99680075.47169812, "fiscalDateEnding": "2019-09-29", "updatedFromDate": "2023-09-29"}, {"date": "2019-10-24", "symbol": "BESVF", "eps": 0.25, "epsEstimated": 0.19, "time": "bmo", "revenue": null, "revenueEstimated": null, "fiscalDateEnding": "2019-09-30", "updatedFromDate": "2023-05-17"}, {"date": "2019-10-24", "symbol": "MYFW", "eps": 0.35, "epsEstimated": 0.37, "time": "amc", "revenue": 16728000, "revenueEstimated": 20631200, "fiscalDateEnding": "2019-09-29", "updatedFromDate": "2023-09-29"}, {"date": "2019-10-24", "symbol": "FSBW", "eps": 0.79, "epsEstimated": 0.71, "time": "bmo", "revenue": 23616000, "revenueEstimated": 22000113.92405063, "fiscalDateEnding": "2019-09-29", "updatedFromDate": "2023-09-29"}, {"date": "2019-10-24", "symbol": "BOOM", "eps": 0.9, "epsEstimated": 0.8, "time": "amc", "revenue": 100094000, "revenueEstimated": 85635977.77777778, "fiscalDateEnding": "2019-09-29", "updatedFromDate": "2023-09-29"}, {"date": "2019-10-24", "symbol": "CNOB", "eps": 0.6, "epsEstimated": 0.57, "time": "bmo", "revenue": 50515000, "revenueEstimated": 47989250, "fiscalDateEnding": "2019-09-29", "updatedFromDate": "2023-09-29"}, {"date": "2019-10-24", "symbol": "AEP", "eps": 1.46, "epsEstimated": 1.32, "time": "bmo", "revenue": 4315000000, "revenueEstimated": 3901232876.712329, "fiscalDateEnding": "2019-09-29", "updatedFromDate": "2023-09-29"}, {"date": "2019-10-24", "symbol": "FHB", "eps": 0.57, "epsEstimated": 0.54, "time": "amc", "revenue": 186131000, "revenueEstimated": 182899894.73684213, "fiscalDateEnding": "2019-09-29", "updatedFromDate": "2023-09-29"}, {"date": "2019-10-24", "symbol": "VALE3.SA", "eps": 0.36, "epsEstimated": 0.49, "time": "bmo", "revenue": 10217000000, "revenueEstimated": null, "fiscalDateEnding": "2019-09-29", "updatedFromDate": "2023-05-17"}, {"date": "2019-10-24", "symbol": "002641.SZ", "eps": 0.12, "epsEstimated": null, "time": "bmo", "revenue": 1602823090.39, "revenueEstimated": null, "fiscalDateEnding": "2019-09-29", "updatedFromDate": "2023-05-17"}, {"date": "2019-10-24", "symbol": "267260.KS", "eps": 49.19, "epsEstimated": -863.01, "time": "bmo", "revenue": 562303803760, "revenueEstimated": null, "fiscalDateEnding": "2019-07-24", "updatedFromDate": "2023-05-17"}, {"date": "2019-10-24", "symbol": "MCS", "eps": 0.46, "epsEstimated": 0.55, "time": "bmo", "revenue": 211462000, "revenueEstimated": 252835000, "fiscalDateEnding": "2019-09-25", "updatedFromDate": "2023-09-29"}, {"date": "2019-10-24", "symbol": "GSIT", "eps": -0.08, "epsEstimated": -0.09, "time": "amc", "revenue": 11740000, "revenueEstimated": 13207500, "fiscalDateEnding": "2019-09-29", "updatedFromDate": "2023-09-29"}, {"date": "2019-10-24", "symbol": "CLDHF", "eps": null, "epsEstimated": null, "time": "bmo", "revenue": null, "revenueEstimated": null, "fiscalDateEnding": "2019-09-30", "updatedFromDate": "2023-05-17"}, {"date": "2019-10-24", "symbol": "WRTBY", "eps": -0.002, "epsEstimated": null, "time": "bmo", "revenue": 1118000000, "revenueEstimated": null, "fiscalDateEnding": "2019-09-30", "updatedFromDate": "2023-09-29"}, {"date": "2019-10-24", "symbol": "SMTEF", "eps": -1.54, "epsEstimated": -1.4, "time": "bmo", "revenue": null, "revenueEstimated": null, "fiscalDateEnding": "2019-09-30", "updatedFromDate": "2023-08-16"}, {"date": "2019-10-24", "symbol": "BWB", "eps": 0.27, "epsEstimated": 0.26, "time": "bmo", "revenue": 19881000, "revenueEstimated": 19144666.666666664, "fiscalDateEnding": "2019-09-29", "updatedFromDate": "2023-09-29"}, {"date": "2019-10-24", "symbol": "2202.HK", "eps": 0.566, "epsEstimated": null, "time": "bmo", "revenue": 84594680645.79, "revenueEstimated": null, "fiscalDateEnding": "2019-09-29", "updatedFromDate": "2023-05-17"}, {"date": "2019-10-24", "symbol": "600161.SS", "eps": 0.1417, "epsEstimated": null, "time": "bmo", "revenue": 959057389.27, "revenueEstimated": null, "fiscalDateEnding": "2019-09-29", "updatedFromDate": "2023-05-17"}, {"date": "2019-10-24", "symbol": "SHBI", "eps": 0.33, "epsEstimated": 0.32, "time": "bmo", "revenue": 15209000, "revenueEstimated": 14748121.212121213, "fiscalDateEnding": "2019-09-29", "updatedFromDate": "2023-09-29"}, {"date": "2019-10-24", "symbol": "000920.SZ", "eps": 0.04, "epsEstimated": null, "time": "bmo", "revenue": 279092005.93, "revenueEstimated": null, "fiscalDateEnding": "2019-09-29", "updatedFromDate": "2023-05-17"}, {"date": "2019-10-24", "symbol": "SPRBF", "eps": 4.5, "epsEstimated": 2.38, "time": "bmo", "revenue": null, "revenueEstimated": null, "fiscalDateEnding": "2019-09-30", "updatedFromDate": "2023-05-17"}, {"date": "2019-10-24", "symbol": "IQCD.QA", "eps": 0.1, "epsEstimated": 0.13, "time": "bmo", "revenue": null, "revenueEstimated": null, "fiscalDateEnding": "2019-09-30", "updatedFromDate": "2023-05-17"}, {"date": "2019-10-24", "symbol": "OMCL", "eps": 0.76, "epsEstimated": 0.72, "time": "amc", "revenue": 228805000, "revenueEstimated": 201709671.0526316, "fiscalDateEnding": "2019-09-29", "updatedFromDate": "2023-09-29"}, {"date": "2019-10-24", "symbol": "ALGIL.PA", "eps": null, "epsEstimated": null, "time": "bmo", "revenue": null, "revenueEstimated": null, "fiscalDateEnding": "2019-07-24", "updatedFromDate": "2023-05-17"}, {"date": "2019-10-24", "symbol": "BPFH", "eps": 0.24, "epsEstimated": 0.22, "time": "amc", "revenue": 81279000, "revenueEstimated": 74505750, "fiscalDateEnding": "2019-09-29", "updatedFromDate": "2023-05-17"}, {"date": "2019-10-24", "symbol": "EPIAF", "eps": 1.11, "epsEstimated": 1.37, "time": "bmo", "revenue": null, "revenueEstimated": null, "fiscalDateEnding": "2019-09-30", "updatedFromDate": "2023-05-17"}, {"date": "2019-10-24", "symbol": "300009.SZ", "eps": -0.07739, "epsEstimated": null, "time": "bmo", "revenue": 549511943.31, "revenueEstimated": null, "fiscalDateEnding": "2019-07-24", "updatedFromDate": "2023-05-17"}, {"date": "2019-10-24", "symbol": "VRSN", "eps": 1.36, "epsEstimated": 1.31, "time": "amc", "revenue": 308421000, "revenueEstimated": 297081992.64705884, "fiscalDateEnding": "2019-09-29", "updatedFromDate": "2023-09-29"}, {"date": "2019-10-24", "symbol": "BGAOF", "eps": 0.4, "epsEstimated": 0.43, "time": "bmo", "revenue": null, "revenueEstimated": null, "fiscalDateEnding": "2019-09-30", "updatedFromDate": "2023-05-17"}, {"date": "2019-10-24", "symbol": "SPXXF", "eps": 1.76, "epsEstimated": 1.74, "time": "bmo", "revenue": null, "revenueEstimated": null, "fiscalDateEnding": "2019-09-30", "updatedFromDate": "2023-05-17"}, {"date": "2019-10-24", "symbol": "UTMD", "eps": 0.99, "epsEstimated": null, "time": "bmo", "revenue": 12494000, "revenueEstimated": null, "fiscalDateEnding": "2019-09-29", "updatedFromDate": "2023-09-29"}, {"date": "2019-10-24", "symbol": "BUDFF", "eps": 0.94, "epsEstimated": null, "time": "bmo", "revenue": null, "revenueEstimated": null, "fiscalDateEnding": "2019-09-30", "updatedFromDate": "2023-05-17"}, {"date": "2019-10-24", "symbol": "F17.SI", "eps": null, "epsEstimated": null, "time": "bmo", "revenue": null, "revenueEstimated": null, "fiscalDateEnding": "2019-12-31", "updatedFromDate": "2023-05-17"}, {"date": "2019-10-24", "symbol": "SB", "eps": 0.03, "epsEstimated": 0.05, "time": "amc", "revenue": 50714000, "revenueEstimated": 84523333.33333334, "fiscalDateEnding": "2019-09-30", "updatedFromDate": "2023-09-29"}, {"date": "2019-10-24", "symbol": "300715.SZ", "eps": null, "epsEstimated": null, "time": "bmo", "revenue": null, "revenueEstimated": null, "fiscalDateEnding": "2019-09-30", "updatedFromDate": "2023-05-17"}, {"date": "2019-10-24", "symbol": "BAX", "eps": 0.74, "epsEstimated": 0.84, "time": "bmo", "revenue": 2851000000, "revenueEstimated": 3190404761, "fiscalDateEnding": "2019-09-29", "updatedFromDate": "2023-09-29"}, {"date": "2019-10-24", "symbol": "6146.T", "eps": 203.08, "epsEstimated": 170.84, "time": "bmo", "revenue": 47561000000, "revenueEstimated": null, "fiscalDateEnding": "2019-07-24", "updatedFromDate": "2023-10-17"}, {"date": "2019-10-24", "symbol": "ICCGF", "eps": 5.97, "epsEstimated": 5.99, "time": "bmo", "revenue": null, "revenueEstimated": 3020083.7520938027, "fiscalDateEnding": "2019-09-30", "updatedFromDate": "2023-05-17"}, {"date": "2019-10-24", "symbol": "VLEEF", "eps": null, "epsEstimated": 0.74, "time": "bmo", "revenue": null, "revenueEstimated": null, "fiscalDateEnding": "2019-09-30", "updatedFromDate": "2023-05-17"}, {"date": "2019-10-24", "symbol": "PRO", "eps": -0.06, "epsEstimated": -0.09, "time": "amc", "revenue": 64150000, "revenueEstimated": 85533333.33333334, "fiscalDateEnding": "2019-09-29", "updatedFromDate": "2023-09-29"}, {"date": "2019-10-24", "symbol": "DECK", "eps": 2.71, "epsEstimated": 2.33, "time": "amc", "revenue": 542205000, "revenueEstimated": 466176254.61254615, "fiscalDateEnding": "2019-09-29", "updatedFromDate": "2023-09-29"}, {"date": "2019-10-24", "symbol": "M1GU.SI", "eps": null, "epsEstimated": null, "time": "bmo", "revenue": null, "revenueEstimated": null, "fiscalDateEnding": "2019-09-30", "updatedFromDate": "2023-05-17"}, {"date": "2019-10-24", "symbol": "HSY", "eps": 1.61, "epsEstimated": 1.6, "time": "bmo", "revenue": 2134422000, "revenueEstimated": 2121164720.4968944, "fiscalDateEnding": "2019-09-28", "updatedFromDate": "2023-09-29"}, {"date": "2019-10-24", "symbol": "ADVOF", "eps": 0.04, "epsEstimated": 0.11, "time": "bmo", "revenue": null, "revenueEstimated": 510000, "fiscalDateEnding": "2019-09-30", "updatedFromDate": "2023-09-29"}, {"date": "2019-10-24", "symbol": "QGPLF", "eps": null, "epsEstimated": null, "time": "bmo", "revenue": null, "revenueEstimated": null, "fiscalDateEnding": "2019-09-30", "updatedFromDate": "2023-05-17"}, {"date": "2019-10-24", "symbol": "300735.SZ", "eps": null, "epsEstimated": null, "time": "bmo", "revenue": null, "revenueEstimated": null, "fiscalDateEnding": "2019-09-30", "updatedFromDate": "2023-05-17"}, {"date": "2019-10-24", "symbol": "MMAPF", "eps": null, "epsEstimated": null, "time": "bmo", "revenue": null, "revenueEstimated": null, "fiscalDateEnding": "2019-09-30", "updatedFromDate": "2023-05-17"}, {"date": "2019-10-24", "symbol": "IBCP", "eps": 0.55, "epsEstimated": 0.51, "time": "bmo", "revenue": 41390000, "revenueEstimated": 40009036.36363636, "fiscalDateEnding": "2019-09-29", "updatedFromDate": "2023-09-29"}, {"date": "2019-10-24", "symbol": "CIZN", "eps": 0.27, "epsEstimated": null, "time": "bmo", "revenue": 8425000, "revenueEstimated": null, "fiscalDateEnding": "2019-09-29", "updatedFromDate": "2023-09-29"}, {"date": "2019-10-24", "symbol": "TSTH.BK", "eps": 0.00647, "epsEstimated": null, "time": "bmo", "revenue": 4591868000, "revenueEstimated": null, "fiscalDateEnding": "2019-07-24", "updatedFromDate": "2023-10-17"}, {"date": "2019-10-24", "symbol": "UTL", "eps": 0.15, "epsEstimated": 0.14, "time": "bmo", "revenue": 85300000, "revenueEstimated": 79613333.33333334, "fiscalDateEnding": "2019-09-29", "updatedFromDate": "2023-09-29"}, {"date": "2019-10-24", "symbol": "600436.SS", "eps": 0.6, "epsEstimated": 0.64, "time": "bmo", "revenue": 1447266065.54, "revenueEstimated": null, "fiscalDateEnding": "2019-09-29", "updatedFromDate": "2023-05-17"}, {"date": "2019-10-24", "symbol": "ORC", "eps": 0.9, "epsEstimated": 1.2, "time": "amc", "revenue": -5845000, "revenueEstimated": 28244571.42857142, "fiscalDateEnding": "2019-09-29", "updatedFromDate": "2023-09-29"}, {"date": "2019-10-24", "symbol": "600027.SS", "eps": 0.07, "epsEstimated": 0.13, "time": "bmo", "revenue": 23316324000, "revenueEstimated": null, "fiscalDateEnding": "2019-09-29", "updatedFromDate": "2023-05-17"}, {"date": "2019-10-24", "symbol": "BEGR.ST", "eps": 0.3081, "epsEstimated": null, "time": "bmo", "revenue": 977000000, "revenueEstimated": null, "fiscalDateEnding": "2019-09-29", "updatedFromDate": "2023-05-17"}, {"date": "2019-10-24", "symbol": "CSLT", "eps": -0.04, "epsEstimated": -0.01, "time": "amc", "revenue": 35461000, "revenueEstimated": 8865250, "fiscalDateEnding": "2019-09-29", "updatedFromDate": "2023-09-29"}, {"date": "2019-10-24", "symbol": "AAFRF", "eps": 0.02, "epsEstimated": 0.03, "time": "bmo", "revenue": 851000000, "revenueEstimated": null, "fiscalDateEnding": "2019-07-24", "updatedFromDate": "2023-10-17"}, {"date": "2019-10-24", "symbol": "002715.SZ", "eps": 0.03173, "epsEstimated": null, "time": "bmo", "revenue": 74269238, "revenueEstimated": null, "fiscalDateEnding": "2019-09-29", "updatedFromDate": "2023-05-17"}, {"date": "2019-10-24", "symbol": "MHSDF", "eps": 0.58, "epsEstimated": 1.3, "time": "bmo", "revenue": null, "revenueEstimated": null, "fiscalDateEnding": "2019-09-30", "updatedFromDate": "2023-05-17"}, {"date": "2019-10-24", "symbol": "FHI", "eps": 0.72, "epsEstimated": 0.65, "time": "bmo", "revenue": 340340000, "revenueEstimated": 307251388.88888896, "fiscalDateEnding": "2019-09-29", "updatedFromDate": "2023-09-29"}, {"date": "2019-10-24", "symbol": "CXP", "eps": -0.17, "epsEstimated": -0.02217, "time": "amc", "revenue": 71949000, "revenueEstimated": 12696882.35294118, "fiscalDateEnding": "2019-09-29", "updatedFromDate": "2023-05-17"}, {"date": "2019-10-24", "symbol": "FPIP.ST", "eps": 0.15, "epsEstimated": 0.22, "time": "bmo", "revenue": 92425000, "revenueEstimated": null, "fiscalDateEnding": "2019-09-29", "updatedFromDate": "2023-05-17"}, {"date": "2019-10-24", "symbol": "MTRN", "eps": 0.81, "epsEstimated": 0.82, "time": "bmo", "revenue": 305979000, "revenueEstimated": 305979000, "fiscalDateEnding": "2019-09-26", "updatedFromDate": "2023-09-29"}, {"date": "2019-10-24", "symbol": "002534.SZ", "eps": 0.11, "epsEstimated": null, "time": "bmo", "revenue": 980117677.34, "revenueEstimated": null, "fiscalDateEnding": "2019-09-29", "updatedFromDate": "2023-05-17"}, {"date": "2019-10-24", "symbol": "V", "eps": 1.47, "epsEstimated": 1.43, "time": "amc", "revenue": 6137000000, "revenueEstimated": 5970006802.721088, "fiscalDateEnding": "2019-09-29", "updatedFromDate": "2023-11-14"}, {"date": "2019-10-24", "symbol": "DNBHF", "eps": 4.56, "epsEstimated": 3.5, "time": "bmo", "revenue": null, "revenueEstimated": null, "fiscalDateEnding": "2019-09-30", "updatedFromDate": "2023-05-17"}, {"date": "2019-10-24", "symbol": "CVA", "eps": 0.1, "epsEstimated": 0.09, "time": "amc", "revenue": 465000000, "revenueEstimated": 418499999.99999994, "fiscalDateEnding": "2019-09-29", "updatedFromDate": "2023-05-17"}, {"date": "2019-10-24", "symbol": "BIMBOA.MX", "eps": 0.42, "epsEstimated": 0.41, "time": "bmo", "revenue": 74965171000, "revenueEstimated": null, "fiscalDateEnding": "2019-09-29", "updatedFromDate": "2023-05-17"}, {"date": "2019-10-24", "symbol": "002093.SZ", "eps": 0.0213, "epsEstimated": null, "time": "bmo", "revenue": 102297404.44, "revenueEstimated": null, "fiscalDateEnding": "2019-09-29", "updatedFromDate": "2023-05-17"}, {"date": "2019-10-24", "symbol": "EHTH", "eps": -0.43, "epsEstimated": -0.6, "time": "amc", "revenue": 69913000, "revenueEstimated": 102430674.41860464, "fiscalDateEnding": "2019-09-29", "updatedFromDate": "2023-09-29"}, {"date": "2019-10-24", "symbol": "NOC", "eps": 5.49, "epsEstimated": 4.77, "time": "bmo", "revenue": 8475000000, "revenueEstimated": 7363524590.163933, "fiscalDateEnding": "2019-09-29", "updatedFromDate": "2023-09-29"}, {"date": "2019-10-24", "symbol": "ILMN", "eps": 1.93, "epsEstimated": 1.4, "time": "amc", "revenue": 907000000, "revenueEstimated": 657927461.1398963, "fiscalDateEnding": "2019-09-28", "updatedFromDate": "2023-09-29"}, {"date": "2019-10-24", "symbol": "CLBK", "eps": 0.13, "epsEstimated": 0.09, "time": "bmo", "revenue": 51831000, "revenueEstimated": 35883000, "fiscalDateEnding": "2019-09-29", "updatedFromDate": "2023-09-29"}, {"date": "2019-10-24", "symbol": "HCMLY", "eps": null, "epsEstimated": null, "time": "bmo", "revenue": null, "revenueEstimated": null, "fiscalDateEnding": "2019-07-24", "updatedFromDate": "2023-09-29"}, {"date": "2019-10-24", "symbol": "TREL-B.ST", "eps": 2.83, "epsEstimated": 2.61, "time": "bmo", "revenue": 8828000000, "revenueEstimated": null, "fiscalDateEnding": "2019-09-29", "updatedFromDate": "2023-05-17"}, {"date": "2019-10-24", "symbol": "VOYJF", "eps": 0.34, "epsEstimated": 0.33, "time": "bmo", "revenue": null, "revenueEstimated": 1416476470.5882354, "fiscalDateEnding": "2019-09-30", "updatedFromDate": "2023-05-17"}, {"date": "2019-10-24", "symbol": "AAL", "eps": 1.42, "epsEstimated": 1.38, "time": "bmo", "revenue": 11911000000, "revenueEstimated": 11743239436.619719, "fiscalDateEnding": "2019-09-29", "updatedFromDate": "2023-09-29"}, {"date": "2019-10-24", "symbol": "COG", "eps": 0.29, "epsEstimated": 0.26, "time": "amc", "revenue": 429111000, "revenueEstimated": 384720206.8965518, "fiscalDateEnding": "2019-09-29", "updatedFromDate": "2023-05-17"}, {"date": "2019-10-24", "symbol": "TECK", "eps": 0.55, "epsEstimated": 0.61, "time": "bmo", "revenue": 3035000000, "revenueEstimated": 2866388888.8888893, "fiscalDateEnding": "2019-09-30", "updatedFromDate": "2023-09-29"}, {"date": "2019-10-24", "symbol": "FNRN", "eps": 0.25, "epsEstimated": null, "time": "amc", "revenue": 13314000, "revenueEstimated": null, "fiscalDateEnding": "2019-09-29", "updatedFromDate": "2023-09-29"}, {"date": "2019-10-24", "symbol": "603181.SS", "eps": 0.1094, "epsEstimated": null, "time": "bmo", "revenue": 516288033.04, "revenueEstimated": null, "fiscalDateEnding": "2019-09-29", "updatedFromDate": "2023-05-17"}, {"date": "2019-10-24", "symbol": "PFBOF", "eps": 0.5, "epsEstimated": 0.48, "time": "bmo", "revenue": null, "revenueEstimated": null, "fiscalDateEnding": "2019-09-30", "updatedFromDate": "2023-05-17"}, {"date": "2019-10-24", "symbol": "ELIS.PA", "eps": 0.147, "epsEstimated": null, "time": "bmo", "revenue": 820450000, "revenueEstimated": null, "fiscalDateEnding": "2019-07-24", "updatedFromDate": "2023-05-17"}, {"date": "2019-10-24", "symbol": "PNDX-B.ST", "eps": 3.14, "epsEstimated": 3.1, "time": "bmo", "revenue": 1451000000, "revenueEstimated": null, "fiscalDateEnding": "2019-09-30", "updatedFromDate": "2023-05-17"}, {"date": "2019-10-24", "symbol": "603558.SS", "eps": 0.2, "epsEstimated": null, "time": "bmo", "revenue": 484924694.56, "revenueEstimated": null, "fiscalDateEnding": "2019-09-29", "updatedFromDate": "2023-05-17"}, {"date": "2019-10-24", "symbol": "BETS-B.ST", "eps": 1.31, "epsEstimated": 1.34, "time": "bmo", "revenue": 1275200000, "revenueEstimated": null, "fiscalDateEnding": "2019-09-29", "updatedFromDate": "2023-05-17"}, {"date": "2019-10-24", "symbol": "BHE", "eps": 0.36, "epsEstimated": 0.34, "time": "amc", "revenue": 555229000, "revenueEstimated": 524382944.4444445, "fiscalDateEnding": "2019-09-29", "updatedFromDate": "2023-09-29"}, {"date": "2019-10-24", "symbol": "SB-PD", "eps": 0.03, "epsEstimated": 0.05, "time": "bmo", "revenue": 50714000, "revenueEstimated": null, "fiscalDateEnding": "2019-09-30", "updatedFromDate": "2023-05-17"}, {"date": "2019-10-24", "symbol": "PEB-PF", "eps": 0.17, "epsEstimated": 0.41, "time": "bmo", "revenue": null, "revenueEstimated": null, "fiscalDateEnding": "2019-09-30", "updatedFromDate": "2023-05-17"}, {"date": "2019-10-24", "symbol": "600710.SS", "eps": 0.14, "epsEstimated": null, "time": "bmo", "revenue": 23376661907.85, "revenueEstimated": null, "fiscalDateEnding": "2019-09-29", "updatedFromDate": "2023-05-17"}, {"date": "2019-10-24", "symbol": "KN", "eps": 0.38, "epsEstimated": 0.38, "time": "amc", "revenue": 235900000, "revenueEstimated": 235900000, "fiscalDateEnding": "2019-09-29", "updatedFromDate": "2023-09-29"}, {"date": "2019-10-24", "symbol": "TBBK", "eps": 0.38, "epsEstimated": 0.27, "time": "amc", "revenue": 71075000, "revenueEstimated": 53306250.00000001, "fiscalDateEnding": "2019-09-29", "updatedFromDate": "2023-09-29"}, {"date": "2019-10-24", "symbol": "SPXCY", "eps": 0.11, "epsEstimated": null, "time": "bmo", "revenue": null, "revenueEstimated": null, "fiscalDateEnding": "2019-07-24", "updatedFromDate": "2023-10-17"}, {"date": "2019-10-24", "symbol": "DHR-PB", "eps": 1.16, "epsEstimated": 1.15, "time": "bmo", "revenue": 5037300000, "revenueEstimated": null, "fiscalDateEnding": "2019-09-29", "updatedFromDate": "2023-05-17"}, {"date": "2019-10-24", "symbol": "1180.SR", "eps": 0.82, "epsEstimated": 0.74, "time": "bmo", "revenue": 5011003000, "revenueEstimated": null, "fiscalDateEnding": "2019-09-29", "updatedFromDate": "2023-05-17"}, {"date": "2019-10-24", "symbol": "IENVF", "eps": 0.07, "epsEstimated": 0.07, "time": "bmo", "revenue": null, "revenueEstimated": null, "fiscalDateEnding": "2019-09-30", "updatedFromDate": "2023-05-17"}, {"date": "2019-10-24", "symbol": "000922.SZ", "eps": 0.1353, "epsEstimated": null, "time": "bmo", "revenue": 537579648.58, "revenueEstimated": null, "fiscalDateEnding": "2019-09-29", "updatedFromDate": "2023-05-17"}, {"date": "2019-10-24", "symbol": "DDAIF", "eps": 1.61, "epsEstimated": 1.55, "time": "bmo", "revenue": null, "revenueEstimated": 9674503105.590061, "fiscalDateEnding": "2019-09-30", "updatedFromDate": "2023-05-17"}, {"date": "2019-10-24", "symbol": "002428.SZ", "eps": -0.07725, "epsEstimated": null, "time": "bmo", "revenue": 85544840.77, "revenueEstimated": null, "fiscalDateEnding": "2019-07-24", "updatedFromDate": "2023-05-17"}, {"date": "2019-10-24", "symbol": "603185.SS", "eps": 0.2455, "epsEstimated": null, "time": "bmo", "revenue": 173323115.34, "revenueEstimated": null, "fiscalDateEnding": "2019-09-29", "updatedFromDate": "2023-05-17"}, {"date": "2019-10-24", "symbol": "002028.SZ", "eps": null, "epsEstimated": null, "time": "bmo", "revenue": null, "revenueEstimated": null, "fiscalDateEnding": "2019-09-30", "updatedFromDate": "2023-05-17"}, {"date": "2019-10-24", "symbol": "600160.SS", "eps": 0.07, "epsEstimated": null, "time": "bmo", "revenue": 3731236319.41, "revenueEstimated": null, "fiscalDateEnding": "2019-09-29", "updatedFromDate": "2023-05-17"}, {"date": "2019-10-24", "symbol": "600131.SS", "eps": 0.029, "epsEstimated": null, "time": "bmo", "revenue": 257309987.25, "revenueEstimated": null, "fiscalDateEnding": "2019-09-29", "updatedFromDate": "2023-05-17"}, {"date": "2019-10-24", "symbol": "FGELF", "eps": null, "epsEstimated": null, "time": "bmo", "revenue": null, "revenueEstimated": null, "fiscalDateEnding": "2019-09-30", "updatedFromDate": "2023-05-17"}, {"date": "2019-10-24", "symbol": "WRE", "eps": 4.14, "epsEstimated": 0.05, "time": "amc", "revenue": 80259000, "revenueEstimated": 969311.5942028939, "fiscalDateEnding": "2019-09-29", "updatedFromDate": "2023-08-16"}, {"date": "2019-10-24", "symbol": "CMPRF", "eps": 0.62, "epsEstimated": 0.5, "time": "bmo", "revenue": null, "revenueEstimated": 29354838.709677417, "fiscalDateEnding": "2019-09-30", "updatedFromDate": "2023-05-17"}, {"date": "2019-10-24", "symbol": "EQNR", "eps": 0.33, "epsEstimated": 0.29, "time": "bmo", "revenue": 14704000000, "revenueEstimated": null, "fiscalDateEnding": "2019-09-30", "updatedFromDate": "2023-09-29"}, {"date": "2019-10-24", "symbol": "PATK", "eps": 0.92, "epsEstimated": 0.96, "time": "bmo", "revenue": 566186000, "revenueEstimated": 590802782.6086956, "fiscalDateEnding": "2019-09-28", "updatedFromDate": "2023-09-29"}, {"date": "2019-10-24", "symbol": "TWIRF", "eps": -0.01, "epsEstimated": 0.06, "time": "bmo", "revenue": null, "revenueEstimated": null, "fiscalDateEnding": "2019-09-30", "updatedFromDate": "2023-05-17"}, {"date": "2019-10-24", "symbol": "DSGR", "eps": 0.51, "epsEstimated": 0.42, "time": "bmo", "revenue": 94779000, "revenueEstimated": null, "fiscalDateEnding": "2019-09-29", "updatedFromDate": "2023-09-29"}, {"date": "2019-10-24", "symbol": "IDL.PA", "eps": null, "epsEstimated": null, "time": "bmo", "revenue": null, "revenueEstimated": null, "fiscalDateEnding": "2019-07-24", "updatedFromDate": "2023-05-17"}, {"date": "2019-10-24", "symbol": "ORI", "eps": 0.51, "epsEstimated": 0.52, "time": "bmo", "revenue": 1770800000, "revenueEstimated": 1625968627.4509802, "fiscalDateEnding": "2019-09-29", "updatedFromDate": "2023-09-29"}, {"date": "2019-10-24", "symbol": "STEL", "eps": 0.52, "epsEstimated": 0.49, "time": "bmo", "revenue": 38213000, "revenueEstimated": 36457884.6153846, "fiscalDateEnding": "2019-09-30", "updatedFromDate": "2023-09-29"}, {"date": "2019-10-24", "symbol": "SAPMF", "eps": 1.43, "epsEstimated": 1.9, "time": "bmo", "revenue": null, "revenueEstimated": 1640000.0000000002, "fiscalDateEnding": "2019-07-24", "updatedFromDate": "2023-08-25"}, {"date": "2019-10-24", "symbol": "CEMEXCPO.MX", "eps": 0.21, "epsEstimated": 0.28, "time": "bmo", "revenue": null, "revenueEstimated": null, "fiscalDateEnding": "2019-09-30", "updatedFromDate": "2023-05-17"}, {"date": "2019-10-24", "symbol": "GBT.PA", "eps": null, "epsEstimated": null, "time": "bmo", "revenue": null, "revenueEstimated": null, "fiscalDateEnding": "2019-07-24", "updatedFromDate": "2023-05-17"}, {"date": "2019-10-24", "symbol": "RTN", "eps": 3.08, "epsEstimated": 2.86, "time": "bmo", "revenue": 7446000000, "revenueEstimated": 6914142857.142857, "fiscalDateEnding": "2019-09-28", "updatedFromDate": "2023-05-17"}, {"date": "2019-10-24", "symbol": "000540.SZ", "eps": 0.0411, "epsEstimated": null, "time": "bmo", "revenue": 4686399653.22, "revenueEstimated": null, "fiscalDateEnding": "2019-09-30", "updatedFromDate": "2023-11-08"}, {"date": "2019-10-24", "symbol": "FRME", "eps": 0.88, "epsEstimated": 0.78, "time": "bmo", "revenue": 111048000, "revenueEstimated": 121996394.3661972, "fiscalDateEnding": "2019-09-29", "updatedFromDate": "2023-09-29"}, {"date": "2019-10-24", "symbol": "HPOL-B.ST", "eps": 1.27, "epsEstimated": 1.24, "time": "bmo", "revenue": 4244000000, "revenueEstimated": null, "fiscalDateEnding": "2019-09-29", "updatedFromDate": "2023-05-17"}, {"date": "2019-10-24", "symbol": "OCFC", "eps": 0.54, "epsEstimated": 0.51, "time": "amc", "revenue": 73296000, "revenueEstimated": 70771944.44444445, "fiscalDateEnding": "2019-09-29", "updatedFromDate": "2023-09-29"}, {"date": "2019-10-24", "symbol": "GENTERA.MX", "eps": 0.62, "epsEstimated": 0.5, "time": "bmo", "revenue": null, "revenueEstimated": null, "fiscalDateEnding": "2019-09-30", "updatedFromDate": "2023-05-17"}, {"date": "2019-10-24", "symbol": "BALDF", "eps": 3.29, "epsEstimated": 3.1, "time": "bmo", "revenue": null, "revenueEstimated": null, "fiscalDateEnding": "2019-09-30", "updatedFromDate": "2023-05-17"}, {"date": "2019-10-24", "symbol": "CGIUF", "eps": null, "epsEstimated": null, "time": "bmo", "revenue": null, "revenueEstimated": null, "fiscalDateEnding": "2019-09-30", "updatedFromDate": "2023-05-17"}, {"date": "2019-10-24", "symbol": "002538.SZ", "eps": 0.14, "epsEstimated": null, "time": "bmo", "revenue": 949029850.81, "revenueEstimated": null, "fiscalDateEnding": "2019-09-29", "updatedFromDate": "2023-05-17"}, {"date": "2019-10-24", "symbol": "LASKF", "eps": 0.36, "epsEstimated": 0.36, "time": "bmo", "revenue": null, "revenueEstimated": null, "fiscalDateEnding": "2019-09-30", "updatedFromDate": "2023-05-17"}, {"date": "2019-10-24", "symbol": "PLT.OL", "eps": -0.35285, "epsEstimated": null, "time": "bmo", "revenue": 423000, "revenueEstimated": null, "fiscalDateEnding": "2019-09-30", "updatedFromDate": "2023-05-17"}, {"date": "2019-10-24", "symbol": "002970.SZ", "eps": 0.235, "epsEstimated": null, "time": "bmo", "revenue": 331700425.95, "revenueEstimated": null, "fiscalDateEnding": "2019-09-29", "updatedFromDate": "2023-05-17"}, {"date": "2019-10-24", "symbol": "000002.SZ", "eps": 0.57, "epsEstimated": 0.43, "time": "bmo", "revenue": 84594680645.79, "revenueEstimated": null, "fiscalDateEnding": "2019-09-29", "updatedFromDate": "2023-08-16"}, {"date": "2019-10-24", "symbol": "600694.SS", "eps": 0.69, "epsEstimated": null, "time": "bmo", "revenue": 4978767454.51, "revenueEstimated": null, "fiscalDateEnding": "2019-09-29", "updatedFromDate": "2023-05-17"}, {"date": "2019-10-24", "symbol": "BIOA-B.ST", "eps": -0.09461, "epsEstimated": null, "time": "bmo", "revenue": 20631000, "revenueEstimated": null, "fiscalDateEnding": "2019-09-29", "updatedFromDate": "2023-05-17"}, {"date": "2019-10-24", "symbol": "600315.SS", "eps": 0.14, "epsEstimated": 0.23, "time": "bmo", "revenue": 1861641943.35, "revenueEstimated": null, "fiscalDateEnding": "2019-07-24", "updatedFromDate": "2023-05-17"}, {"date": "2019-10-24", "symbol": "ORX.ST", "eps": 3.16, "epsEstimated": 2.22, "time": "bmo", "revenue": 231200000, "revenueEstimated": null, "fiscalDateEnding": "2019-09-29", "updatedFromDate": "2023-05-17"}, {"date": "2019-10-24", "symbol": "005490.KS", "eps": 5357, "epsEstimated": 7190.73, "time": "bmo", "revenue": 16461910000000, "revenueEstimated": null, "fiscalDateEnding": "2019-07-24", "updatedFromDate": "2023-05-17"}, {"date": "2019-10-24", "symbol": "AVT", "eps": 0.6, "epsEstimated": 0.65, "time": "amc", "revenue": 4534806000, "revenueEstimated": 5015843083.333334, "fiscalDateEnding": "2019-07-24", "updatedFromDate": "2023-09-29"}, {"date": "2019-10-24", "symbol": "AZTEF", "eps": 0.07, "epsEstimated": null, "time": "bmo", "revenue": null, "revenueEstimated": null, "fiscalDateEnding": "2019-09-30", "updatedFromDate": "2023-05-17"}, {"date": "2019-10-24", "symbol": "603613.SS", "eps": 0.1143, "epsEstimated": null, "time": "bmo", "revenue": 1653088158.04, "revenueEstimated": null, "fiscalDateEnding": "2019-09-29", "updatedFromDate": "2023-05-17"}, {"date": "2019-10-24", "symbol": "HUSKF", "eps": 0.26, "epsEstimated": 0.26, "time": "bmo", "revenue": null, "revenueEstimated": 3330000, "fiscalDateEnding": "2019-06-30", "updatedFromDate": "2023-05-17"}, {"date": "2019-10-24", "symbol": "SCR.SW", "eps": 0.62, "epsEstimated": 0.61, "time": "bmo", "revenue": null, "revenueEstimated": null, "fiscalDateEnding": "2019-07-24", "updatedFromDate": "2023-05-17"}, {"date": "2019-10-24", "symbol": "603667.SS", "eps": 0.11, "epsEstimated": null, "time": "bmo", "revenue": 434271797.52, "revenueEstimated": null, "fiscalDateEnding": "2019-09-29", "updatedFromDate": "2023-05-17"}, {"date": "2019-10-24", "symbol": "KKPNY", "eps": null, "epsEstimated": null, "time": "bmo", "revenue": null, "revenueEstimated": null, "fiscalDateEnding": "2019-09-30", "updatedFromDate": "2023-09-29"}, {"date": "2019-10-24", "symbol": "EPIPF", "eps": null, "epsEstimated": null, "time": "bmo", "revenue": null, "revenueEstimated": null, "fiscalDateEnding": "2019-09-30", "updatedFromDate": "2023-05-17"}, {"date": "2019-10-24", "symbol": "002029.SZ", "eps": 0.1, "epsEstimated": null, "time": "bmo", "revenue": 923442034.31, "revenueEstimated": null, "fiscalDateEnding": "2019-09-29", "updatedFromDate": "2023-05-17"}, {"date": "2019-10-24", "symbol": "BPRN", "eps": 0.54, "epsEstimated": 0.52, "time": "bmo", "revenue": 11842000, "revenueEstimated": 11386538, "fiscalDateEnding": "2019-09-30", "updatedFromDate": "2023-09-29"}, {"date": "2019-10-24", "symbol": "SBBSF", "eps": null, "epsEstimated": null, "time": "bmo", "revenue": null, "revenueEstimated": null, "fiscalDateEnding": "2019-09-30", "updatedFromDate": "2023-05-17"}, {"date": "2019-10-24", "symbol": "EMSN.SW", "eps": null, "epsEstimated": null, "time": "bmo", "revenue": null, "revenueEstimated": null, "fiscalDateEnding": "2019-07-24", "updatedFromDate": "2023-05-17"}, {"date": "2019-10-24", "symbol": "INTC", "eps": 1.42, "epsEstimated": 1.24, "time": "amc", "revenue": 19190000000, "revenueEstimated": 16757464788.732395, "fiscalDateEnding": "2019-09-27", "updatedFromDate": "2023-09-29"}, {"date": "2019-10-24", "symbol": "BILL.ST", "eps": 0.48, "epsEstimated": 1.1, "time": "bmo", "revenue": 5833000000, "revenueEstimated": null, "fiscalDateEnding": "2019-09-29", "updatedFromDate": "2023-05-17"}, {"date": "2019-10-24", "symbol": "NURAF", "eps": 40.33, "epsEstimated": 18.1, "time": "bmo", "revenue": null, "revenueEstimated": null, "fiscalDateEnding": "2020-03-31", "updatedFromDate": "2023-05-17"}, {"date": "2019-10-24", "symbol": "LAT1V.HE", "eps": 0.36, "epsEstimated": 0.36, "time": "bmo", "revenue": 190500000, "revenueEstimated": null, "fiscalDateEnding": "2019-09-29", "updatedFromDate": "2023-05-17"}, {"date": "2019-10-24", "symbol": "MNRO", "eps": 0.6, "epsEstimated": 0.71, "time": "bmo", "revenue": 324113000, "revenueEstimated": 383533716.6666667, "fiscalDateEnding": "2019-09-27", "updatedFromDate": "2023-09-29"}, {"date": "2019-10-24", "symbol": "LPLA", "eps": 1.71, "epsEstimated": 1.61, "time": "amc", "revenue": 510566000, "revenueEstimated": 1332745760.2339182, "fiscalDateEnding": "2019-09-29", "updatedFromDate": "2023-09-29"}, {"date": "2019-10-24", "symbol": "005940.KS", "eps": 266, "epsEstimated": 363.12, "time": "bmo", "revenue": 297711000000, "revenueEstimated": null, "fiscalDateEnding": "2019-09-30", "updatedFromDate": "2023-10-16"}, {"date": "2019-10-24", "symbol": "DHR", "eps": 1.16, "epsEstimated": 1.15, "time": "bmo", "revenue": 5037300000, "revenueEstimated": 4993875000, "fiscalDateEnding": "2019-09-26", "updatedFromDate": "2023-09-29"}, {"date": "2019-10-24", "symbol": "PLAZF", "eps": 0.56, "epsEstimated": 1.29, "time": "bmo", "revenue": null, "revenueEstimated": null, "fiscalDateEnding": "2019-09-30", "updatedFromDate": "2023-05-17"}, {"date": "2019-10-24", "symbol": "300639.SZ", "eps": 0.1688, "epsEstimated": null, "time": "bmo", "revenue": 200618974.94, "revenueEstimated": null, "fiscalDateEnding": "2019-09-29", "updatedFromDate": "2023-05-17"}, {"date": "2019-10-24", "symbol": "GRNG.ST", "eps": 2.32, "epsEstimated": 1.5, "time": "bmo", "revenue": 2998000000, "revenueEstimated": null, "fiscalDateEnding": "2019-09-29", "updatedFromDate": "2023-05-17"}, {"date": "2019-10-24", "symbol": "603595.SS", "eps": -0.56, "epsEstimated": null, "time": "bmo", "revenue": 241063468.2, "revenueEstimated": null, "fiscalDateEnding": "2019-09-29", "updatedFromDate": "2023-05-17"}, {"date": "2019-10-24", "symbol": "000546.SZ", "eps": 0.2972, "epsEstimated": null, "time": "bmo", "revenue": 2413226259.11, "revenueEstimated": null, "fiscalDateEnding": "2019-09-29", "updatedFromDate": "2023-05-17"}, {"date": "2019-10-24", "symbol": "MYCR.ST", "eps": 1.52, "epsEstimated": 1, "time": "bmo", "revenue": 900500000, "revenueEstimated": null, "fiscalDateEnding": "2019-09-29", "updatedFromDate": "2023-05-17"}, {"date": "2019-10-24", "symbol": "TRTN-PD", "eps": 1.16, "epsEstimated": 1.14, "time": "bmo", "revenue": 353193000, "revenueEstimated": null, "fiscalDateEnding": "2019-07-24", "updatedFromDate": "2023-10-16"}, {"date": "2019-10-24", "symbol": "MSM", "eps": 1.3, "epsEstimated": 1.23, "time": "bmo", "revenue": 842670000, "revenueEstimated": 797295461.5384616, "fiscalDateEnding": "2019-08-30", "updatedFromDate": "2023-09-29"}, {"date": "2019-10-24", "symbol": "LREN3.SA", "eps": 0.22, "epsEstimated": 0.24, "time": "bmo", "revenue": 2225755000, "revenueEstimated": null, "fiscalDateEnding": "2019-09-29", "updatedFromDate": "2023-05-17"}, {"date": "2019-10-24", "symbol": "PFPT", "eps": 0.49, "epsEstimated": 0.39, "time": "amc", "revenue": 227385000, "revenueEstimated": 180979897.95918366, "fiscalDateEnding": "2019-09-29", "updatedFromDate": "2023-05-17"}, {"date": "2019-10-24", "symbol": "600273.SS", "eps": 0.21, "epsEstimated": null, "time": "bmo", "revenue": 1319974282.41, "revenueEstimated": null, "fiscalDateEnding": "2019-09-29", "updatedFromDate": "2023-05-17"}, {"date": "2019-10-24", "symbol": "4286.T", "eps": 48.5, "epsEstimated": null, "time": "bmo", "revenue": 4446416000, "revenueEstimated": null, "fiscalDateEnding": "2019-07-24", "updatedFromDate": "2023-05-17"}, {"date": "2019-10-24", "symbol": "DASTY", "eps": 0.17, "epsEstimated": 0.17, "time": "bmo", "revenue": 914800000, "revenueEstimated": null, "fiscalDateEnding": "2019-09-30", "updatedFromDate": "2023-09-29"}, {"date": "2019-10-24", "symbol": "GLPGF", "eps": 6.03, "epsEstimated": -0.52, "time": "bmo", "revenue": null, "revenueEstimated": null, "fiscalDateEnding": "2019-09-30", "updatedFromDate": "2023-05-17"}, {"date": "2019-10-24", "symbol": "DVD", "eps": -0.09, "epsEstimated": null, "time": "bmo", "revenue": 202000, "revenueEstimated": null, "fiscalDateEnding": "2019-09-29", "updatedFromDate": "2023-09-29"}, {"date": "2019-10-24", "symbol": "002892.SZ", "eps": 0.128, "epsEstimated": null, "time": "bmo", "revenue": 234554600.53, "revenueEstimated": null, "fiscalDateEnding": "2019-09-29", "updatedFromDate": "2023-05-17"}, {"date": "2019-10-24", "symbol": "GRND3.SA", "eps": 0.2327, "epsEstimated": null, "time": "bmo", "revenue": 665730000, "revenueEstimated": null, "fiscalDateEnding": "2019-07-24", "updatedFromDate": "2023-05-17"}, {"date": "2019-10-24", "symbol": "000822.SZ", "eps": 0.04, "epsEstimated": null, "time": "bmo", "revenue": 1200079070.35, "revenueEstimated": null, "fiscalDateEnding": "2019-09-29", "updatedFromDate": "2023-05-17"}, {"date": "2019-10-24", "symbol": "ALGT", "eps": 2.7, "epsEstimated": 2.18, "time": "amc", "revenue": 436509000, "revenueEstimated": 352440600, "fiscalDateEnding": "2019-09-29", "updatedFromDate": "2023-09-29"}, {"date": "2019-10-24", "symbol": "MEGACPO.MX", "eps": 0.58, "epsEstimated": 1.3, "time": "bmo", "revenue": 5405385000, "revenueEstimated": null, "fiscalDateEnding": "2019-09-30", "updatedFromDate": "2023-05-17"}, {"date": "2019-10-24", "symbol": "VLEEY", "eps": null, "epsEstimated": null, "time": "bmo", "revenue": null, "revenueEstimated": null, "fiscalDateEnding": "2019-09-30", "updatedFromDate": "2023-05-17"}, {"date": "2019-10-24", "symbol": "600309.SS", "eps": 0.73, "epsEstimated": 0.82, "time": "bmo", "revenue": 17000173528.87, "revenueEstimated": null, "fiscalDateEnding": "2019-09-29", "updatedFromDate": "2023-05-17"}, {"date": "2019-10-24", "symbol": "002749.SZ", "eps": 0.09499, "epsEstimated": null, "time": "bmo", "revenue": 228204486.75, "revenueEstimated": null, "fiscalDateEnding": "2019-09-29", "updatedFromDate": "2023-05-17"}, {"date": "2019-10-24", "symbol": "AB", "eps": 0.63, "epsEstimated": 0.63, "time": "bmo", "revenue": 66722000, "revenueEstimated": 66722000, "fiscalDateEnding": "2019-09-29", "updatedFromDate": "2023-09-29"}, {"date": "2019-10-24", "symbol": "CY6U.SI", "eps": 0.1177, "epsEstimated": null, "time": "bmo", "revenue": 51497000, "revenueEstimated": null, "fiscalDateEnding": "2019-07-24", "updatedFromDate": "2023-10-16"}, {"date": "2019-10-24", "symbol": "TAVHL.IS", "eps": 0.2444, "epsEstimated": null, "time": "bmo", "revenue": 244199000, "revenueEstimated": null, "fiscalDateEnding": "2019-09-30", "updatedFromDate": "2023-05-17"}, {"date": "2019-10-24", "symbol": "CMS", "eps": 0.73, "epsEstimated": 0.67, "time": "bmo", "revenue": 1546000000, "revenueEstimated": 1418931506.8493152, "fiscalDateEnding": "2019-09-29", "updatedFromDate": "2023-09-29"}, {"date": "2019-10-24", "symbol": "600361.SS", "eps": 0.01, "epsEstimated": null, "time": "bmo", "revenue": 3190811800.4, "revenueEstimated": null, "fiscalDateEnding": "2019-09-29", "updatedFromDate": "2023-05-17"}, {"date": "2019-10-24", "symbol": "ADE.OL", "eps": 0.00364, "epsEstimated": null, "time": "bmo", "revenue": 184400000, "revenueEstimated": null, "fiscalDateEnding": "2019-07-24", "updatedFromDate": "2023-05-17"}, {"date": "2019-10-24", "symbol": "VESTF", "eps": 0.02, "epsEstimated": 0.023, "time": "bmo", "revenue": null, "revenueEstimated": null, "fiscalDateEnding": "2019-09-30", "updatedFromDate": "2023-05-17"}, {"date": "2019-10-24", "symbol": "FBIZ", "eps": 0.59, "epsEstimated": 0.52, "time": "bmo", "revenue": 22688000, "revenueEstimated": 19890440.677966103, "fiscalDateEnding": "2019-09-29", "updatedFromDate": "2023-09-29"}, {"date": "2019-10-24", "symbol": "NVST", "eps": 0.47, "epsEstimated": 0.43, "time": "bmo", "revenue": 659300000, "revenueEstimated": 597969767, "fiscalDateEnding": "2019-09-26", "updatedFromDate": "2023-09-29"}, {"date": "2019-10-24", "symbol": "MBR.WA", "eps": 4.55, "epsEstimated": null, "time": "bmo", "revenue": 43543621, "revenueEstimated": null, "fiscalDateEnding": "2019-07-24", "updatedFromDate": "2023-05-17"}, {"date": "2019-10-24", "symbol": "TBNK", "eps": 0.57, "epsEstimated": 0.48, "time": "bmo", "revenue": 16653000, "revenueEstimated": 14023578.947368423, "fiscalDateEnding": "2019-09-29", "updatedFromDate": "2023-09-29"}, {"date": "2019-10-24", "symbol": "RVSB", "eps": 0.2, "epsEstimated": 0.19, "time": "bmo", "revenue": 14888000, "revenueEstimated": 14143600, "fiscalDateEnding": "2019-09-29", "updatedFromDate": "2023-09-29"}, {"date": "2019-10-24", "symbol": "600528.SS", "eps": 0.1594, "epsEstimated": null, "time": "bmo", "revenue": 5407426119.58, "revenueEstimated": null, "fiscalDateEnding": "2019-07-24", "updatedFromDate": "2023-05-17"}, {"date": "2019-10-24", "symbol": "AEPPZ", "eps": 1.46, "epsEstimated": 1.32, "time": "bmo", "revenue": 4315000000, "revenueEstimated": 3857348484, "fiscalDateEnding": "2019-09-30", "updatedFromDate": "2023-05-17"}, {"date": "2019-10-24", "symbol": "012330.KS", "eps": 6094, "epsEstimated": 6477.46, "time": "bmo", "revenue": 10403727000000, "revenueEstimated": null, "fiscalDateEnding": "2019-07-24", "updatedFromDate": "2023-05-17"}, {"date": "2019-10-24", "symbol": "SCR.PA", "eps": 0.62, "epsEstimated": 0.5, "time": "bmo", "revenue": null, "revenueEstimated": null, "fiscalDateEnding": "2019-07-24", "updatedFromDate": "2023-05-17"}, {"date": "2019-10-24", "symbol": "002146.SZ", "eps": 0.45, "epsEstimated": null, "time": "bmo", "revenue": 14477770263.81, "revenueEstimated": null, "fiscalDateEnding": "2019-09-29", "updatedFromDate": "2023-05-17"}, {"date": "2019-10-24", "symbol": "600328.SS", "eps": 0.188, "epsEstimated": null, "time": "bmo", "revenue": 927111563.2, "revenueEstimated": null, "fiscalDateEnding": "2019-09-29", "updatedFromDate": "2023-05-17"}, {"date": "2019-10-24", "symbol": "RSTIP.ME", "eps": 0.1358, "epsEstimated": null, "time": "bmo", "revenue": 234173000000, "revenueEstimated": null, "fiscalDateEnding": "2019-09-29", "updatedFromDate": "2023-05-17"}, {"date": "2019-10-24", "symbol": "UBSI", "eps": 0.65, "epsEstimated": 0.63, "time": "bmo", "revenue": 185056000, "revenueEstimated": 178476092.30769232, "fiscalDateEnding": "2019-09-29", "updatedFromDate": "2023-09-29"}, {"date": "2019-10-24", "symbol": "AURG.OL", "eps": 9.08, "epsEstimated": 3.52, "time": "bmo", "revenue": 63169000, "revenueEstimated": null, "fiscalDateEnding": "2019-09-29", "updatedFromDate": "2023-05-17"}, {"date": "2019-10-24", "symbol": "603536.SS", "eps": 0.04, "epsEstimated": null, "time": "bmo", "revenue": 331442256.96, "revenueEstimated": null, "fiscalDateEnding": "2019-09-29", "updatedFromDate": "2023-05-17"}, {"date": "2019-10-24", "symbol": "002550.SZ", "eps": 0.0383, "epsEstimated": null, "time": "bmo", "revenue": 301323423.76, "revenueEstimated": null, "fiscalDateEnding": "2019-09-29", "updatedFromDate": "2023-05-17"}, {"date": "2019-10-24", "symbol": "AFL", "eps": 1.16, "epsEstimated": 1.07, "time": "amc", "revenue": 5519000000, "revenueEstimated": 4384232758.62069, "fiscalDateEnding": "2019-09-29", "updatedFromDate": "2023-09-29"}, {"date": "2019-10-24", "symbol": "002427.SZ", "eps": -0.12264, "epsEstimated": null, "time": "bmo", "revenue": 774324301.88, "revenueEstimated": null, "fiscalDateEnding": "2019-09-29", "updatedFromDate": "2023-05-17"}, {"date": "2019-10-24", "symbol": "BFH", "eps": 5.05, "epsEstimated": 5.21, "time": "bmo", "revenue": 1437600000, "revenueEstimated": null, "fiscalDateEnding": "2019-09-29", "updatedFromDate": "2023-09-29"}, {"date": "2019-10-24", "symbol": "UHS", "eps": 1.99, "epsEstimated": 2.26, "time": "amc", "revenue": 2822453000, "revenueEstimated": 3262131608.0402007, "fiscalDateEnding": "2019-09-29", "updatedFromDate": "2023-09-29"}, {"date": "2019-10-24", "symbol": "EQV1V.HE", "eps": 0.13, "epsEstimated": 0.13, "time": "bmo", "revenue": 12442000, "revenueEstimated": null, "fiscalDateEnding": "2019-09-29", "updatedFromDate": "2023-05-17"}, {"date": "2019-10-24", "symbol": "FMBH", "eps": 0.7, "epsEstimated": 0.71, "time": "amc", "revenue": 44042000, "revenueEstimated": 44671171.428571425, "fiscalDateEnding": "2019-09-29", "updatedFromDate": "2023-09-29"}, {"date": "2019-10-24", "symbol": "FLEX", "eps": 0.31, "epsEstimated": 0.3, "time": "amc", "revenue": 6088054000, "revenueEstimated": 6088054000, "fiscalDateEnding": "2019-09-26", "updatedFromDate": "2023-09-29"}, {"date": "2019-10-24", "symbol": "002122.SZ", "eps": -0.2194, "epsEstimated": null, "time": "bmo", "revenue": 218050773.04, "revenueEstimated": null, "fiscalDateEnding": "2019-09-29", "updatedFromDate": "2023-05-17"}, {"date": "2019-10-24", "symbol": "300364.SZ", "eps": -0.05, "epsEstimated": 0.3, "time": "bmo", "revenue": 158291498.29, "revenueEstimated": null, "fiscalDateEnding": "2019-09-29", "updatedFromDate": "2023-05-17"}, {"date": "2019-10-24", "symbol": "002191.SZ", "eps": 0.14, "epsEstimated": null, "time": "bmo", "revenue": 1019641232.57, "revenueEstimated": null, "fiscalDateEnding": "2019-09-29", "updatedFromDate": "2023-05-17"}, {"date": "2019-10-24", "symbol": "300075.SZ", "eps": 0.001, "epsEstimated": null, "time": "bmo", "revenue": 233677145.2, "revenueEstimated": null, "fiscalDateEnding": "2019-09-29", "updatedFromDate": "2023-05-17"}, {"date": "2019-10-24", "symbol": "600466.SS", "eps": 0.3951, "epsEstimated": null, "time": "bmo", "revenue": 13344789856.02, "revenueEstimated": null, "fiscalDateEnding": "2019-09-29", "updatedFromDate": "2023-05-17"}, {"date": "2019-10-24", "symbol": "002579.SZ", "eps": 0.1167, "epsEstimated": null, "time": "bmo", "revenue": 555015396.31, "revenueEstimated": null, "fiscalDateEnding": "2019-09-29", "updatedFromDate": "2023-05-17"}, {"date": "2019-10-24", "symbol": "AXFO.ST", "eps": 2.49, "epsEstimated": 2.45, "time": "bmo", "revenue": 12731000000, "revenueEstimated": null, "fiscalDateEnding": "2019-09-29", "updatedFromDate": "2023-05-17"}, {"date": "2019-10-24", "symbol": "KKPNF", "eps": null, "epsEstimated": 0.03, "time": "bmo", "revenue": null, "revenueEstimated": null, "fiscalDateEnding": "2019-09-30", "updatedFromDate": "2023-09-29"}, {"date": "2019-10-24", "symbol": "7518.T", "eps": 41.75, "epsEstimated": 30.05, "time": "bmo", "revenue": 36505000000, "revenueEstimated": null, "fiscalDateEnding": "2019-07-24", "updatedFromDate": "2023-10-17"}, {"date": "2019-10-24", "symbol": "MRBK", "eps": 0.26, "epsEstimated": 0.19, "time": "bmo", "revenue": 18330000, "revenueEstimated": 14452499.999999998, "fiscalDateEnding": "2019-09-29", "updatedFromDate": "2023-09-29"}, {"date": "2019-10-24", "symbol": "1310.HK", "eps": 0.0057, "epsEstimated": null, "time": "bmo", "revenue": 1444523000, "revenueEstimated": null, "fiscalDateEnding": "2019-08-31", "updatedFromDate": "2023-05-17"}, {"date": "2019-10-24", "symbol": "001740.KS", "eps": 139, "epsEstimated": 76.5, "time": "bmo", "revenue": 2533185000000, "revenueEstimated": null, "fiscalDateEnding": "2019-07-24", "updatedFromDate": "2023-05-17"}, {"date": "2019-10-24", "symbol": "TAL", "eps": 0.02, "epsEstimated": 0.16, "time": "bmo", "revenue": 936626000, "revenueEstimated": 4214817000, "fiscalDateEnding": "2019-08-31", "updatedFromDate": "2023-09-29"}, {"date": "2019-10-24", "symbol": "ACNDF", "eps": null, "epsEstimated": null, "time": "bmo", "revenue": null, "revenueEstimated": null, "fiscalDateEnding": "2019-09-30", "updatedFromDate": "2023-05-17"}, {"date": "2019-10-24", "symbol": "CFFI", "eps": 1.54, "epsEstimated": null, "time": "bmo", "revenue": 28453000, "revenueEstimated": null, "fiscalDateEnding": "2019-09-29", "updatedFromDate": "2023-09-29"}, {"date": "2019-10-24", "symbol": "ABS.WA", "eps": 0.4693, "epsEstimated": null, "time": "bmo", "revenue": 65348000, "revenueEstimated": null, "fiscalDateEnding": "2019-09-29", "updatedFromDate": "2023-05-17"}, {"date": "2019-10-24", "symbol": "PEAB-B.ST", "eps": 2, "epsEstimated": 2.1, "time": "bmo", "revenue": 13001000000, "revenueEstimated": null, "fiscalDateEnding": "2019-09-29", "updatedFromDate": "2023-05-17"}, {"date": "2019-10-24", "symbol": "MB.MI", "eps": null, "epsEstimated": null, "time": "bmo", "revenue": null, "revenueEstimated": null, "fiscalDateEnding": "2019-07-24", "updatedFromDate": "2023-10-17"}, {"date": "2019-10-24", "symbol": "LOGM", "eps": 1.39, "epsEstimated": 1.36, "time": "bmo", "revenue": 316941000, "revenueEstimated": 310100546.76259, "fiscalDateEnding": "2019-09-29", "updatedFromDate": "2023-05-17"}, {"date": "2019-10-24", "symbol": "TAGMF", "eps": -1, "epsEstimated": -0.5, "time": "bmo", "revenue": null, "revenueEstimated": 5560000, "fiscalDateEnding": "2019-09-30", "updatedFromDate": "2023-05-17"}, {"date": "2019-10-24", "symbol": "PSKRF", "eps": -0.07, "epsEstimated": 0.93, "time": "bmo", "revenue": null, "revenueEstimated": null, "fiscalDateEnding": "2019-09-30", "updatedFromDate": "2023-05-17"}, {"date": "2019-10-24", "symbol": "TOTG.OL", "eps": 3.89, "epsEstimated": 3.85, "time": "bmo", "revenue": 104910000, "revenueEstimated": null, "fiscalDateEnding": "2019-09-29", "updatedFromDate": "2023-05-17"}, {"date": "2019-10-24", "symbol": "SMSI", "eps": 0.09, "epsEstimated": 0.06, "time": "amc", "revenue": 11782000, "revenueEstimated": 8836500, "fiscalDateEnding": "2019-09-29", "updatedFromDate": "2023-09-29"}, {"date": "2019-10-24", "symbol": "GLPG", "eps": 8.72, "epsEstimated": -1.41, "time": "amc", "revenue": 633934000, "revenueEstimated": 604405234.5, "fiscalDateEnding": "2019-09-30", "updatedFromDate": "2023-09-29"}, {"date": "2019-10-24", "symbol": "002430.SZ", "eps": 0.14, "epsEstimated": 0.24, "time": "bmo", "revenue": 1912698558.47, "revenueEstimated": null, "fiscalDateEnding": "2019-09-29", "updatedFromDate": "2023-05-17"}, {"date": "2019-10-24", "symbol": "603099.SS", "eps": 0.4, "epsEstimated": null, "time": "bmo", "revenue": 256514474.94, "revenueEstimated": null, "fiscalDateEnding": "2019-09-29", "updatedFromDate": "2023-05-17"}, {"date": "2019-10-24", "symbol": "RS", "eps": 2.39, "epsEstimated": 1.95, "time": "bmo", "revenue": 2685900000, "revenueEstimated": 2191424686.1924686, "fiscalDateEnding": "2019-09-29", "updatedFromDate": "2023-09-29"}, {"date": "2019-10-24", "symbol": "GWB", "eps": 0.89, "epsEstimated": 0.79, "time": "bmo", "revenue": 121732000, "revenueEstimated": 108054247.19101125, "fiscalDateEnding": "2019-09-29", "updatedFromDate": "2023-05-17"}, {"date": "2019-10-24", "symbol": "002155.SZ", "eps": 0.04861, "epsEstimated": null, "time": "bmo", "revenue": 2504249409.14, "revenueEstimated": null, "fiscalDateEnding": "2019-07-24", "updatedFromDate": "2023-05-17"}, {"date": "2019-10-24", "symbol": "600372.SS", "eps": 0.06, "epsEstimated": 0.07, "time": "bmo", "revenue": 1742073542.1, "revenueEstimated": null, "fiscalDateEnding": "2019-09-29", "updatedFromDate": "2023-05-17"}, {"date": "2019-10-24", "symbol": "CARO", "eps": 0.83, "epsEstimated": 0.72, "time": "bmo", "revenue": 57677000, "revenueEstimated": 50773012.04819277, "fiscalDateEnding": "2019-07-24", "updatedFromDate": "2023-05-17"}, {"date": "2019-10-24", "symbol": "CLOEF", "eps": 0.47, "epsEstimated": 0.5, "time": "bmo", "revenue": null, "revenueEstimated": null, "fiscalDateEnding": "2019-09-30", "updatedFromDate": "2023-05-17"}, {"date": "2019-10-24", "symbol": "FLRY3.SA", "eps": 0.28, "epsEstimated": 0.3, "time": "bmo", "revenue": null, "revenueEstimated": null, "fiscalDateEnding": "2019-09-30", "updatedFromDate": "2023-05-17"}, {"date": "2019-10-24", "symbol": "GUZOF", "eps": 0.5, "epsEstimated": 0.64, "time": "bmo", "revenue": null, "revenueEstimated": 21017600, "fiscalDateEnding": "2019-09-30", "updatedFromDate": "2023-05-17"}, {"date": "2019-10-24", "symbol": "4050.SR", "eps": 1.6, "epsEstimated": null, "time": "bmo", "revenue": 681750552, "revenueEstimated": null, "fiscalDateEnding": "2019-07-24", "updatedFromDate": "2023-05-17"}, {"date": "2019-10-24", "symbol": "HBMBF", "eps": null, "epsEstimated": null, "time": "bmo", "revenue": null, "revenueEstimated": null, "fiscalDateEnding": "2020-03-31", "updatedFromDate": "2023-05-17"}, {"date": "2019-10-24", "symbol": "VPLAY-B.ST", "eps": 3.45, "epsEstimated": 3.44, "time": "bmo", "revenue": 3799000000, "revenueEstimated": null, "fiscalDateEnding": "2019-09-29", "updatedFromDate": "2023-05-17"}, {"date": "2019-10-24", "symbol": "300523.SZ", "eps": null, "epsEstimated": null, "time": "bmo", "revenue": null, "revenueEstimated": null, "fiscalDateEnding": "2019-09-30", "updatedFromDate": "2023-05-17"}, {"date": "2019-10-24", "symbol": "005380.KS", "eps": 1623.06, "epsEstimated": 2822.95, "time": "bmo", "revenue": 27824137000000, "revenueEstimated": null, "fiscalDateEnding": "2019-07-24", "updatedFromDate": "2023-05-17"}, {"date": "2019-10-24", "symbol": "IPSOF", "eps": null, "epsEstimated": null, "time": "bmo", "revenue": null, "revenueEstimated": null, "fiscalDateEnding": "2019-09-30", "updatedFromDate": "2023-05-17"}, {"date": "2019-10-24", "symbol": "HEES", "eps": 0.79, "epsEstimated": 0.68, "time": "bmo", "revenue": 352997000, "revenueEstimated": 303845518.98734176, "fiscalDateEnding": "2019-09-29", "updatedFromDate": "2023-09-29"}, {"date": "2019-10-24", "symbol": "NAM.AX", "eps": -0.01959, "epsEstimated": null, "time": "bmo", "revenue": 10622000, "revenueEstimated": null, "fiscalDateEnding": "2019-07-24", "updatedFromDate": "2023-10-16"}, {"date": "2019-10-24", "symbol": "BCCLF", "eps": 0.2, "epsEstimated": 0.22, "time": "bmo", "revenue": null, "revenueEstimated": 819389999.9999999, "fiscalDateEnding": "2019-09-30", "updatedFromDate": "2023-05-17"}, {"date": "2019-10-24", "symbol": "WHTAF", "eps": null, "epsEstimated": null, "time": "bmo", "revenue": null, "revenueEstimated": null, "fiscalDateEnding": "2019-09-30", "updatedFromDate": "2023-05-17"}, {"date": "2019-10-24", "symbol": "002650.SZ", "eps": 0.016, "epsEstimated": null, "time": "bmo", "revenue": 449612398, "revenueEstimated": null, "fiscalDateEnding": "2019-09-29", "updatedFromDate": "2023-05-17"}, {"date": "2019-10-24", "symbol": "108670.KS", "eps": 1205, "epsEstimated": 809.99, "time": "bmo", "revenue": 788483000000, "revenueEstimated": null, "fiscalDateEnding": "2019-09-29", "updatedFromDate": "2023-08-16"}, {"date": "2019-10-24", "symbol": "KMBIF", "eps": 0.07, "epsEstimated": 0.07, "time": "bmo", "revenue": null, "revenueEstimated": null, "fiscalDateEnding": "2019-09-30", "updatedFromDate": "2023-05-17"}, {"date": "2019-10-24", "symbol": "VAIAS.HE", "eps": 0.37, "epsEstimated": 0.29, "time": "bmo", "revenue": 105200000, "revenueEstimated": null, "fiscalDateEnding": "2019-09-30", "updatedFromDate": "2023-05-17"}, {"date": "2019-10-24", "symbol": "3001.SR", "eps": 0.07758, "epsEstimated": null, "time": "bmo", "revenue": 62213412, "revenueEstimated": null, "fiscalDateEnding": "2019-09-29", "updatedFromDate": "2023-05-17"}, {"date": "2019-10-24", "symbol": "HBAN", "eps": 0.34, "epsEstimated": 0.33, "time": "bmo", "revenue": 1188000000, "revenueEstimated": 1153058823.5294118, "fiscalDateEnding": "2019-09-29", "updatedFromDate": "2023-09-29"}, {"date": "2019-10-24", "symbol": "OUKPF", "eps": 0.08, "epsEstimated": 0.09, "time": "bmo", "revenue": null, "revenueEstimated": null, "fiscalDateEnding": "2019-09-30", "updatedFromDate": "2023-05-17"}, {"date": "2019-10-24", "symbol": "EVBN", "eps": 1.04, "epsEstimated": 0.93, "time": "amc", "revenue": 18785000, "revenueEstimated": 16798125, "fiscalDateEnding": "2019-09-29", "updatedFromDate": "2023-09-29"}, {"date": "2019-10-24", "symbol": "9368.T", "eps": -4.18453, "epsEstimated": null, "time": "bmo", "revenue": 11314000000, "revenueEstimated": null, "fiscalDateEnding": "2019-07-24", "updatedFromDate": "2023-10-17"}, {"date": "2019-10-24", "symbol": "CRS", "eps": 0.85, "epsEstimated": 0.89, "time": "bmo", "revenue": 585400000, "revenueEstimated": 612948235.2941177, "fiscalDateEnding": "2019-09-29", "updatedFromDate": "2023-09-29"}, {"date": "2019-10-24", "symbol": "BASFY", "eps": 0.24, "epsEstimated": 0.27, "time": "bmo", "revenue": 15231000000, "revenueEstimated": null, "fiscalDateEnding": "2019-09-30", "updatedFromDate": "2023-09-29"}, {"date": "2019-10-24", "symbol": "QIIK.QA", "eps": 0.17, "epsEstimated": 0.17, "time": "bmo", "revenue": null, "revenueEstimated": null, "fiscalDateEnding": "2019-09-30", "updatedFromDate": "2023-05-17"}, {"date": "2019-10-24", "symbol": "NTUS", "eps": 0.36, "epsEstimated": 0.38, "time": "amc", "revenue": 123463000, "revenueEstimated": 130322055.55555555, "fiscalDateEnding": "2019-09-29", "updatedFromDate": "2023-05-17"}, {"date": "2019-10-24", "symbol": "047050.KS", "eps": 118, "epsEstimated": 602.5, "time": "bmo", "revenue": 5938326470000, "revenueEstimated": null, "fiscalDateEnding": "2019-07-24", "updatedFromDate": "2023-05-17"}, {"date": "2019-10-24", "symbol": "002039.SZ", "eps": 0.0146, "epsEstimated": null, "time": "bmo", "revenue": 443055067.25, "revenueEstimated": null, "fiscalDateEnding": "2019-07-24", "updatedFromDate": "2023-05-17"}, {"date": "2019-10-24", "symbol": "000089.SZ", "eps": 0.08, "epsEstimated": 0.11, "time": "bmo", "revenue": 952552579.54, "revenueEstimated": null, "fiscalDateEnding": "2019-09-29", "updatedFromDate": "2023-05-17"}, {"date": "2019-10-24", "symbol": "NLMK.ME", "eps": 0.0334, "epsEstimated": null, "time": "bmo", "revenue": 2312000000, "revenueEstimated": null, "fiscalDateEnding": "2019-07-24", "updatedFromDate": "2023-08-16"}, {"date": "2019-10-24", "symbol": "MONRF", "eps": null, "epsEstimated": 0.21, "time": "bmo", "revenue": null, "revenueEstimated": null, "fiscalDateEnding": "2019-09-30", "updatedFromDate": "2023-05-17"}, {"date": "2019-10-24", "symbol": "KEMIRA.HE", "eps": 0.27, "epsEstimated": 0.27, "time": "bmo", "revenue": 689800000, "revenueEstimated": null, "fiscalDateEnding": "2019-09-29", "updatedFromDate": "2023-05-17"}, {"date": "2019-10-24", "symbol": "OSIS", "eps": 0.91, "epsEstimated": 0.86, "time": "amc", "revenue": 290852000, "revenueEstimated": 274871120.8791209, "fiscalDateEnding": "2019-09-29", "updatedFromDate": "2023-09-29"}, {"date": "2019-10-24", "symbol": "600971.SS", "eps": 0.1871, "epsEstimated": null, "time": "bmo", "revenue": 1393041478.39, "revenueEstimated": null, "fiscalDateEnding": "2019-09-29", "updatedFromDate": "2023-05-17"}, {"date": "2019-10-24", "symbol": "9058.T", "eps": 92.23, "epsEstimated": null, "time": "bmo", "revenue": 35932000000, "revenueEstimated": null, "fiscalDateEnding": "2019-07-24", "updatedFromDate": "2023-10-17"}, {"date": "2019-10-24", "symbol": "CTXS", "eps": 1.52, "epsEstimated": 1.25, "time": "bmo", "revenue": 732901000, "revenueEstimated": 602714638.1578947, "fiscalDateEnding": "2019-09-29", "updatedFromDate": "2023-05-17"}, {"date": "2019-10-24", "symbol": "BRTZF", "eps": null, "epsEstimated": null, "time": "bmo", "revenue": null, "revenueEstimated": null, "fiscalDateEnding": "2019-09-30", "updatedFromDate": "2023-05-17"}, {"date": "2019-10-24", "symbol": "ODFL", "eps": 1.37, "epsEstimated": 1.41, "time": "bmo", "revenue": 1048457000, "revenueEstimated": 1079068883.2116787, "fiscalDateEnding": "2019-09-29", "updatedFromDate": "2023-12-01"}, {"date": "2019-10-24", "symbol": "CTRA", "eps": 0.29, "epsEstimated": 0.27, "time": "bmo", "revenue": 429111000, "revenueEstimated": 195189694.32314414, "fiscalDateEnding": "2019-09-29", "updatedFromDate": "2023-09-29"}, {"date": "2019-10-24", "symbol": "3064.T", "eps": 4.93, "epsEstimated": 6.24, "time": "bmo", "revenue": 33683000000, "revenueEstimated": null, "fiscalDateEnding": "2019-09-29", "updatedFromDate": "2023-05-17"}, {"date": "2019-10-24", "symbol": "IPS.PA", "eps": null, "epsEstimated": null, "time": "bmo", "revenue": null, "revenueEstimated": null, "fiscalDateEnding": "2019-09-30", "updatedFromDate": "2023-05-17"}, {"date": "2019-10-24", "symbol": "600845.SS", "eps": 0.1454, "epsEstimated": null, "time": "bmo", "revenue": 1702975412.43, "revenueEstimated": null, "fiscalDateEnding": "2019-09-29", "updatedFromDate": "2023-08-16"}, {"date": "2019-10-24", "symbol": "300630.SZ", "eps": null, "epsEstimated": null, "time": "bmo", "revenue": null, "revenueEstimated": null, "fiscalDateEnding": "2019-09-30", "updatedFromDate": "2023-05-17"}, {"date": "2019-10-24", "symbol": "BINV.ST", "eps": -1.72, "epsEstimated": -1.96, "time": "bmo", "revenue": 18053000, "revenueEstimated": null, "fiscalDateEnding": "2019-09-29", "updatedFromDate": "2023-05-17"}, {"date": "2019-10-24", "symbol": "JNPR", "eps": 0.48, "epsEstimated": 0.46, "time": "amc", "revenue": 1133100000, "revenueEstimated": 1085887500, "fiscalDateEnding": "2019-09-29", "updatedFromDate": "2023-09-29"}, {"date": "2019-10-24", "symbol": "VLYPP", "eps": 0.24, "epsEstimated": 0.23, "time": "bmo", "revenue": 261775000, "revenueEstimated": 47341666.66666667, "fiscalDateEnding": "2019-09-29", "updatedFromDate": "2023-05-17"}, {"date": "2019-10-24", "symbol": "FR.PA", "eps": 0.3266, "epsEstimated": 0.74, "time": "bmo", "revenue": 4869250000, "revenueEstimated": null, "fiscalDateEnding": "2019-07-24", "updatedFromDate": "2023-08-17"}, {"date": "2019-10-24", "symbol": "COWN", "eps": 0.34, "epsEstimated": 0.3, "time": "bmo", "revenue": 281135000, "revenueEstimated": 222394411.76470584, "fiscalDateEnding": "2019-07-24", "updatedFromDate": "2023-05-17"}, {"date": "2019-10-24", "symbol": "002755.SZ", "eps": 0.2198, "epsEstimated": null, "time": "bmo", "revenue": 1234564825.4, "revenueEstimated": null, "fiscalDateEnding": "2019-09-29", "updatedFromDate": "2023-05-17"}, {"date": "2019-10-24", "symbol": "AGIL.MC", "eps": null, "epsEstimated": null, "time": "bmo", "revenue": null, "revenueEstimated": null, "fiscalDateEnding": "2019-09-30", "updatedFromDate": "2023-05-17"}, {"date": "2019-10-24", "symbol": "AUY", "eps": 0.05, "epsEstimated": 0.01818, "time": "amc", "revenue": 383800000, "revenueEstimated": 143120000, "fiscalDateEnding": "2019-07-24", "updatedFromDate": "2023-09-29"}, {"date": "2019-10-24", "symbol": "002152.SZ", "eps": 0.06, "epsEstimated": null, "time": "bmo", "revenue": 1433519051.06, "revenueEstimated": null, "fiscalDateEnding": "2019-09-29", "updatedFromDate": "2023-05-17"}, {"date": "2019-10-24", "symbol": "WPK.TO", "eps": 0.44, "epsEstimated": 0.44, "time": "bmo", "revenue": 212734000, "revenueEstimated": null, "fiscalDateEnding": "2019-09-29", "updatedFromDate": "2023-05-17"}, {"date": "2019-10-24", "symbol": "SFFYF", "eps": 0.83, "epsEstimated": 0.8, "time": "bmo", "revenue": null, "revenueEstimated": null, "fiscalDateEnding": "2019-09-30", "updatedFromDate": "2023-05-17"}, {"date": "2019-10-24", "symbol": "000270.KS", "eps": 813, "epsEstimated": 881.43, "time": "bmo", "revenue": 15089541000000, "revenueEstimated": null, "fiscalDateEnding": "2019-09-29", "updatedFromDate": "2023-05-17"}, {"date": "2019-10-24", "symbol": "002082.SZ", "eps": 0.3284, "epsEstimated": null, "time": "bmo", "revenue": 3847653623.8, "revenueEstimated": null, "fiscalDateEnding": "2019-07-24", "updatedFromDate": "2023-05-17"}, {"date": "2019-10-24", "symbol": "TFII", "eps": 0.79, "epsEstimated": 0.81, "time": "bmo", "revenue": 985620939.718991, "revenueEstimated": 1329383207, "fiscalDateEnding": "2019-09-30", "updatedFromDate": "2023-09-29"}, {"date": "2019-10-24", "symbol": "AIMC", "eps": 0.69, "epsEstimated": 0.66, "time": "bmo", "revenue": 442900000, "revenueEstimated": 423643478.2608696, "fiscalDateEnding": "2019-09-29", "updatedFromDate": "2023-05-17"}, {"date": "2019-10-24", "symbol": "KNDGF", "eps": 7.9, "epsEstimated": 7, "time": "bmo", "revenue": null, "revenueEstimated": null, "fiscalDateEnding": "2019-09-30", "updatedFromDate": "2023-05-17"}, {"date": "2019-10-24", "symbol": "OUKPY", "eps": 0.08, "epsEstimated": 0.09, "time": "bmo", "revenue": 322300000, "revenueEstimated": null, "fiscalDateEnding": "2019-09-29", "updatedFromDate": "2023-05-17"}, {"date": "2019-10-24", "symbol": "002935.SZ", "eps": 0.02538, "epsEstimated": null, "time": "bmo", "revenue": 104597227.43, "revenueEstimated": null, "fiscalDateEnding": "2019-09-29", "updatedFromDate": "2023-05-17"}, {"date": "2019-10-24", "symbol": "MCBC", "eps": 0.24, "epsEstimated": 0.21, "time": "bmo", "revenue": 20702000, "revenueEstimated": 18417875, "fiscalDateEnding": "2019-09-29", "updatedFromDate": "2023-09-29"}, {"date": "2019-10-24", "symbol": "BULTEN.ST", "eps": 0.3, "epsEstimated": 0.57, "time": "bmo", "revenue": 718000000, "revenueEstimated": null, "fiscalDateEnding": "2019-09-29", "updatedFromDate": "2023-05-17"}, {"date": "2019-10-24", "symbol": "PBBIF", "eps": 1.9, "epsEstimated": 1.46, "time": "bmo", "revenue": null, "revenueEstimated": null, "fiscalDateEnding": "2019-09-30", "updatedFromDate": "2023-05-17"}, {"date": "2019-10-24", "symbol": "002425.SZ", "eps": 0.03, "epsEstimated": 0.17, "time": "bmo", "revenue": 171190776.92, "revenueEstimated": null, "fiscalDateEnding": "2019-09-29", "updatedFromDate": "2023-05-17"}, {"date": "2019-10-24", "symbol": "TOP.CO", "eps": 3.3, "epsEstimated": 4.66, "time": "bmo", "revenue": 7095000000, "revenueEstimated": null, "fiscalDateEnding": "2019-09-29", "updatedFromDate": "2023-07-24"}, {"date": "2019-10-24", "symbol": "MTRS.ST", "eps": 0.79, "epsEstimated": 0.7, "time": "bmo", "revenue": 1813000000, "revenueEstimated": null, "fiscalDateEnding": "2019-09-29", "updatedFromDate": "2023-05-17"}, {"date": "2019-10-24", "symbol": "DOM.ST", "eps": 1.26, "epsEstimated": 1.45, "time": "bmo", "revenue": 4605000000, "revenueEstimated": null, "fiscalDateEnding": "2019-09-29", "updatedFromDate": "2023-05-17"}, {"date": "2019-10-24", "symbol": "SWK", "eps": 2.13, "epsEstimated": 2.02, "time": "bmo", "revenue": 3633100000, "revenueEstimated": 3462531924.882629, "fiscalDateEnding": "2019-09-27", "updatedFromDate": "2023-09-29"}, {"date": "2019-10-24", "symbol": "300599.SZ", "eps": null, "epsEstimated": null, "time": "bmo", "revenue": null, "revenueEstimated": null, "fiscalDateEnding": "2019-09-30", "updatedFromDate": "2023-05-17"}, {"date": "2019-10-24", "symbol": "PD.TO", "eps": -0.6, "epsEstimated": -0.95, "time": "bmo", "revenue": 375552000, "revenueEstimated": null, "fiscalDateEnding": "2019-09-30", "updatedFromDate": "2023-10-16"}, {"date": "2019-10-24", "symbol": "KDKGF", "eps": null, "epsEstimated": null, "time": "bmo", "revenue": null, "revenueEstimated": null, "fiscalDateEnding": "2020-03-31", "updatedFromDate": "2023-05-17"}, {"date": "2019-10-24", "symbol": "CXMSF", "eps": 0.21, "epsEstimated": 0.28, "time": "bmo", "revenue": null, "revenueEstimated": null, "fiscalDateEnding": "2019-09-30", "updatedFromDate": "2023-05-17"}, {"date": "2019-10-24", "symbol": "BFIN.JK", "eps": 26.73, "epsEstimated": null, "time": "bmo", "revenue": 1270480000000, "revenueEstimated": null, "fiscalDateEnding": "2019-09-29", "updatedFromDate": "2023-05-17"}, {"date": "2019-10-24", "symbol": "VESTA.MX", "eps": 0.02, "epsEstimated": 0.023, "time": "bmo", "revenue": null, "revenueEstimated": null, "fiscalDateEnding": "2019-09-30", "updatedFromDate": "2023-05-17"}, {"date": "2019-10-24", "symbol": "IDDWF", "eps": 1.02, "epsEstimated": 1.06, "time": "bmo", "revenue": null, "revenueEstimated": null, "fiscalDateEnding": "2019-09-30", "updatedFromDate": "2023-05-17"}, {"date": "2019-10-24", "symbol": "S68.SI", "eps": 0.11, "epsEstimated": 0.1, "time": "bmo", "revenue": 263174500, "revenueEstimated": null, "fiscalDateEnding": "2019-07-24", "updatedFromDate": "2023-10-17"}, {"date": "2019-10-24", "symbol": "MTA.V", "eps": -0.02728, "epsEstimated": null, "time": "bmo", "revenue": 119937.748315, "revenueEstimated": null, "fiscalDateEnding": "2019-08-31", "updatedFromDate": "2023-10-16"}, {"date": "2019-10-24", "symbol": "DEDI.ST", "eps": 0.883, "epsEstimated": null, "time": "bmo", "revenue": 211200000, "revenueEstimated": null, "fiscalDateEnding": "2019-09-29", "updatedFromDate": "2023-08-16"}, {"date": "2019-10-24", "symbol": "1928.HK", "eps": 0.06, "epsEstimated": 0.05, "time": "bmo", "revenue": null, "revenueEstimated": null, "fiscalDateEnding": "2019-07-24", "updatedFromDate": "2023-08-16"}, {"date": "2019-10-24", "symbol": "FGSGF", "eps": null, "epsEstimated": null, "time": "bmo", "revenue": null, "revenueEstimated": null, "fiscalDateEnding": "2019-09-30", "updatedFromDate": "2023-08-16"}, {"date": "2019-10-24", "symbol": "000401.SZ", "eps": 0.7, "epsEstimated": 0.78, "time": "bmo", "revenue": 10175433794.33, "revenueEstimated": null, "fiscalDateEnding": "2019-09-30", "updatedFromDate": "2023-08-17"}, {"date": "2019-10-24", "symbol": "MEDI.OL", "eps": 0.919, "epsEstimated": null, "time": "bmo", "revenue": 85517000, "revenueEstimated": null, "fiscalDateEnding": "2019-09-29", "updatedFromDate": "2023-08-16"}, {"date": "2019-10-24", "symbol": "300470.SZ", "eps": null, "epsEstimated": null, "time": "bmo", "revenue": null, "revenueEstimated": null, "fiscalDateEnding": "2019-09-30", "updatedFromDate": "2023-08-16"}, {"date": "2019-10-24", "symbol": "ALFVY", "eps": 0.36, "epsEstimated": null, "time": "bmo", "revenue": 12056000000, "revenueEstimated": null, "fiscalDateEnding": "2019-09-30", "updatedFromDate": "2023-09-29"}, {"date": "2019-10-24", "symbol": "601689.SS", "eps": 0.12, "epsEstimated": null, "time": "bmo", "revenue": 1327550960.04, "revenueEstimated": null, "fiscalDateEnding": "2019-09-29", "updatedFromDate": "2023-08-16"}, {"date": "2019-10-24", "symbol": "002230.SZ", "eps": 0.09, "epsEstimated": 0.08, "time": "bmo", "revenue": 2344934114.22, "revenueEstimated": null, "fiscalDateEnding": "2019-09-29", "updatedFromDate": "2023-08-16"}, {"date": "2019-10-24", "symbol": "ELOS-B.ST", "eps": 1.12, "epsEstimated": 1.07, "time": "bmo", "revenue": 157100000, "revenueEstimated": null, "fiscalDateEnding": "2019-09-29", "updatedFromDate": "2023-08-16"}, {"date": "2019-10-24", "symbol": "BNHUF", "eps": null, "epsEstimated": null, "time": "bmo", "revenue": null, "revenueEstimated": null, "fiscalDateEnding": "2019-09-30", "updatedFromDate": "2023-08-16"}, {"date": "2019-10-24", "symbol": "TOEAF", "eps": null, "epsEstimated": null, "time": "bmo", "revenue": null, "revenueEstimated": null, "fiscalDateEnding": "2020-03-31", "updatedFromDate": "2023-08-16"}, {"date": "2019-10-24", "symbol": "603601.SS", "eps": 0.0504, "epsEstimated": null, "time": "bmo", "revenue": 247856334.89, "revenueEstimated": null, "fiscalDateEnding": "2019-09-29", "updatedFromDate": "2023-08-16"}, {"date": "2019-10-24", "symbol": "300662.SZ", "eps": null, "epsEstimated": null, "time": "bmo", "revenue": null, "revenueEstimated": null, "fiscalDateEnding": "2019-09-30", "updatedFromDate": "2023-08-16"}, {"date": "2019-10-24", "symbol": "CTX.DE", "eps": 1.52, "epsEstimated": 1.25, "time": "bmo", "revenue": 732901000, "revenueEstimated": null, "fiscalDateEnding": "2019-09-29", "updatedFromDate": "2023-08-16"}, {"date": "2019-10-24", "symbol": "NNIT.CO", "eps": 2.02, "epsEstimated": 1.4, "time": "bmo", "revenue": 801000000, "revenueEstimated": null, "fiscalDateEnding": "2019-07-24", "updatedFromDate": "2023-08-16"}, {"date": "2019-10-24", "symbol": "WAYS.ST", "eps": 0.03003, "epsEstimated": null, "time": "bmo", "revenue": 11590000, "revenueEstimated": null, "fiscalDateEnding": "2019-09-29", "updatedFromDate": "2023-08-16"}, {"date": "2019-10-24", "symbol": "MDIBF", "eps": null, "epsEstimated": null, "time": "bmo", "revenue": null, "revenueEstimated": null, "fiscalDateEnding": "2019-09-30", "updatedFromDate": "2023-08-16"}, {"date": "2019-10-24", "symbol": "GLPG.AS", "eps": 6.03, "epsEstimated": -0.52, "time": "bmo", "revenue": 633934000, "revenueEstimated": null, "fiscalDateEnding": "2019-09-29", "updatedFromDate": "2023-08-16"}, {"date": "2019-10-24", "symbol": "TWTR", "eps": 0.17, "epsEstimated": 0.2, "time": "bmo", "revenue": 823717000, "revenueEstimated": 969078823.5294118, "fiscalDateEnding": "2019-09-29", "updatedFromDate": "2023-08-16"}, {"date": "2019-10-24", "symbol": "294870.KS", "eps": 1596.63, "epsEstimated": 1420.95, "time": "bmo", "revenue": 871430696260, "revenueEstimated": null, "fiscalDateEnding": "2019-09-29", "updatedFromDate": "2023-08-16"}, {"date": "2019-10-24", "symbol": "ZDGE", "eps": -0.12, "epsEstimated": null, "time": "bmo", "revenue": 1950000, "revenueEstimated": null, "fiscalDateEnding": "2019-07-30", "updatedFromDate": "2023-09-29"}, {"date": "2019-10-24", "symbol": "NP3.ST", "eps": null, "epsEstimated": null, "time": "bmo", "revenue": null, "revenueEstimated": null, "fiscalDateEnding": "2019-09-30", "updatedFromDate": "2023-08-16"}, {"date": "2019-10-24", "symbol": "AZT.OL", "eps": -0.00585, "epsEstimated": null, "time": "bmo", "revenue": 23956000, "revenueEstimated": null, "fiscalDateEnding": "2019-09-29", "updatedFromDate": "2023-08-16"}, {"date": "2019-10-24", "symbol": "ADS", "eps": 5.05, "epsEstimated": 5.21, "time": "bmo", "revenue": 1437600000, "revenueEstimated": 1483147722.7722774, "fiscalDateEnding": "2019-09-29", "updatedFromDate": "2023-08-16"}, {"date": "2019-10-24", "symbol": "VKCO.IL", "eps": 17.16, "epsEstimated": 13.35, "time": "bmo", "revenue": 33584000000, "revenueEstimated": null, "fiscalDateEnding": "2019-09-29", "updatedFromDate": "2023-08-16"}, {"date": "2019-10-24", "symbol": "CHVKF", "eps": null, "epsEstimated": null, "time": "bmo", "revenue": null, "revenueEstimated": null, "fiscalDateEnding": "2019-09-30", "updatedFromDate": "2023-08-16"}, {"date": "2019-10-24", "symbol": "002050.SZ", "eps": 0.1, "epsEstimated": 0.09, "time": "bmo", "revenue": 2789716739, "revenueEstimated": null, "fiscalDateEnding": "2019-09-29", "updatedFromDate": "2023-08-16"}, {"date": "2019-10-24", "symbol": "002527.SZ", "eps": 0.04, "epsEstimated": 0.06, "time": "bmo", "revenue": 921265963.52, "revenueEstimated": null, "fiscalDateEnding": "2019-09-29", "updatedFromDate": "2023-08-16"}, {"date": "2019-10-24", "symbol": "PKN.WA", "eps": 2.96, "epsEstimated": 2.95, "time": "bmo", "revenue": 29229000000, "revenueEstimated": null, "fiscalDateEnding": "2019-09-29", "updatedFromDate": "2023-08-16"}, {"date": "2019-10-24", "symbol": "300251.SZ", "eps": 0.34, "epsEstimated": 0.12, "time": "bmo", "revenue": 1290028482.72, "revenueEstimated": null, "fiscalDateEnding": "2019-09-29", "updatedFromDate": "2023-08-16"}, {"date": "2019-10-24", "symbol": "RBSPF", "eps": -0.03, "epsEstimated": null, "time": "bmo", "revenue": 2903000000, "revenueEstimated": null, "fiscalDateEnding": "2019-09-30", "updatedFromDate": "2023-09-29"}, {"date": "2019-10-24", "symbol": "XMMRF", "eps": null, "epsEstimated": null, "time": "bmo", "revenue": null, "revenueEstimated": null, "fiscalDateEnding": "2019-09-30", "updatedFromDate": "2023-08-16"}, {"date": "2019-10-24", "symbol": "300454.SZ", "eps": 0.61, "epsEstimated": null, "time": "bmo", "revenue": 1232919644.37, "revenueEstimated": null, "fiscalDateEnding": "2019-09-29", "updatedFromDate": "2023-08-16"}, {"date": "2019-10-24", "symbol": "600276.SS", "eps": 0.21, "epsEstimated": 0.21, "time": "bmo", "revenue": 6918746432.39, "revenueEstimated": null, "fiscalDateEnding": "2019-09-29", "updatedFromDate": "2023-08-16"}, {"date": "2019-10-24", "symbol": "002138.SZ", "eps": 0.13, "epsEstimated": null, "time": "bmo", "revenue": 713758896.33, "revenueEstimated": null, "fiscalDateEnding": "2019-09-29", "updatedFromDate": "2023-08-16"}, {"date": "2019-10-24", "symbol": "SBBTF", "eps": 1.43, "epsEstimated": 1.55, "time": "bmo", "revenue": null, "revenueEstimated": null, "fiscalDateEnding": "2019-09-30", "updatedFromDate": "2023-08-16"}, {"date": "2019-10-24", "symbol": "022100.KQ", "eps": 50, "epsEstimated": 71.57, "time": "bmo", "revenue": null, "revenueEstimated": null, "fiscalDateEnding": "2019-09-30", "updatedFromDate": "2023-08-16"}, {"date": "2019-10-24", "symbol": "GREAT.ST", "eps": -0.5733, "epsEstimated": null, "time": "bmo", "revenue": 4201196, "revenueEstimated": null, "fiscalDateEnding": "2019-09-29", "updatedFromDate": "2023-08-16"}, {"date": "2019-10-24", "symbol": "300133.SZ", "eps": 0.05, "epsEstimated": 0.05, "time": "bmo", "revenue": 384389678.12, "revenueEstimated": null, "fiscalDateEnding": "2019-09-29", "updatedFromDate": "2023-08-16"}, {"date": "2019-10-24", "symbol": "600926.SS", "eps": 0.33, "epsEstimated": null, "time": "bmo", "revenue": 5574571000, "revenueEstimated": null, "fiscalDateEnding": "2019-09-29", "updatedFromDate": "2023-08-16"}, {"date": "2019-10-24", "symbol": "300777.SZ", "eps": null, "epsEstimated": null, "time": "bmo", "revenue": null, "revenueEstimated": null, "fiscalDateEnding": "2019-09-30", "updatedFromDate": "2023-08-16"}, {"date": "2019-10-24", "symbol": "INCO.JK", "eps": 0.00265, "epsEstimated": null, "time": "bmo", "revenue": 214211000, "revenueEstimated": null, "fiscalDateEnding": "2019-09-29", "updatedFromDate": "2023-08-16"}, {"date": "2019-10-24", "symbol": "GNCA", "eps": -0.28, "epsEstimated": -0.46, "time": "bmo", "revenue": null, "revenueEstimated": null, "fiscalDateEnding": "2019-09-29", "updatedFromDate": "2023-08-16"}, {"date": "2019-10-24", "symbol": "300244.SZ", "eps": 0.1673, "epsEstimated": null, "time": "bmo", "revenue": 2215648969.02, "revenueEstimated": null, "fiscalDateEnding": "2019-09-29", "updatedFromDate": "2023-08-16"}, {"date": "2019-10-24", "symbol": "GRPFF", "eps": 0.26, "epsEstimated": 0.24, "time": "bmo", "revenue": null, "revenueEstimated": 4606153.846153846, "fiscalDateEnding": "2019-09-30", "updatedFromDate": "2023-08-16"}, {"date": "2019-10-24", "symbol": "300702.SZ", "eps": 0.578, "epsEstimated": null, "time": "bmo", "revenue": 604618077, "revenueEstimated": null, "fiscalDateEnding": "2019-09-30", "updatedFromDate": "2023-08-25"}, {"date": "2019-10-24", "symbol": "6865.HK", "eps": null, "epsEstimated": null, "time": "bmo", "revenue": null, "revenueEstimated": null, "fiscalDateEnding": "2019-09-30", "updatedFromDate": "2023-08-17"}, {"date": "2019-10-24", "symbol": "CHGCY", "eps": 29.31, "epsEstimated": 20.8, "time": "bmo", "revenue": 188566000000, "revenueEstimated": null, "fiscalDateEnding": "2019-09-30", "updatedFromDate": "2023-09-29"}, {"date": "2019-10-24", "symbol": "002440.SZ", "eps": 0.12, "epsEstimated": 0.31, "time": "bmo", "revenue": 1839816933.45, "revenueEstimated": null, "fiscalDateEnding": "2019-09-29", "updatedFromDate": "2023-08-16"}, {"date": "2019-10-24", "symbol": "PTNDF", "eps": null, "epsEstimated": null, "time": "bmo", "revenue": null, "revenueEstimated": null, "fiscalDateEnding": "2019-09-30", "updatedFromDate": "2023-08-16"}, {"date": "2019-10-24", "symbol": "TLEVISACPO.MX", "eps": 0.26, "epsEstimated": 0.32, "time": "bmo", "revenue": null, "revenueEstimated": null, "fiscalDateEnding": "2019-09-30", "updatedFromDate": "2023-08-16"}, {"date": "2019-10-24", "symbol": "VOSSF", "eps": null, "epsEstimated": null, "time": "bmo", "revenue": null, "revenueEstimated": null, "fiscalDateEnding": "2019-09-30", "updatedFromDate": "2023-08-16"}, {"date": "2019-10-24", "symbol": "601877.SS", "eps": 0.5, "epsEstimated": 0.53, "time": "bmo", "revenue": 8049624401.57, "revenueEstimated": null, "fiscalDateEnding": "2019-09-29", "updatedFromDate": "2023-08-16"}, {"date": "2019-10-24", "symbol": "FNOX.ST", "eps": 0.72, "epsEstimated": 0.69, "time": "bmo", "revenue": 136544000, "revenueEstimated": null, "fiscalDateEnding": "2019-09-29", "updatedFromDate": "2023-08-16"}, {"date": "2019-10-24", "symbol": "CBTX", "eps": 0.52, "epsEstimated": 0.49, "time": "bmo", "revenue": 38623000, "revenueEstimated": 36457884.615384616, "fiscalDateEnding": "2019-09-29", "updatedFromDate": "2023-08-16"}, {"date": "2019-10-24", "symbol": "BEIA-B.ST", "eps": 1.58, "epsEstimated": 1.75, "time": "bmo", "revenue": 1147100000, "revenueEstimated": null, "fiscalDateEnding": "2019-09-29", "updatedFromDate": "2023-08-16"}, {"date": "2019-10-24", "symbol": "HOTEL.MX", "eps": -0.06, "epsEstimated": -0.02, "time": "bmo", "revenue": null, "revenueEstimated": null, "fiscalDateEnding": "2019-09-30", "updatedFromDate": "2023-08-16"}, {"date": "2019-10-24", "symbol": "DANHOS13.MX", "eps": 0.5, "epsEstimated": 0.66, "time": "bmo", "revenue": null, "revenueEstimated": null, "fiscalDateEnding": "2019-09-30", "updatedFromDate": "2023-08-16"}, {"date": "2019-10-24", "symbol": "GNCAQ", "eps": -0.28, "epsEstimated": -0.46, "time": "bmo", "revenue": null, "revenueEstimated": null, "fiscalDateEnding": "2019-09-30", "updatedFromDate": "2023-08-16"}, {"date": "2019-10-24", "symbol": "GFNORTEO.MX", "eps": 3.07, "epsEstimated": 3.01, "time": "bmo", "revenue": 28760000000, "revenueEstimated": null, "fiscalDateEnding": "2019-09-29", "updatedFromDate": "2023-08-16"}, {"date": "2019-10-24", "symbol": "TAGM-B.ST", "eps": -1, "epsEstimated": -0.5, "time": "bmo", "revenue": 82417000, "revenueEstimated": null, "fiscalDateEnding": "2019-09-29", "updatedFromDate": "2023-08-16"}, {"date": "2019-10-24", "symbol": "CHGCF", "eps": 29.31, "epsEstimated": 20.8, "time": "bmo", "revenue": null, "revenueEstimated": null, "fiscalDateEnding": "2019-09-30", "updatedFromDate": "2023-08-16"}, {"date": "2019-10-24", "symbol": "MT.MI", "eps": null, "epsEstimated": null, "time": "bmo", "revenue": null, "revenueEstimated": null, "fiscalDateEnding": "2019-09-30", "updatedFromDate": "2023-08-16"}, {"date": "2019-10-24", "symbol": "SDTHF", "eps": 1.26, "epsEstimated": 0.96, "time": "bmo", "revenue": null, "revenueEstimated": null, "fiscalDateEnding": "2019-09-30", "updatedFromDate": "2023-08-16"}, {"date": "2019-10-24", "symbol": "011760.KS", "eps": 841, "epsEstimated": null, "time": "bmo", "revenue": 1009160066710, "revenueEstimated": null, "fiscalDateEnding": "2019-09-29", "updatedFromDate": "2023-08-16"}, {"date": "2019-10-24", "symbol": "MTHRF", "eps": 7.24, "epsEstimated": 7.14, "time": "bmo", "revenue": 35478000000, "revenueEstimated": null, "fiscalDateEnding": "2019-07-24", "updatedFromDate": "2023-10-17"}, {"date": "2019-10-24", "symbol": "DIST.ST", "eps": 1.38, "epsEstimated": 4.86, "time": "bmo", "revenue": 532600000, "revenueEstimated": null, "fiscalDateEnding": "2019-09-29", "updatedFromDate": "2023-08-16"}, {"date": "2019-10-24", "symbol": "NAS.OL", "eps": 477.94, "epsEstimated": 400.26, "time": "bmo", "revenue": 14404100000, "revenueEstimated": null, "fiscalDateEnding": "2019-09-29", "updatedFromDate": "2023-08-16"}, {"date": "2019-10-24", "symbol": "603160.SS", "eps": 1.49, "epsEstimated": 1.14, "time": "bmo", "revenue": 1791505503.91, "revenueEstimated": null, "fiscalDateEnding": "2019-09-29", "updatedFromDate": "2023-08-16"}, {"date": "2019-10-24", "symbol": "BDWBF", "eps": null, "epsEstimated": null, "time": "bmo", "revenue": null, "revenueEstimated": null, "fiscalDateEnding": "2019-09-30", "updatedFromDate": "2023-08-16"}, {"date": "2019-10-24", "symbol": "002439.SZ", "eps": 0.09, "epsEstimated": 0.2, "time": "bmo", "revenue": 700849146.25, "revenueEstimated": null, "fiscalDateEnding": "2019-09-29", "updatedFromDate": "2023-08-16"}, {"date": "2019-10-24", "symbol": "600801.SS", "eps": 0.8, "epsEstimated": 0.69, "time": "bmo", "revenue": 8084836982, "revenueEstimated": null, "fiscalDateEnding": "2019-09-29", "updatedFromDate": "2023-08-16"}, {"date": "2019-10-24", "symbol": "NLLGF", "eps": 1.23, "epsEstimated": 1.08, "time": "bmo", "revenue": null, "revenueEstimated": 208185365.85365856, "fiscalDateEnding": "2019-09-30", "updatedFromDate": "2023-08-16"}, {"date": "2019-10-24", "symbol": "SAGA-B.ST", "eps": 2.54, "epsEstimated": null, "time": "bmo", "revenue": 659000000, "revenueEstimated": null, "fiscalDateEnding": "2019-09-29", "updatedFromDate": "2023-08-16"}, {"date": "2019-10-24", "symbol": "600438.SS", "eps": 0.2, "epsEstimated": 0.32, "time": "bmo", "revenue": 11900581245.59, "revenueEstimated": null, "fiscalDateEnding": "2019-09-29", "updatedFromDate": "2023-08-16"}, {"date": "2019-10-24", "symbol": "ATT.ST", "eps": 0.8, "epsEstimated": 0.52, "time": "bmo", "revenue": 3013000000, "revenueEstimated": null, "fiscalDateEnding": "2019-09-29", "updatedFromDate": "2023-08-16"}, {"date": "2019-10-24", "symbol": "ALPIX.PA", "eps": null, "epsEstimated": null, "time": "bmo", "revenue": null, "revenueEstimated": null, "fiscalDateEnding": "2019-07-24", "updatedFromDate": "2023-08-16"}, {"date": "2019-10-24", "symbol": "002353.SZ", "eps": 0.42, "epsEstimated": 0.32, "time": "bmo", "revenue": 1662071192.72, "revenueEstimated": null, "fiscalDateEnding": "2019-09-29", "updatedFromDate": "2023-08-16"}, {"date": "2019-10-24", "symbol": "PHARM.AS", "eps": 0.02, "epsEstimated": 0.011, "time": "bmo", "revenue": 45423000, "revenueEstimated": null, "fiscalDateEnding": "2019-09-29", "updatedFromDate": "2023-08-16"}, {"date": "2019-10-24", "symbol": "VIS.MC", "eps": 0.58, "epsEstimated": 0.55, "time": "bmo", "revenue": 215949000, "revenueEstimated": null, "fiscalDateEnding": "2019-09-29", "updatedFromDate": "2023-08-16"}, {"date": "2019-10-24", "symbol": "300558.SZ", "eps": 0.28, "epsEstimated": null, "time": "bmo", "revenue": 481454889.06, "revenueEstimated": null, "fiscalDateEnding": "2019-09-29", "updatedFromDate": "2023-08-16"}, {"date": "2019-10-25", "symbol": "VRTS", "eps": 4.03, "epsEstimated": 3.76, "time": "bmo", "revenue": 145745000, "revenueEstimated": 136176377.17121586, "fiscalDateEnding": "2019-09-29", "updatedFromDate": "2023-09-29"}, {"date": "2019-10-25", "symbol": "6755.T", "eps": 32.63, "epsEstimated": null, "time": "bmo", "revenue": 58044000000, "revenueEstimated": null, "fiscalDateEnding": "2019-07-25", "updatedFromDate": "2023-10-16"}, {"date": "2019-10-25", "symbol": "300623.SZ", "eps": null, "epsEstimated": null, "time": "bmo", "revenue": null, "revenueEstimated": null, "fiscalDateEnding": "2019-09-30", "updatedFromDate": "2023-05-17"}, {"date": "2019-10-25", "symbol": "600420.SS", "eps": 0.1915, "epsEstimated": null, "time": "bmo", "revenue": 2769022529.54, "revenueEstimated": null, "fiscalDateEnding": "2019-09-29", "updatedFromDate": "2023-05-17"}, {"date": "2019-10-25", "symbol": "002352.SZ", "eps": 0.27, "epsEstimated": 0.22, "time": "bmo", "revenue": 28695392176.35, "revenueEstimated": null, "fiscalDateEnding": "2019-09-29", "updatedFromDate": "2023-08-16"}, {"date": "2019-10-25", "symbol": "002669.SZ", "eps": 0.125, "epsEstimated": null, "time": "bmo", "revenue": 247882480.99, "revenueEstimated": null, "fiscalDateEnding": "2019-09-29", "updatedFromDate": "2023-05-17"}, {"date": "2019-10-25", "symbol": "SCANFL.HE", "eps": 0.14, "epsEstimated": 0.13, "time": "bmo", "revenue": 152300000, "revenueEstimated": null, "fiscalDateEnding": "2019-09-29", "updatedFromDate": "2023-05-17"}, {"date": "2019-10-25", "symbol": "HMSP.JK", "eps": 30, "epsEstimated": 33.98, "time": "bmo", "revenue": 26787495000000, "revenueEstimated": null, "fiscalDateEnding": "2019-09-29", "updatedFromDate": "2023-08-16"}, {"date": "2019-10-25", "symbol": "SFBC", "eps": 0.6, "epsEstimated": null, "time": "bmo", "revenue": 7713000, "revenueEstimated": null, "fiscalDateEnding": "2019-09-29", "updatedFromDate": "2023-09-29"}, {"date": "2019-10-25", "symbol": "MTUAY", "eps": 1.41, "epsEstimated": null, "time": "bmo", "revenue": null, "revenueEstimated": null, "fiscalDateEnding": "2019-07-25", "updatedFromDate": "2023-09-29"}, {"date": "2019-10-25", "symbol": "HOLN.SW", "eps": null, "epsEstimated": null, "time": "bmo", "revenue": null, "revenueEstimated": null, "fiscalDateEnding": "2019-07-25", "updatedFromDate": "2023-05-17"}, {"date": "2019-10-25", "symbol": "AKGRT.IS", "eps": 0.1483, "epsEstimated": null, "time": "bmo", "revenue": 754372161, "revenueEstimated": null, "fiscalDateEnding": "2019-09-29", "updatedFromDate": "2023-05-17"}, {"date": "2019-10-25", "symbol": "CORE-A.ST", "eps": 3.26, "epsEstimated": null, "time": "bmo", "revenue": 209000000, "revenueEstimated": null, "fiscalDateEnding": "2019-09-29", "updatedFromDate": "2023-05-17"}, {"date": "2019-10-25", "symbol": "MEMS.PA", "eps": null, "epsEstimated": null, "time": "bmo", "revenue": null, "revenueEstimated": null, "fiscalDateEnding": "2019-07-25", "updatedFromDate": "2023-05-17"}, {"date": "2019-10-25", "symbol": "2804.T", "eps": 21.14, "epsEstimated": null, "time": "bmo", "revenue": 4759917000, "revenueEstimated": null, "fiscalDateEnding": "2019-07-25", "updatedFromDate": "2023-10-17"}, {"date": "2019-10-25", "symbol": "CATE.ST", "eps": 3.52, "epsEstimated": 3.37, "time": "bmo", "revenue": null, "revenueEstimated": null, "fiscalDateEnding": "2019-09-30", "updatedFromDate": "2023-05-17"}, {"date": "2019-10-25", "symbol": "BKFCF", "eps": 0.23, "epsEstimated": 0.24, "time": "bmo", "revenue": null, "revenueEstimated": null, "fiscalDateEnding": "2019-09-30", "updatedFromDate": "2023-05-17"}, {"date": "2019-10-25", "symbol": "600111.SS", "eps": 0.05404, "epsEstimated": null, "time": "bmo", "revenue": 5565314416.5, "revenueEstimated": null, "fiscalDateEnding": "2019-09-29", "updatedFromDate": "2023-08-16"}, {"date": "2019-10-25", "symbol": "MRKC.ME", "eps": 0.01125, "epsEstimated": null, "time": "bmo", "revenue": 22119784000, "revenueEstimated": null, "fiscalDateEnding": "2019-09-30", "updatedFromDate": "2023-05-17"}, {"date": "2019-10-25", "symbol": "7931.T", "eps": 24.17, "epsEstimated": null, "time": "bmo", "revenue": 8794000000, "revenueEstimated": null, "fiscalDateEnding": "2019-07-25", "updatedFromDate": "2023-10-17"}, {"date": "2019-10-25", "symbol": "INTG", "eps": 0.13, "epsEstimated": null, "time": "bmo", "revenue": 19146000, "revenueEstimated": null, "fiscalDateEnding": "2019-09-29", "updatedFromDate": "2023-09-29"}, {"date": "2019-10-25", "symbol": "000488.SZ", "eps": 0.02063, "epsEstimated": null, "time": "bmo", "revenue": 30395434073.35, "revenueEstimated": null, "fiscalDateEnding": "2019-07-25", "updatedFromDate": "2023-05-17"}, {"date": "2019-10-25", "symbol": "SAB.MC", "eps": 0.06, "epsEstimated": 0.03966, "time": "bmo", "revenue": 1351000000, "revenueEstimated": null, "fiscalDateEnding": "2019-09-29", "updatedFromDate": "2023-08-16"}, {"date": "2019-10-25", "symbol": "002081.SZ", "eps": 0.24, "epsEstimated": null, "time": "bmo", "revenue": 8945012586.82, "revenueEstimated": null, "fiscalDateEnding": "2019-09-29", "updatedFromDate": "2023-08-16"}, {"date": "2019-10-25", "symbol": "WRT1V.HE", "eps": 0.05, "epsEstimated": 0.09, "time": "bmo", "revenue": 1118000000, "revenueEstimated": null, "fiscalDateEnding": "2019-09-29", "updatedFromDate": "2023-05-17"}, {"date": "2019-10-25", "symbol": "1288.HK", "eps": 0.17, "epsEstimated": 0.13, "time": "bmo", "revenue": 151821000000, "revenueEstimated": null, "fiscalDateEnding": "2019-09-29", "updatedFromDate": "2023-08-16"}, {"date": "2019-10-25", "symbol": "J91U.SI", "eps": null, "epsEstimated": null, "time": "bmo", "revenue": null, "revenueEstimated": null, "fiscalDateEnding": "2019-09-30", "updatedFromDate": "2023-05-17"}, {"date": "2019-10-25", "symbol": "RITM", "eps": 0.5, "epsEstimated": 0.52, "time": "bmo", "revenue": 424595000, "revenueEstimated": 759786560, "fiscalDateEnding": "2019-09-29", "updatedFromDate": "2023-09-29"}, {"date": "2019-10-25", "symbol": "1812.HK", "eps": 0.1477, "epsEstimated": null, "time": "bmo", "revenue": 8381255709.71, "revenueEstimated": null, "fiscalDateEnding": "2019-12-30", "updatedFromDate": "2023-05-17"}, {"date": "2019-10-25", "symbol": "EIPAF", "eps": 0.22, "epsEstimated": 0.22, "time": "bmo", "revenue": null, "revenueEstimated": null, "fiscalDateEnding": "2019-09-30", "updatedFromDate": "2023-05-17"}, {"date": "2019-10-25", "symbol": "002543.SZ", "eps": 0.16, "epsEstimated": null, "time": "bmo", "revenue": 1242475065.69, "revenueEstimated": null, "fiscalDateEnding": "2019-09-29", "updatedFromDate": "2023-05-17"}, {"date": "2019-10-25", "symbol": "RMD.AX", "eps": 0.09, "epsEstimated": 0.24, "time": "bmo", "revenue": null, "revenueEstimated": null, "fiscalDateEnding": "2019-12-31", "updatedFromDate": "2023-05-17"}, {"date": "2019-10-25", "symbol": "000888.SZ", "eps": 0.21, "epsEstimated": 0.2, "time": "bmo", "revenue": 344036147.17, "revenueEstimated": null, "fiscalDateEnding": "2019-09-29", "updatedFromDate": "2023-05-17"}, {"date": "2019-10-25", "symbol": "603711.SS", "eps": 0.26, "epsEstimated": null, "time": "bmo", "revenue": 1003295372.49, "revenueEstimated": null, "fiscalDateEnding": "2019-09-29", "updatedFromDate": "2023-05-17"}, {"date": "2019-10-25", "symbol": "ALDLS.PA", "eps": null, "epsEstimated": null, "time": "bmo", "revenue": null, "revenueEstimated": null, "fiscalDateEnding": "2019-09-30", "updatedFromDate": "2023-05-17"}, {"date": "2019-10-25", "symbol": "THULE.ST", "eps": 1.75, "epsEstimated": 1.95, "time": "bmo", "revenue": 1682000000, "revenueEstimated": null, "fiscalDateEnding": "2019-09-29", "updatedFromDate": "2023-05-17"}, {"date": "2019-10-25", "symbol": "000786.SZ", "eps": 0.4, "epsEstimated": null, "time": "bmo", "revenue": 3778641107, "revenueEstimated": null, "fiscalDateEnding": "2019-09-29", "updatedFromDate": "2023-05-17"}, {"date": "2019-10-25", "symbol": "PCRBF", "eps": null, "epsEstimated": null, "time": "bmo", "revenue": null, "revenueEstimated": null, "fiscalDateEnding": "2019-09-30", "updatedFromDate": "2023-08-16"}, {"date": "2019-10-25", "symbol": "9932.T", "eps": 26.89, "epsEstimated": null, "time": "bmo", "revenue": 9111453000, "revenueEstimated": null, "fiscalDateEnding": "2019-07-25", "updatedFromDate": "2023-10-17"}, {"date": "2019-10-25", "symbol": "JLT.ST", "eps": 0.06, "epsEstimated": 0.1, "time": "bmo", "revenue": 32800000, "revenueEstimated": null, "fiscalDateEnding": "2019-09-29", "updatedFromDate": "2023-05-17"}, {"date": "2019-10-25", "symbol": "SRNKE-B.ST", "eps": -1.18071, "epsEstimated": null, "time": "bmo", "revenue": 1376000000, "revenueEstimated": null, "fiscalDateEnding": "2019-09-29", "updatedFromDate": "2023-05-17"}, {"date": "2019-10-25", "symbol": "USIM3.SA", "eps": -0.14, "epsEstimated": null, "time": "bmo", "revenue": 3849794000, "revenueEstimated": null, "fiscalDateEnding": "2019-09-29", "updatedFromDate": "2023-08-16"}, {"date": "2019-10-25", "symbol": "603869.SS", "eps": 0.08, "epsEstimated": null, "time": "bmo", "revenue": 647064604.15, "revenueEstimated": null, "fiscalDateEnding": "2019-09-29", "updatedFromDate": "2023-05-17"}, {"date": "2019-10-25", "symbol": "ESXB", "eps": 0.2, "epsEstimated": 0.16, "time": "bmo", "revenue": 14930000, "revenueEstimated": 11943999.999999998, "fiscalDateEnding": "2019-09-29", "updatedFromDate": "2023-05-17"}, {"date": "2019-10-25", "symbol": "603806.SS", "eps": 0.22, "epsEstimated": null, "time": "bmo", "revenue": 1612066686.97, "revenueEstimated": null, "fiscalDateEnding": "2019-09-30", "updatedFromDate": "2023-08-17"}, {"date": "2019-10-25", "symbol": "SBSI", "eps": 0.58, "epsEstimated": 0.59, "time": "bmo", "revenue": 53252000, "revenueEstimated": 54406137.931034476, "fiscalDateEnding": "2019-09-29", "updatedFromDate": "2023-09-29"}, {"date": "2019-10-25", "symbol": "300776.SZ", "eps": 0.731, "epsEstimated": null, "time": "bmo", "revenue": 176715434.68, "revenueEstimated": null, "fiscalDateEnding": "2019-09-29", "updatedFromDate": "2023-08-16"}, {"date": "2019-10-25", "symbol": "UFS", "eps": 0.89, "epsEstimated": 0.49, "time": "bmo", "revenue": 1283000000, "revenueEstimated": 874861988.625, "fiscalDateEnding": "2019-09-29", "updatedFromDate": "2023-05-17"}, {"date": "2019-10-25", "symbol": "603877.SS", "eps": 0.16, "epsEstimated": null, "time": "bmo", "revenue": 1883000199.87, "revenueEstimated": null, "fiscalDateEnding": "2019-09-29", "updatedFromDate": "2023-08-16"}, {"date": "2019-10-25", "symbol": "7102.T", "eps": 94.44, "epsEstimated": null, "time": "bmo", "revenue": 24909000000, "revenueEstimated": null, "fiscalDateEnding": "2019-07-25", "updatedFromDate": "2023-10-16"}, {"date": "2019-10-25", "symbol": "BDMN.JK", "eps": 80.18, "epsEstimated": 98.11, "time": "bmo", "revenue": 4494123000000, "revenueEstimated": null, "fiscalDateEnding": "2019-09-29", "updatedFromDate": "2023-08-16"}, {"date": "2019-10-25", "symbol": "300027.SZ", "eps": -0.1, "epsEstimated": -0.02312, "time": "bmo", "revenue": 539793334.12, "revenueEstimated": null, "fiscalDateEnding": "2019-09-29", "updatedFromDate": "2023-08-16"}, {"date": "2019-10-25", "symbol": "000589.SZ", "eps": 0.00877, "epsEstimated": null, "time": "bmo", "revenue": 1618865874.05, "revenueEstimated": null, "fiscalDateEnding": "2019-07-25", "updatedFromDate": "2023-05-17"}, {"date": "2019-10-25", "symbol": "002145.SZ", "eps": 0.0735, "epsEstimated": null, "time": "bmo", "revenue": 906291204.54, "revenueEstimated": null, "fiscalDateEnding": "2019-09-29", "updatedFromDate": "2023-05-17"}, {"date": "2019-10-25", "symbol": "002544.SZ", "eps": 0.0237, "epsEstimated": null, "time": "bmo", "revenue": 1137331567.05, "revenueEstimated": null, "fiscalDateEnding": "2019-09-29", "updatedFromDate": "2023-05-17"}, {"date": "2019-10-25", "symbol": "VZ", "eps": 1.25, "epsEstimated": 1.24, "time": "bmo", "revenue": 32894000000, "revenueEstimated": 32630848000, "fiscalDateEnding": "2019-09-29", "updatedFromDate": "2023-09-29"}, {"date": "2019-10-25", "symbol": "002912.SZ", "eps": 0.697, "epsEstimated": null, "time": "bmo", "revenue": 294038367.61, "revenueEstimated": null, "fiscalDateEnding": "2019-07-25", "updatedFromDate": "2023-05-17"}, {"date": "2019-10-25", "symbol": "600602.SS", "eps": 0.04682, "epsEstimated": null, "time": "bmo", "revenue": 1276679281.9, "revenueEstimated": null, "fiscalDateEnding": "2019-09-29", "updatedFromDate": "2023-05-17"}, {"date": "2019-10-25", "symbol": "600803.SS", "eps": 0.16, "epsEstimated": 0.34, "time": "bmo", "revenue": 3807180027.73, "revenueEstimated": null, "fiscalDateEnding": "2019-07-25", "updatedFromDate": "2023-05-17"}, {"date": "2019-10-25", "symbol": "002140.SZ", "eps": 0.0749, "epsEstimated": null, "time": "bmo", "revenue": 973640932.66, "revenueEstimated": null, "fiscalDateEnding": "2019-09-29", "updatedFromDate": "2023-05-17"}, {"date": "2019-10-25", "symbol": "002899.SZ", "eps": 0.22, "epsEstimated": null, "time": "bmo", "revenue": 237714027.65, "revenueEstimated": null, "fiscalDateEnding": "2019-09-29", "updatedFromDate": "2023-05-17"}, {"date": "2019-10-25", "symbol": "600985.SS", "eps": 0.42, "epsEstimated": null, "time": "bmo", "revenue": 15746441646.37, "revenueEstimated": null, "fiscalDateEnding": "2019-09-29", "updatedFromDate": "2023-05-17"}, {"date": "2019-10-25", "symbol": "300003.SZ", "eps": 0.26, "epsEstimated": 0.07, "time": "bmo", "revenue": 1958655152.48, "revenueEstimated": null, "fiscalDateEnding": "2019-09-29", "updatedFromDate": "2023-08-16"}, {"date": "2019-10-25", "symbol": "ELST", "eps": 0.00238, "epsEstimated": null, "time": "bmo", "revenue": 371915, "revenueEstimated": null, "fiscalDateEnding": "2019-09-29", "updatedFromDate": "2023-09-29"}, {"date": "2019-10-25", "symbol": "002403.SZ", "eps": 0.08, "epsEstimated": null, "time": "bmo", "revenue": 886978480.92, "revenueEstimated": null, "fiscalDateEnding": "2019-09-29", "updatedFromDate": "2023-05-17"}, {"date": "2019-10-25", "symbol": "8707.T", "eps": 64.67, "epsEstimated": null, "time": "bmo", "revenue": 5866000000, "revenueEstimated": null, "fiscalDateEnding": "2019-07-25", "updatedFromDate": "2023-10-17"}, {"date": "2019-10-25", "symbol": "ELUXF", "eps": 2.56, "epsEstimated": 2.63, "time": "bmo", "revenue": null, "revenueEstimated": null, "fiscalDateEnding": "2019-09-30", "updatedFromDate": "2023-05-17"}, {"date": "2019-10-25", "symbol": "PROB.ST", "eps": 1.9, "epsEstimated": 1.46, "time": "bmo", "revenue": 141590000, "revenueEstimated": null, "fiscalDateEnding": "2019-09-29", "updatedFromDate": "2023-08-16"}, {"date": "2019-10-25", "symbol": "WETF", "eps": 0.06, "epsEstimated": 0.05, "time": "bmo", "revenue": 67718000, "revenueEstimated": 56431666.66666667, "fiscalDateEnding": "2019-09-29", "updatedFromDate": "2023-08-16"}, {"date": "2019-10-25", "symbol": "002281.SZ", "eps": 0.18, "epsEstimated": 0.2, "time": "bmo", "revenue": 1417161771.06, "revenueEstimated": null, "fiscalDateEnding": "2019-09-29", "updatedFromDate": "2023-08-16"}, {"date": "2019-10-25", "symbol": "300785.SZ", "eps": null, "epsEstimated": null, "time": "bmo", "revenue": null, "revenueEstimated": null, "fiscalDateEnding": "2019-09-30", "updatedFromDate": "2023-05-17"}, {"date": "2019-10-25", "symbol": "2337.TW", "eps": 1, "epsEstimated": 0.73, "time": "bmo", "revenue": 11906490000, "revenueEstimated": null, "fiscalDateEnding": "2019-09-29", "updatedFromDate": "2023-05-17"}, {"date": "2019-10-25", "symbol": "VLRS", "eps": 0.36, "epsEstimated": 0.29, "time": "amc", "revenue": 482109483.573506, "revenueEstimated": 7208228689, "fiscalDateEnding": "2019-09-30", "updatedFromDate": "2023-09-29"}, {"date": "2019-10-25", "symbol": "NICA.ST", "eps": -0.31124, "epsEstimated": null, "time": "bmo", "revenue": 2010000, "revenueEstimated": null, "fiscalDateEnding": "2019-09-30", "updatedFromDate": "2023-08-25"}, {"date": "2019-10-25", "symbol": "601155.SS", "eps": 0.5, "epsEstimated": 0.8, "time": "bmo", "revenue": 12496444458, "revenueEstimated": null, "fiscalDateEnding": "2019-09-30", "updatedFromDate": "2023-08-25"}, {"date": "2019-10-25", "symbol": "ESSITY-B.ST", "eps": 4.17, "epsEstimated": 3.57, "time": "bmo", "revenue": 32565000000, "revenueEstimated": null, "fiscalDateEnding": "2019-09-30", "updatedFromDate": "2023-05-17"}, {"date": "2019-10-25", "symbol": "EPOKF", "eps": 1.11, "epsEstimated": 1.37, "time": "bmo", "revenue": null, "revenueEstimated": null, "fiscalDateEnding": "2019-09-30", "updatedFromDate": "2023-05-17"}, {"date": "2019-10-25", "symbol": "300676.SZ", "eps": 0.18, "epsEstimated": null, "time": "bmo", "revenue": 780923650.57, "revenueEstimated": null, "fiscalDateEnding": "2019-09-29", "updatedFromDate": "2023-05-17"}, {"date": "2019-10-25", "symbol": "BCS", "eps": 0.36, "epsEstimated": 0.32, "time": "bmo", "revenue": 5541000000, "revenueEstimated": null, "fiscalDateEnding": "2019-09-30", "updatedFromDate": "2023-09-29"}, {"date": "2019-10-25", "symbol": "600779.SS", "eps": 0.61, "epsEstimated": 0.53, "time": "bmo", "revenue": 960674440.78, "revenueEstimated": null, "fiscalDateEnding": "2019-09-29", "updatedFromDate": "2023-08-16"}, {"date": "2019-10-25", "symbol": "BIOAF", "eps": -0.02, "epsEstimated": null, "time": "bmo", "revenue": 196208, "revenueEstimated": null, "fiscalDateEnding": "2019-08-31", "updatedFromDate": "2023-09-29"}, {"date": "2019-10-25", "symbol": "012750.KS", "eps": 1045, "epsEstimated": 1138, "time": "bmo", "revenue": 580788100770, "revenueEstimated": null, "fiscalDateEnding": "2019-07-25", "updatedFromDate": "2023-05-17"}, {"date": "2019-10-25", "symbol": "ALIV-SDB.ST", "eps": 1.3, "epsEstimated": 1.36, "time": "bmo", "revenue": 2027700000, "revenueEstimated": null, "fiscalDateEnding": "2019-09-29", "updatedFromDate": "2023-05-17"}, {"date": "2019-10-25", "symbol": "CTTRF", "eps": 0.7, "epsEstimated": 0.49, "time": "bmo", "revenue": null, "revenueEstimated": 5285000, "fiscalDateEnding": "2019-09-30", "updatedFromDate": "2023-05-17"}, {"date": "2019-10-25", "symbol": "603358.SS", "eps": 0.1214, "epsEstimated": null, "time": "bmo", "revenue": 772216223.57, "revenueEstimated": null, "fiscalDateEnding": "2019-09-29", "updatedFromDate": "2023-05-17"}, {"date": "2019-10-25", "symbol": "600557.SS", "eps": 0.22, "epsEstimated": null, "time": "bmo", "revenue": 1103175578, "revenueEstimated": null, "fiscalDateEnding": "2019-09-29", "updatedFromDate": "2023-05-17"}, {"date": "2019-10-25", "symbol": "MIDW-B.ST", "eps": 0.586, "epsEstimated": null, "time": "bmo", "revenue": 166000000, "revenueEstimated": null, "fiscalDateEnding": "2019-09-29", "updatedFromDate": "2023-05-17"}, {"date": "2019-10-25", "symbol": "HSPG.OL", "eps": 3.09, "epsEstimated": 2.95, "time": "bmo", "revenue": 42494000, "revenueEstimated": null, "fiscalDateEnding": "2019-07-25", "updatedFromDate": "2023-05-17"}, {"date": "2019-10-25", "symbol": "WY", "eps": 0.08, "epsEstimated": 0.1, "time": "bmo", "revenue": 1671000000, "revenueEstimated": 2088750000, "fiscalDateEnding": "2019-09-29", "updatedFromDate": "2023-09-29"}, {"date": "2019-10-25", "symbol": "000655.SZ", "eps": 0.15, "epsEstimated": null, "time": "bmo", "revenue": 411227009.3, "revenueEstimated": null, "fiscalDateEnding": "2019-09-29", "updatedFromDate": "2023-05-17"}, {"date": "2019-10-25", "symbol": "AVEN.ST", "eps": 0.02, "epsEstimated": 0.09, "time": "bmo", "revenue": 60965000, "revenueEstimated": null, "fiscalDateEnding": "2019-09-29", "updatedFromDate": "2023-08-16"}, {"date": "2019-10-25", "symbol": "603108.SS", "eps": 0.2, "epsEstimated": null, "time": "bmo", "revenue": 1898197180.98, "revenueEstimated": null, "fiscalDateEnding": "2019-09-29", "updatedFromDate": "2023-05-17"}, {"date": "2019-10-25", "symbol": "ADOM", "eps": -0.02, "epsEstimated": -0.02, "time": "amc", "revenue": 5743000, "revenueEstimated": 5743000, "fiscalDateEnding": "2019-09-29", "updatedFromDate": "2023-05-17"}, {"date": "2019-10-25", "symbol": "300024.SZ", "eps": 0.05, "epsEstimated": 0.07, "time": "bmo", "revenue": 604589956.09, "revenueEstimated": null, "fiscalDateEnding": "2019-09-30", "updatedFromDate": "2023-08-25"}, {"date": "2019-10-25", "symbol": "004430.KS", "eps": 304, "epsEstimated": 744.14, "time": "bmo", "revenue": 197068000000, "revenueEstimated": null, "fiscalDateEnding": "2019-07-25", "updatedFromDate": "2023-05-17"}, {"date": "2019-10-25", "symbol": "104830.KQ", "eps": 608, "epsEstimated": 1045.86, "time": "bmo", "revenue": null, "revenueEstimated": null, "fiscalDateEnding": "2019-09-30", "updatedFromDate": "2023-05-17"}, {"date": "2019-10-25", "symbol": "AKRA.JK", "eps": 42.96, "epsEstimated": 18.25, "time": "bmo", "revenue": 5404693618000, "revenueEstimated": null, "fiscalDateEnding": "2019-09-29", "updatedFromDate": "2023-08-16"}, {"date": "2019-10-25", "symbol": "601966.SS", "eps": 0.4, "epsEstimated": null, "time": "bmo", "revenue": 4199367198, "revenueEstimated": null, "fiscalDateEnding": "2019-09-29", "updatedFromDate": "2023-08-16"}, {"date": "2019-10-25", "symbol": "300741.SZ", "eps": 0.43, "epsEstimated": null, "time": "bmo", "revenue": 521508237, "revenueEstimated": null, "fiscalDateEnding": "2019-09-29", "updatedFromDate": "2023-05-17"}, {"date": "2019-10-25", "symbol": "2139.T", "eps": -19.91493, "epsEstimated": null, "time": "bmo", "revenue": 1406228000, "revenueEstimated": null, "fiscalDateEnding": "2019-07-25", "updatedFromDate": "2023-10-17"}, {"date": "2019-10-25", "symbol": "600338.SS", "eps": 0.19, "epsEstimated": null, "time": "bmo", "revenue": 461178813, "revenueEstimated": null, "fiscalDateEnding": "2019-09-29", "updatedFromDate": "2023-05-17"}, {"date": "2019-10-25", "symbol": "601288.SS", "eps": 0.17, "epsEstimated": 0.13, "time": "bmo", "revenue": 151821000000, "revenueEstimated": null, "fiscalDateEnding": "2019-09-29", "updatedFromDate": "2023-08-16"}, {"date": "2019-10-25", "symbol": "603019.SS", "eps": 0.03571, "epsEstimated": null, "time": "bmo", "revenue": 2174175631.53, "revenueEstimated": null, "fiscalDateEnding": "2019-09-29", "updatedFromDate": "2023-05-17"}, {"date": "2019-10-25", "symbol": "3529.T", "eps": -53.46226, "epsEstimated": null, "time": "bmo", "revenue": 2280000000, "revenueEstimated": null, "fiscalDateEnding": "2019-07-25", "updatedFromDate": "2023-10-17"}, {"date": "2019-10-25", "symbol": "UFS.TO", "eps": 0.89, "epsEstimated": 0.54, "time": "bmo", "revenue": 1283000000, "revenueEstimated": null, "fiscalDateEnding": "2019-09-29", "updatedFromDate": "2023-08-16"}, {"date": "2019-10-25", "symbol": "PGAS.JK", "eps": 0.0031, "epsEstimated": null, "time": "bmo", "revenue": 1022459706, "revenueEstimated": null, "fiscalDateEnding": "2019-09-29", "updatedFromDate": "2023-08-16"}, {"date": "2019-10-25", "symbol": "SISE.IS", "eps": 0.19, "epsEstimated": null, "time": "bmo", "revenue": 4598671000, "revenueEstimated": null, "fiscalDateEnding": "2019-09-30", "updatedFromDate": "2023-08-16"}, {"date": "2019-10-25", "symbol": "MUEL", "eps": 0.95, "epsEstimated": null, "time": "amc", "revenue": null, "revenueEstimated": null, "fiscalDateEnding": "2019-07-25", "updatedFromDate": "2023-09-29"}, {"date": "2019-10-25", "symbol": "6176.TW", "eps": 4.68, "epsEstimated": 4.04, "time": "bmo", "revenue": 15052176000, "revenueEstimated": null, "fiscalDateEnding": "2019-09-29", "updatedFromDate": "2023-05-17"}, {"date": "2019-10-25", "symbol": "600377.SS", "eps": 0.25, "epsEstimated": 0.22, "time": "bmo", "revenue": 2660949953, "revenueEstimated": null, "fiscalDateEnding": "2019-09-29", "updatedFromDate": "2023-05-17"}, {"date": "2019-10-25", "symbol": "MRKS.ME", "eps": -0.00953, "epsEstimated": null, "time": "bmo", "revenue": 17046006000, "revenueEstimated": null, "fiscalDateEnding": "2019-07-25", "updatedFromDate": "2023-05-17"}, {"date": "2019-10-25", "symbol": "002452.SZ", "eps": 0.09292, "epsEstimated": null, "time": "bmo", "revenue": 396216321.86, "revenueEstimated": null, "fiscalDateEnding": "2019-07-25", "updatedFromDate": "2023-05-17"}, {"date": "2019-10-25", "symbol": "SCHA.OL", "eps": 1.43, "epsEstimated": 1.5, "time": "bmo", "revenue": 4599000000, "revenueEstimated": null, "fiscalDateEnding": "2019-09-29", "updatedFromDate": "2023-05-17"}, {"date": "2019-10-25", "symbol": "HUN", "eps": 0.41, "epsEstimated": 0.42, "time": "bmo", "revenue": 1687000000, "revenueEstimated": 1810439024.390244, "fiscalDateEnding": "2019-09-29", "updatedFromDate": "2023-09-29"}, {"date": "2019-10-25", "symbol": "000810.SZ", "eps": 0.2173, "epsEstimated": null, "time": "bmo", "revenue": 2387767689.84, "revenueEstimated": null, "fiscalDateEnding": "2019-09-29", "updatedFromDate": "2023-05-17"}, {"date": "2019-10-25", "symbol": "TSSCF", "eps": 0.19, "epsEstimated": null, "time": "bmo", "revenue": null, "revenueEstimated": null, "fiscalDateEnding": "2019-09-30", "updatedFromDate": "2023-05-17"}, {"date": "2019-10-25", "symbol": "SRP.PA", "eps": null, "epsEstimated": null, "time": "bmo", "revenue": null, "revenueEstimated": null, "fiscalDateEnding": "2019-09-30", "updatedFromDate": "2023-05-17"}, {"date": "2019-10-25", "symbol": "300605.SZ", "eps": 0.1096, "epsEstimated": null, "time": "bmo", "revenue": 167492987.86, "revenueEstimated": null, "fiscalDateEnding": "2019-09-29", "updatedFromDate": "2023-05-17"}, {"date": "2019-10-25", "symbol": "KAMBI.ST", "eps": 0.07, "epsEstimated": 0.07, "time": "bmo", "revenue": 26720000, "revenueEstimated": null, "fiscalDateEnding": "2019-07-25", "updatedFromDate": "2023-05-17"}, {"date": "2019-10-25", "symbol": "FLJ", "eps": null, "epsEstimated": null, "time": "bmo", "revenue": 335832000, "revenueEstimated": null, "fiscalDateEnding": "2019-07-25", "updatedFromDate": "2023-05-17"}, {"date": "2019-10-25", "symbol": "1558.HK", "eps": null, "epsEstimated": null, "time": "bmo", "revenue": null, "revenueEstimated": null, "fiscalDateEnding": "2019-07-25", "updatedFromDate": "2023-05-17"}, {"date": "2019-10-25", "symbol": "WT", "eps": 0.06, "epsEstimated": 0.05, "time": "bmo", "revenue": 67718000, "revenueEstimated": null, "fiscalDateEnding": "2019-09-30", "updatedFromDate": "2023-09-29"}, {"date": "2019-10-25", "symbol": "300770.SZ", "eps": null, "epsEstimated": null, "time": "bmo", "revenue": null, "revenueEstimated": null, "fiscalDateEnding": "2019-09-30", "updatedFromDate": "2023-05-17"}, {"date": "2019-10-25", "symbol": "BONHR.OL", "eps": 0.71, "epsEstimated": null, "time": "bmo", "revenue": 2232000000, "revenueEstimated": null, "fiscalDateEnding": "2019-09-30", "updatedFromDate": "2023-08-16"}, {"date": "2019-10-25", "symbol": "VITFF", "eps": -0.78, "epsEstimated": -0.15, "time": "bmo", "revenue": null, "revenueEstimated": null, "fiscalDateEnding": "2019-09-30", "updatedFromDate": "2023-08-16"}, {"date": "2019-10-25", "symbol": "SVED-B.ST", "eps": 0.2885, "epsEstimated": null, "time": "bmo", "revenue": 128500000, "revenueEstimated": null, "fiscalDateEnding": "2019-09-29", "updatedFromDate": "2023-08-16"}, {"date": "2019-10-25", "symbol": "300750.SZ", "eps": 0.63, "epsEstimated": 0.46, "time": "bmo", "revenue": 12591862365.64, "revenueEstimated": null, "fiscalDateEnding": "2019-09-29", "updatedFromDate": "2023-08-16"}, {"date": "2019-10-25", "symbol": "UPRO.ME", "eps": 0.08248, "epsEstimated": null, "time": "bmo", "revenue": 21080092000, "revenueEstimated": null, "fiscalDateEnding": "2019-07-25", "updatedFromDate": "2023-08-16"}, {"date": "2019-10-25", "symbol": "ELUXY", "eps": 0.53, "epsEstimated": null, "time": "bmo", "revenue": 32520000000, "revenueEstimated": null, "fiscalDateEnding": "2019-09-30", "updatedFromDate": "2023-09-29"}, {"date": "2019-10-25", "symbol": "ALZ.ST", "eps": -0.28638, "epsEstimated": null, "time": "bmo", "revenue": null, "revenueEstimated": null, "fiscalDateEnding": "2019-07-25", "updatedFromDate": "2023-05-17"}, {"date": "2019-10-25", "symbol": "688122.SS", "eps": 0.1065, "epsEstimated": null, "time": "bmo", "revenue": 462680642.57, "revenueEstimated": null, "fiscalDateEnding": "2019-07-25", "updatedFromDate": "2023-05-17"}, {"date": "2019-10-25", "symbol": "600809.SS", "eps": 0.42, "epsEstimated": 0.36, "time": "bmo", "revenue": 2749382342.7, "revenueEstimated": null, "fiscalDateEnding": "2019-09-29", "updatedFromDate": "2023-08-16"}, {"date": "2019-10-25", "symbol": "4212.T", "eps": 29.06, "epsEstimated": null, "time": "bmo", "revenue": 13013000000, "revenueEstimated": null, "fiscalDateEnding": "2019-07-25", "updatedFromDate": "2023-10-17"}, {"date": "2019-10-25", "symbol": "000860.SZ", "eps": 0.1952, "epsEstimated": null, "time": "bmo", "revenue": 3838210873.77, "revenueEstimated": null, "fiscalDateEnding": "2019-07-25", "updatedFromDate": "2023-05-17"}, {"date": "2019-10-25", "symbol": "PROX.BR", "eps": 0.4, "epsEstimated": 0.43, "time": "bmo", "revenue": 1396000000, "revenueEstimated": null, "fiscalDateEnding": "2019-09-29", "updatedFromDate": "2023-05-17"}, {"date": "2019-10-25", "symbol": "300459.SZ", "eps": 0.05, "epsEstimated": 0.27, "time": "bmo", "revenue": null, "revenueEstimated": null, "fiscalDateEnding": "2019-09-30", "updatedFromDate": "2023-05-17"}, {"date": "2019-10-25", "symbol": "SO.MI", "eps": null, "epsEstimated": null, "time": "bmo", "revenue": null, "revenueEstimated": null, "fiscalDateEnding": "2019-09-30", "updatedFromDate": "2023-05-17"}, {"date": "2019-10-25", "symbol": "002185.SZ", "eps": 0.03, "epsEstimated": 0.03909, "time": "bmo", "revenue": 1996879501.04, "revenueEstimated": null, "fiscalDateEnding": "2019-07-25", "updatedFromDate": "2023-05-17"}, {"date": "2019-10-25", "symbol": "FAG.ST", "eps": 1.02, "epsEstimated": null, "time": "bmo", "revenue": 2065900000, "revenueEstimated": null, "fiscalDateEnding": "2019-09-29", "updatedFromDate": "2023-08-16"}, {"date": "2019-10-25", "symbol": "603156.SS", "eps": 0.3653, "epsEstimated": null, "time": "bmo", "revenue": 1424618982.75, "revenueEstimated": null, "fiscalDateEnding": "2019-09-29", "updatedFromDate": "2023-05-17"}, {"date": "2019-10-25", "symbol": "600581.SS", "eps": -0.08415, "epsEstimated": null, "time": "bmo", "revenue": 5121759362.3, "revenueEstimated": null, "fiscalDateEnding": "2019-07-25", "updatedFromDate": "2023-05-17"}, {"date": "2019-10-25", "symbol": "600211.SS", "eps": 0.3286, "epsEstimated": null, "time": "bmo", "revenue": 312449488.99, "revenueEstimated": null, "fiscalDateEnding": "2019-09-29", "updatedFromDate": "2023-05-17"}, {"date": "2019-10-25", "symbol": "ITW", "eps": 2.04, "epsEstimated": 1.94, "time": "bmo", "revenue": 3479000000, "revenueEstimated": 3308460784.3137255, "fiscalDateEnding": "2019-09-29", "updatedFromDate": "2023-09-29"}, {"date": "2019-10-25", "symbol": "USNZY", "eps": -0.04, "epsEstimated": -0.01053, "time": "bmo", "revenue": 3849794000, "revenueEstimated": null, "fiscalDateEnding": "2019-09-30", "updatedFromDate": "2023-09-29"}, {"date": "2019-10-25", "symbol": "QK", "eps": -13.97569, "epsEstimated": null, "time": "bmo", "revenue": 335832000, "revenueEstimated": null, "fiscalDateEnding": "2019-09-29", "updatedFromDate": "2023-05-17"}, {"date": "2019-10-25", "symbol": "9761.T", "eps": null, "epsEstimated": null, "time": "bmo", "revenue": null, "revenueEstimated": null, "fiscalDateEnding": "2020-03-31", "updatedFromDate": "2023-05-17"}, {"date": "2019-10-25", "symbol": "YIHCF", "eps": null, "epsEstimated": null, "time": "bmo", "revenue": null, "revenueEstimated": null, "fiscalDateEnding": "2019-09-30", "updatedFromDate": "2023-05-17"}, {"date": "2019-10-25", "symbol": "086280.KS", "eps": 1210, "epsEstimated": 2912.48, "time": "bmo", "revenue": 4750668069960, "revenueEstimated": null, "fiscalDateEnding": "2019-09-29", "updatedFromDate": "2023-05-17"}, {"date": "2019-10-25", "symbol": "AKBNK.IS", "eps": 0.28, "epsEstimated": 0.27, "time": "bmo", "revenue": 5068069000, "revenueEstimated": null, "fiscalDateEnding": "2019-09-29", "updatedFromDate": "2023-05-17"}, {"date": "2019-10-25", "symbol": "300257.SZ", "eps": 0.0431, "epsEstimated": null, "time": "bmo", "revenue": 602967527.97, "revenueEstimated": null, "fiscalDateEnding": "2019-09-29", "updatedFromDate": "2023-05-17"}, {"date": "2019-10-25", "symbol": "MOCORP.HE", "eps": 0.08, "epsEstimated": 0.08, "time": "bmo", "revenue": 322300000, "revenueEstimated": null, "fiscalDateEnding": "2019-09-29", "updatedFromDate": "2023-05-17"}, {"date": "2019-10-25", "symbol": "FRAGUAB.MX", "eps": null, "epsEstimated": null, "time": "bmo", "revenue": null, "revenueEstimated": null, "fiscalDateEnding": "2019-09-30", "updatedFromDate": "2023-08-16"}, {"date": "2019-10-25", "symbol": "EPI-A.ST", "eps": 1.11, "epsEstimated": 1.37, "time": "bmo", "revenue": 10158000000, "revenueEstimated": null, "fiscalDateEnding": "2019-09-29", "updatedFromDate": "2023-05-17"}, {"date": "2019-10-25", "symbol": "GT", "eps": 0.45, "epsEstimated": 0.52, "time": "bmo", "revenue": 3802000000, "revenueEstimated": 4393422222.222221, "fiscalDateEnding": "2019-09-29", "updatedFromDate": "2023-09-29"}, {"date": "2019-10-25", "symbol": "300015.SZ", "eps": 0.1, "epsEstimated": 0.09, "time": "bmo", "revenue": 2983026813.07, "revenueEstimated": null, "fiscalDateEnding": "2019-09-29", "updatedFromDate": "2023-05-17"}, {"date": "2019-10-25", "symbol": "000783.SZ", "eps": 0.07, "epsEstimated": 0.11, "time": "bmo", "revenue": 1471781501.06, "revenueEstimated": null, "fiscalDateEnding": "2019-09-29", "updatedFromDate": "2023-08-16"}, {"date": "2019-10-25", "symbol": "BTI.V", "eps": null, "epsEstimated": null, "time": "bmo", "revenue": null, "revenueEstimated": null, "fiscalDateEnding": "2020-03-31", "updatedFromDate": "2023-08-16"}, {"date": "2019-10-25", "symbol": "603507.SS", "eps": 0.2757, "epsEstimated": null, "time": "bmo", "revenue": 708236458.25, "revenueEstimated": null, "fiscalDateEnding": "2019-12-30", "updatedFromDate": "2023-05-17"}, {"date": "2019-10-25", "symbol": "055550.KS", "eps": 1996, "epsEstimated": 1929.37, "time": "bmo", "revenue": 5014615000000, "revenueEstimated": null, "fiscalDateEnding": "2019-07-25", "updatedFromDate": "2023-05-17"}, {"date": "2019-10-25", "symbol": "EPIS-B.ST", "eps": -0.19245, "epsEstimated": null, "time": "bmo", "revenue": 1100000, "revenueEstimated": null, "fiscalDateEnding": "2019-09-29", "updatedFromDate": "2023-05-17"}, {"date": "2019-10-25", "symbol": "300274.SZ", "eps": 0.15, "epsEstimated": 0.18, "time": "bmo", "revenue": 2721537651.7, "revenueEstimated": null, "fiscalDateEnding": "2019-09-29", "updatedFromDate": "2023-08-16"}, {"date": "2019-10-25", "symbol": "2208.HK", "eps": 0.09, "epsEstimated": 0.27, "time": "bmo", "revenue": 9001689440.13, "revenueEstimated": null, "fiscalDateEnding": "2019-09-29", "updatedFromDate": "2023-08-16"}, {"date": "2019-10-25", "symbol": "IDCBF", "eps": 0.24, "epsEstimated": 0.2, "time": "bmo", "revenue": null, "revenueEstimated": null, "fiscalDateEnding": "2019-09-30", "updatedFromDate": "2023-08-16"}, {"date": "2019-10-25", "symbol": "600325.SS", "eps": 0.4878, "epsEstimated": null, "time": "bmo", "revenue": 13710629053.78, "revenueEstimated": null, "fiscalDateEnding": "2019-07-25", "updatedFromDate": "2023-05-17"}, {"date": "2019-10-25", "symbol": "KUBE.ME", "eps": 4.02, "epsEstimated": null, "time": "bmo", "revenue": 12749229000, "revenueEstimated": null, "fiscalDateEnding": "2019-09-30", "updatedFromDate": "2023-05-17"}, {"date": "2019-10-25", "symbol": "HYPE3.SA", "eps": 0.43, "epsEstimated": 0.42, "time": "bmo", "revenue": 1009123000, "revenueEstimated": null, "fiscalDateEnding": "2019-09-30", "updatedFromDate": "2023-05-17"}, {"date": "2019-10-25", "symbol": "600048.SS", "eps": 0.24, "epsEstimated": 0.28, "time": "bmo", "revenue": 40683076424.92, "revenueEstimated": null, "fiscalDateEnding": "2019-09-29", "updatedFromDate": "2023-05-17"}, {"date": "2019-10-25", "symbol": "4685.T", "eps": 26.01, "epsEstimated": null, "time": "bmo", "revenue": 7080000000, "revenueEstimated": null, "fiscalDateEnding": "2019-07-25", "updatedFromDate": "2023-10-17"}, {"date": "2019-10-25", "symbol": "ACGBF", "eps": 0.17, "epsEstimated": 0.13, "time": "bmo", "revenue": null, "revenueEstimated": null, "fiscalDateEnding": "2019-09-30", "updatedFromDate": "2023-05-17"}, {"date": "2019-10-25", "symbol": "601799.SS", "eps": 0.7, "epsEstimated": 0.63, "time": "bmo", "revenue": 1986721627.7, "revenueEstimated": null, "fiscalDateEnding": "2019-07-25", "updatedFromDate": "2023-05-17"}, {"date": "2019-10-25", "symbol": "600559.SS", "eps": 0.08232, "epsEstimated": null, "time": "bmo", "revenue": 862586044.07, "revenueEstimated": null, "fiscalDateEnding": "2019-09-29", "updatedFromDate": "2023-05-17"}, {"date": "2019-10-25", "symbol": "WVFC", "eps": 0.45, "epsEstimated": null, "time": "bmo", "revenue": 1451000, "revenueEstimated": null, "fiscalDateEnding": "2019-07-25", "updatedFromDate": "2023-10-16"}, {"date": "2019-10-25", "symbol": "MPB", "eps": 0.57, "epsEstimated": 0.57, "time": "bmo", "revenue": 20806000, "revenueEstimated": 20806000, "fiscalDateEnding": "2019-09-29", "updatedFromDate": "2023-09-29"}, {"date": "2019-10-25", "symbol": "3635.T", "eps": 19.98, "epsEstimated": null, "time": "bmo", "revenue": 11363000000, "revenueEstimated": null, "fiscalDateEnding": "2019-07-25", "updatedFromDate": "2023-10-16"}, {"date": "2019-10-25", "symbol": "THFF", "eps": 0.93, "epsEstimated": 0.92, "time": "bmo", "revenue": 43745000, "revenueEstimated": 43274623.65591398, "fiscalDateEnding": "2019-09-29", "updatedFromDate": "2023-09-29"}, {"date": "2019-10-25", "symbol": "IZAFE-B.ST", "eps": -0.1869, "epsEstimated": null, "time": "bmo", "revenue": 3344000, "revenueEstimated": null, "fiscalDateEnding": "2019-09-29", "updatedFromDate": "2023-05-17"}, {"date": "2019-10-25", "symbol": "300618.SZ", "eps": null, "epsEstimated": null, "time": "bmo", "revenue": null, "revenueEstimated": null, "fiscalDateEnding": "2019-09-30", "updatedFromDate": "2023-05-17"}, {"date": "2019-10-25", "symbol": "8877.T", "eps": -4.47239, "epsEstimated": null, "time": "bmo", "revenue": 5927788000, "revenueEstimated": null, "fiscalDateEnding": "2019-07-25", "updatedFromDate": "2023-10-17"}, {"date": "2019-10-25", "symbol": "DORO.ST", "eps": 0.97, "epsEstimated": 1.05, "time": "bmo", "revenue": 521400000, "revenueEstimated": null, "fiscalDateEnding": "2019-09-29", "updatedFromDate": "2023-08-16"}, {"date": "2019-10-25", "symbol": "267270.KS", "eps": 1198, "epsEstimated": 816.03, "time": "bmo", "revenue": 574117552000, "revenueEstimated": null, "fiscalDateEnding": "2019-07-25", "updatedFromDate": "2023-05-17"}, {"date": "2019-10-25", "symbol": "NRILY", "eps": 0.38, "epsEstimated": null, "time": "bmo", "revenue": 131154000000, "revenueEstimated": null, "fiscalDateEnding": "2019-07-25", "updatedFromDate": "2023-10-17"}, {"date": "2019-10-25", "symbol": "600392.SS", "eps": 0.0433, "epsEstimated": null, "time": "bmo", "revenue": 1596993298.93, "revenueEstimated": null, "fiscalDateEnding": "2019-09-29", "updatedFromDate": "2023-05-17"}, {"date": "2019-10-25", "symbol": "7739.T", "eps": 37.42, "epsEstimated": null, "time": "bmo", "revenue": 22974000000, "revenueEstimated": null, "fiscalDateEnding": "2019-09-29", "updatedFromDate": "2023-05-17"}, {"date": "2019-10-25", "symbol": "603505.SS", "eps": 0.1737, "epsEstimated": null, "time": "bmo", "revenue": 185730306.02, "revenueEstimated": null, "fiscalDateEnding": "2019-09-29", "updatedFromDate": "2023-05-17"}, {"date": "2019-10-25", "symbol": "EPSFF", "eps": null, "epsEstimated": null, "time": "bmo", "revenue": null, "revenueEstimated": null, "fiscalDateEnding": "2019-09-30", "updatedFromDate": "2023-05-17"}, {"date": "2019-10-25", "symbol": "BUFAB.ST", "eps": 1.57, "epsEstimated": 1.7, "time": "bmo", "revenue": 1125000000, "revenueEstimated": null, "fiscalDateEnding": "2019-07-25", "updatedFromDate": "2023-05-17"}, {"date": "2019-10-25", "symbol": "230360.KQ", "eps": 319.55, "epsEstimated": 237.77, "time": "bmo", "revenue": null, "revenueEstimated": null, "fiscalDateEnding": "2019-09-30", "updatedFromDate": "2023-05-17"}, {"date": "2019-10-25", "symbol": "PGC", "eps": 0.63, "epsEstimated": 0.6, "time": "bmo", "revenue": 44501000, "revenueEstimated": 42381904.76190476, "fiscalDateEnding": "2019-09-29", "updatedFromDate": "2023-09-29"}, {"date": "2019-10-25", "symbol": "002100.SZ", "eps": 0.22, "epsEstimated": null, "time": "bmo", "revenue": 2465640042.52, "revenueEstimated": null, "fiscalDateEnding": "2019-09-29", "updatedFromDate": "2023-05-17"}, {"date": "2019-10-25", "symbol": "VGCX.TO", "eps": -0.78, "epsEstimated": -0.15, "time": "bmo", "revenue": null, "revenueEstimated": null, "fiscalDateEnding": "2019-08-31", "updatedFromDate": "2023-10-16"}, {"date": "2019-10-25", "symbol": "ACR.OL", "eps": 0.03, "epsEstimated": 0.022, "time": "bmo", "revenue": null, "revenueEstimated": null, "fiscalDateEnding": "2019-09-30", "updatedFromDate": "2023-05-17"}, {"date": "2019-10-25", "symbol": "INDT.ST", "eps": 1.02, "epsEstimated": 1.06, "time": "bmo", "revenue": 4595000000, "revenueEstimated": null, "fiscalDateEnding": "2019-09-29", "updatedFromDate": "2023-05-17"}, {"date": "2019-10-25", "symbol": "PPAAF", "eps": null, "epsEstimated": null, "time": "bmo", "revenue": null, "revenueEstimated": null, "fiscalDateEnding": "2019-09-30", "updatedFromDate": "2023-05-17"}, {"date": "2019-10-25", "symbol": "CTT.ST", "eps": 2.31, "epsEstimated": 1.96, "time": "bmo", "revenue": 83400000, "revenueEstimated": null, "fiscalDateEnding": "2019-09-30", "updatedFromDate": "2023-10-16"}, {"date": "2019-10-25", "symbol": "GRC", "eps": 0.41, "epsEstimated": 0.35, "time": "bmo", "revenue": 99298000, "revenueEstimated": 93930540.54054055, "fiscalDateEnding": "2019-09-29", "updatedFromDate": "2023-09-29"}, {"date": "2019-10-25", "symbol": "600702.SS", "eps": 0.3519, "epsEstimated": null, "time": "bmo", "revenue": 622904779.31, "revenueEstimated": null, "fiscalDateEnding": "2019-09-29", "updatedFromDate": "2023-05-17"}, {"date": "2019-10-25", "symbol": "ITAB.ST", "eps": 0.14, "epsEstimated": null, "time": "bmo", "revenue": 1413000000, "revenueEstimated": null, "fiscalDateEnding": "2019-09-29", "updatedFromDate": "2023-08-16"}, {"date": "2019-10-25", "symbol": "OPY", "eps": 0.29, "epsEstimated": null, "time": "bmo", "revenue": 234793000, "revenueEstimated": null, "fiscalDateEnding": "2019-09-29", "updatedFromDate": "2023-09-29"}, {"date": "2019-10-25", "symbol": "002507.SZ", "eps": 0.26, "epsEstimated": null, "time": "bmo", "revenue": 518426697.55, "revenueEstimated": null, "fiscalDateEnding": "2019-09-29", "updatedFromDate": "2023-08-16"}, {"date": "2019-10-25", "symbol": "UHT", "eps": 0.34, "epsEstimated": null, "time": "bmo", "revenue": 19866000, "revenueEstimated": null, "fiscalDateEnding": "2019-09-29", "updatedFromDate": "2023-09-29"}, {"date": "2019-10-25", "symbol": "603238.SS", "eps": 0.1586, "epsEstimated": null, "time": "bmo", "revenue": 285606824.48, "revenueEstimated": null, "fiscalDateEnding": "2019-09-29", "updatedFromDate": "2023-05-17"}, {"date": "2019-10-25", "symbol": "PPAAY", "eps": null, "epsEstimated": null, "time": "bmo", "revenue": null, "revenueEstimated": null, "fiscalDateEnding": "2019-09-30", "updatedFromDate": "2023-05-17"}, {"date": "2019-10-25", "symbol": "PSX", "eps": 3.11, "epsEstimated": 2.6, "time": "bmo", "revenue": 27218000000, "revenueEstimated": 22607951768.488747, "fiscalDateEnding": "2019-09-29", "updatedFromDate": "2023-09-29"}, {"date": "2019-10-25", "symbol": "SCCO", "eps": 0.4, "epsEstimated": 0.49, "time": "bmo", "revenue": 1859500000, "revenueEstimated": 2277887499.9999995, "fiscalDateEnding": "2019-09-29", "updatedFromDate": "2023-09-29"}, {"date": "2019-10-25", "symbol": "002332.SZ", "eps": 0.13, "epsEstimated": null, "time": "bmo", "revenue": 909294905, "revenueEstimated": null, "fiscalDateEnding": "2019-09-29", "updatedFromDate": "2023-05-17"}, {"date": "2019-10-25", "symbol": "AC.MX", "eps": 1.55, "epsEstimated": 1.61, "time": "bmo", "revenue": 42415195000, "revenueEstimated": null, "fiscalDateEnding": "2019-09-29", "updatedFromDate": "2023-05-17"}, {"date": "2019-10-25", "symbol": "600577.SS", "eps": 0.06779, "epsEstimated": null, "time": "bmo", "revenue": 3061917656.24, "revenueEstimated": null, "fiscalDateEnding": "2019-07-25", "updatedFromDate": "2023-05-17"}, {"date": "2019-10-25", "symbol": "300285.SZ", "eps": 0.11, "epsEstimated": null, "time": "bmo", "revenue": 505236749.61, "revenueEstimated": null, "fiscalDateEnding": "2019-09-29", "updatedFromDate": "2023-05-17"}, {"date": "2019-10-25", "symbol": "GNRO.PA", "eps": null, "epsEstimated": null, "time": "bmo", "revenue": null, "revenueEstimated": null, "fiscalDateEnding": "2019-07-25", "updatedFromDate": "2023-05-17"}, {"date": "2019-10-25", "symbol": "NPPSF", "eps": null, "epsEstimated": null, "time": "bmo", "revenue": null, "revenueEstimated": null, "fiscalDateEnding": "2019-09-30", "updatedFromDate": "2023-05-17"}, {"date": "2019-10-25", "symbol": "AON", "eps": 1.45, "epsEstimated": 1.43, "time": "bmo", "revenue": 2379000000, "revenueEstimated": 2346186206.8965516, "fiscalDateEnding": "2019-09-29", "updatedFromDate": "2023-09-29"}, {"date": "2019-10-25", "symbol": "4063.T", "eps": 194.84, "epsEstimated": 192.28, "time": "bmo", "revenue": 359339000000, "revenueEstimated": null, "fiscalDateEnding": "2019-07-25", "updatedFromDate": "2023-10-17"}, {"date": "2019-10-25", "symbol": "000510.SZ", "eps": 0.0017, "epsEstimated": null, "time": "bmo", "revenue": 589955249.19, "revenueEstimated": null, "fiscalDateEnding": "2019-09-29", "updatedFromDate": "2023-05-17"}, {"date": "2019-10-25", "symbol": "CLA-B.ST", "eps": 0.47, "epsEstimated": 0.5, "time": "bmo", "revenue": 1629000000, "revenueEstimated": null, "fiscalDateEnding": "2019-09-30", "updatedFromDate": "2023-10-16"}, {"date": "2019-10-25", "symbol": "SJR", "eps": 0.32, "epsEstimated": 0.31, "time": "bmo", "revenue": 1345000000, "revenueEstimated": 1302968750, "fiscalDateEnding": "2019-08-31", "updatedFromDate": "2023-08-16"}, {"date": "2019-10-25", "symbol": "MNOV", "eps": -0.05, "epsEstimated": -0.15, "time": "bmo", "revenue": null, "revenueEstimated": null, "fiscalDateEnding": "2019-07-25", "updatedFromDate": "2023-10-10"}, {"date": "2019-10-25", "symbol": "AKBTY", "eps": 0.1, "epsEstimated": null, "time": "bmo", "revenue": 5068069000, "revenueEstimated": null, "fiscalDateEnding": "2019-09-30", "updatedFromDate": "2023-09-29"}, {"date": "2019-10-25", "symbol": "AAF.L", "eps": 0.02, "epsEstimated": 0.03, "time": "bmo", "revenue": 851000000, "revenueEstimated": null, "fiscalDateEnding": "2019-07-25", "updatedFromDate": "2023-10-17"}, {"date": "2019-10-25", "symbol": "603079.SS", "eps": 0.01591, "epsEstimated": null, "time": "bmo", "revenue": 145223371.38, "revenueEstimated": null, "fiscalDateEnding": "2019-12-30", "updatedFromDate": "2023-05-17"}, {"date": "2019-10-25", "symbol": "000720.KS", "eps": 1472, "epsEstimated": 1173.13, "time": "bmo", "revenue": 4631484000000, "revenueEstimated": null, "fiscalDateEnding": "2019-07-25", "updatedFromDate": "2023-05-17"}, {"date": "2019-10-25", "symbol": "8014.T", "eps": -48.25901, "epsEstimated": null, "time": "bmo", "revenue": 49004000000, "revenueEstimated": null, "fiscalDateEnding": "2019-07-25", "updatedFromDate": "2023-10-17"}, {"date": "2019-10-25", "symbol": "NONG.OL", "eps": 1.76, "epsEstimated": 1.74, "time": "bmo", "revenue": 856000000, "revenueEstimated": null, "fiscalDateEnding": "2019-09-30", "updatedFromDate": "2023-05-17"}, {"date": "2019-10-25", "symbol": "3328.HK", "eps": 0.23, "epsEstimated": 0.24, "time": "bmo", "revenue": 58045000000, "revenueEstimated": null, "fiscalDateEnding": "2019-09-29", "updatedFromDate": "2023-08-16"}, {"date": "2019-10-25", "symbol": "8818.T", "eps": 31.36, "epsEstimated": null, "time": "bmo", "revenue": 3781977000, "revenueEstimated": null, "fiscalDateEnding": "2019-07-25", "updatedFromDate": "2023-10-17"}, {"date": "2019-10-25", "symbol": "ABTX", "eps": 0.57, "epsEstimated": 0.67, "time": "bmo", "revenue": 47726000, "revenueEstimated": 56098982.456140354, "fiscalDateEnding": "2019-09-29", "updatedFromDate": "2023-05-17"}, {"date": "2019-10-25", "symbol": "NS8U.SI", "eps": 0.03, "epsEstimated": 0.02111, "time": "bmo", "revenue": 2668100000, "revenueEstimated": null, "fiscalDateEnding": "2019-07-25", "updatedFromDate": "2023-08-16"}, {"date": "2019-10-25", "symbol": "ORYZF", "eps": -0.02, "epsEstimated": -0.06, "time": "bmo", "revenue": null, "revenueEstimated": null, "fiscalDateEnding": "2019-09-30", "updatedFromDate": "2023-05-17"}, {"date": "2019-10-25", "symbol": "4549.T", "eps": 20.55, "epsEstimated": null, "time": "bmo", "revenue": 8214000000, "revenueEstimated": null, "fiscalDateEnding": "2019-07-25", "updatedFromDate": "2023-10-17"}, {"date": "2019-10-25", "symbol": "SESG.PA", "eps": 0.15, "epsEstimated": 0.1, "time": "bmo", "revenue": 490500000, "revenueEstimated": null, "fiscalDateEnding": "2019-09-29", "updatedFromDate": "2023-05-17"}, {"date": "2019-10-25", "symbol": "6928.T", "eps": 25.41, "epsEstimated": null, "time": "bmo", "revenue": 5113760000, "revenueEstimated": null, "fiscalDateEnding": "2019-07-25", "updatedFromDate": "2023-10-17"}, {"date": "2019-10-25", "symbol": "WPAY.ST", "eps": -0.17821, "epsEstimated": null, "time": "bmo", "revenue": 15529000, "revenueEstimated": null, "fiscalDateEnding": "2019-09-30", "updatedFromDate": "2023-10-16"}, {"date": "2019-10-25", "symbol": "603179.SS", "eps": 0.1714, "epsEstimated": null, "time": "bmo", "revenue": 890882053, "revenueEstimated": null, "fiscalDateEnding": "2019-07-25", "updatedFromDate": "2023-05-17"}, {"date": "2019-10-25", "symbol": "1398.HK", "eps": 0.24, "epsEstimated": 0.2, "time": "bmo", "revenue": 203521000000, "revenueEstimated": null, "fiscalDateEnding": "2019-09-29", "updatedFromDate": "2023-08-16"}, {"date": "2019-10-25", "symbol": "601128.SS", "eps": 0.1526, "epsEstimated": null, "time": "bmo", "revenue": 1643672000, "revenueEstimated": null, "fiscalDateEnding": "2019-07-25", "updatedFromDate": "2023-05-17"}, {"date": "2019-10-25", "symbol": "TTRKF", "eps": null, "epsEstimated": null, "time": "bmo", "revenue": null, "revenueEstimated": null, "fiscalDateEnding": "2019-09-30", "updatedFromDate": "2023-05-17"}, {"date": "2019-10-25", "symbol": "NRZ", "eps": 0.5, "epsEstimated": 0.52, "time": "bmo", "revenue": 481353000, "revenueEstimated": 759786560, "fiscalDateEnding": "2019-09-29", "updatedFromDate": "2023-05-17"}, {"date": "2019-10-25", "symbol": "002529.SZ", "eps": -0.0572, "epsEstimated": null, "time": "bmo", "revenue": 72495099.32, "revenueEstimated": null, "fiscalDateEnding": "2019-09-29", "updatedFromDate": "2023-05-17"}, {"date": "2019-10-25", "symbol": "601668.SS", "eps": 0.23, "epsEstimated": 0.23, "time": "bmo", "revenue": 288179804000, "revenueEstimated": null, "fiscalDateEnding": "2019-09-29", "updatedFromDate": "2023-08-16"}, {"date": "2019-10-25", "symbol": "KPN.AS", "eps": null, "epsEstimated": 0.03, "time": "bmo", "revenue": null, "revenueEstimated": null, "fiscalDateEnding": "2019-07-25", "updatedFromDate": "2023-05-17"}, {"date": "2019-10-25", "symbol": "PRSI", "eps": 1.13, "epsEstimated": null, "time": "bmo", "revenue": 15429000, "revenueEstimated": null, "fiscalDateEnding": "2019-09-29", "updatedFromDate": "2023-09-29"}, {"date": "2019-10-25", "symbol": "ELUX-B.ST", "eps": 2.34, "epsEstimated": 2.41, "time": "bmo", "revenue": 32520000000, "revenueEstimated": null, "fiscalDateEnding": "2019-09-29", "updatedFromDate": "2023-05-17"}, {"date": "2019-10-25", "symbol": "VESBE.IS", "eps": null, "epsEstimated": null, "time": "bmo", "revenue": null, "revenueEstimated": null, "fiscalDateEnding": "2019-09-30", "updatedFromDate": "2023-05-17"}, {"date": "2019-10-25", "symbol": "ABEV", "eps": 0.04, "epsEstimated": 0.03932, "time": "bmo", "revenue": 11957652000, "revenueEstimated": 11957652000, "fiscalDateEnding": "2019-09-30", "updatedFromDate": "2023-09-29"}, {"date": "2019-10-25", "symbol": "600570.SS", "eps": 0.09, "epsEstimated": null, "time": "bmo", "revenue": 1574695316.03, "revenueEstimated": null, "fiscalDateEnding": "2019-07-25", "updatedFromDate": "2023-05-17"}, {"date": "2019-10-25", "symbol": "DBMBF", "eps": 0.93, "epsEstimated": 0.62, "time": "bmo", "revenue": null, "revenueEstimated": null, "fiscalDateEnding": "2019-09-30", "updatedFromDate": "2023-05-17"}, {"date": "2019-10-25", "symbol": "MXTOF", "eps": 0.49, "epsEstimated": 0.48, "time": "bmo", "revenue": null, "revenueEstimated": null, "fiscalDateEnding": "2019-09-30", "updatedFromDate": "2023-05-17"}, {"date": "2019-10-25", "symbol": "ONCS", "eps": -12.75, "epsEstimated": -18.48, "time": "bmo", "revenue": null, "revenueEstimated": null, "fiscalDateEnding": "2019-07-30", "updatedFromDate": "2023-09-29"}, {"date": "2019-10-25", "symbol": "002474.SZ", "eps": 0.007, "epsEstimated": null, "time": "bmo", "revenue": 123298561.03, "revenueEstimated": null, "fiscalDateEnding": "2019-09-29", "updatedFromDate": "2023-05-17"}, {"date": "2019-10-25", "symbol": "300673.SZ", "eps": 0.01, "epsEstimated": null, "time": "bmo", "revenue": null, "revenueEstimated": null, "fiscalDateEnding": "2019-09-30", "updatedFromDate": "2023-05-17"}, {"date": "2019-10-25", "symbol": "603035.SS", "eps": 0.25, "epsEstimated": null, "time": "bmo", "revenue": 525548532.21, "revenueEstimated": null, "fiscalDateEnding": "2019-09-29", "updatedFromDate": "2023-05-17"}, {"date": "2019-10-25", "symbol": "002170.SZ", "eps": 0.0149, "epsEstimated": null, "time": "bmo", "revenue": 602848245.44, "revenueEstimated": null, "fiscalDateEnding": "2019-09-29", "updatedFromDate": "2023-05-17"}, {"date": "2019-10-25", "symbol": "HBP.TO", "eps": -0.01342, "epsEstimated": null, "time": "bmo", "revenue": null, "revenueEstimated": null, "fiscalDateEnding": "2019-07-31", "updatedFromDate": "2023-05-17"}, {"date": "2019-10-25", "symbol": "002235.SZ", "eps": -0.0218, "epsEstimated": null, "time": "bmo", "revenue": 87131679.53, "revenueEstimated": null, "fiscalDateEnding": "2019-09-29", "updatedFromDate": "2023-05-17"}, {"date": "2019-10-25", "symbol": "ALV", "eps": 1.3, "epsEstimated": 1.38, "time": "bmo", "revenue": 2027700000, "revenueEstimated": 2214872307.6923075, "fiscalDateEnding": "2019-09-29", "updatedFromDate": "2023-09-29"}, {"date": "2019-10-25", "symbol": "000598.SZ", "eps": 0.11, "epsEstimated": 0.1, "time": "bmo", "revenue": 1554135561.91, "revenueEstimated": null, "fiscalDateEnding": "2019-07-25", "updatedFromDate": "2023-05-17"}, {"date": "2019-10-25", "symbol": "002470.SZ", "eps": 0.02, "epsEstimated": 0.09, "time": "bmo", "revenue": 175752399.79, "revenueEstimated": null, "fiscalDateEnding": "2019-12-30", "updatedFromDate": "2023-05-17"}, {"date": "2019-10-25", "symbol": "2208.T", "eps": null, "epsEstimated": null, "time": "bmo", "revenue": null, "revenueEstimated": null, "fiscalDateEnding": "2020-03-31", "updatedFromDate": "2023-05-17"}, {"date": "2019-10-25", "symbol": "603878.SS", "eps": 0.2429, "epsEstimated": null, "time": "bmo", "revenue": 596356182.78, "revenueEstimated": null, "fiscalDateEnding": "2019-09-29", "updatedFromDate": "2023-05-17"}, {"date": "2019-10-25", "symbol": "086790.KS", "eps": 2743, "epsEstimated": 2623.65, "time": "bmo", "revenue": 2201672000000, "revenueEstimated": null, "fiscalDateEnding": "2019-09-29", "updatedFromDate": "2023-05-17"}, {"date": "2019-10-25", "symbol": "HCTPF", "eps": 0.03, "epsEstimated": 0.02111, "time": "bmo", "revenue": null, "revenueEstimated": null, "fiscalDateEnding": "2019-09-30", "updatedFromDate": "2023-05-17"}, {"date": "2019-10-25", "symbol": "603018.SS", "eps": 0.1295, "epsEstimated": null, "time": "bmo", "revenue": 830547767.5, "revenueEstimated": null, "fiscalDateEnding": "2019-09-29", "updatedFromDate": "2023-08-16"}, {"date": "2019-10-25", "symbol": "600566.SS", "eps": 0.419, "epsEstimated": null, "time": "bmo", "revenue": 1479063612, "revenueEstimated": null, "fiscalDateEnding": "2019-09-29", "updatedFromDate": "2023-05-17"}, {"date": "2019-10-25", "symbol": "009240.KS", "eps": 244, "epsEstimated": 527.75, "time": "bmo", "revenue": 434538630260, "revenueEstimated": null, "fiscalDateEnding": "2019-07-25", "updatedFromDate": "2023-05-17"}, {"date": "2019-10-25", "symbol": "002506.SZ", "eps": -0.01, "epsEstimated": -0.00351, "time": "bmo", "revenue": 1943428454.13, "revenueEstimated": null, "fiscalDateEnding": "2019-09-29", "updatedFromDate": "2023-05-17"}, {"date": "2019-10-25", "symbol": "002918.SZ", "eps": 0.34, "epsEstimated": null, "time": "bmo", "revenue": 1071800227.77, "revenueEstimated": null, "fiscalDateEnding": "2019-09-29", "updatedFromDate": "2023-05-17"}, {"date": "2019-10-25", "symbol": "EPI-B.ST", "eps": 1.11, "epsEstimated": null, "time": "bmo", "revenue": 10158000000, "revenueEstimated": null, "fiscalDateEnding": "2019-09-29", "updatedFromDate": "2023-05-17"}, {"date": "2019-10-25", "symbol": "002797.SZ", "eps": 0.04, "epsEstimated": null, "time": "bmo", "revenue": 554332583.63, "revenueEstimated": null, "fiscalDateEnding": "2019-09-29", "updatedFromDate": "2023-05-17"}, {"date": "2019-10-25", "symbol": "051910.KS", "eps": 1586, "epsEstimated": 2847.59, "time": "bmo", "revenue": 7461222000000, "revenueEstimated": null, "fiscalDateEnding": "2019-07-25", "updatedFromDate": "2023-05-17"}, {"date": "2019-10-25", "symbol": "TTRAK.IS", "eps": null, "epsEstimated": null, "time": "bmo", "revenue": null, "revenueEstimated": null, "fiscalDateEnding": "2019-09-30", "updatedFromDate": "2023-05-17"}, {"date": "2019-10-25", "symbol": "SAL", "eps": 0.53, "epsEstimated": 0.44, "time": "bmo", "revenue": 10804000, "revenueEstimated": 9258542.857142856, "fiscalDateEnding": "2019-09-29", "updatedFromDate": "2023-09-29"}, {"date": "2019-10-25", "symbol": "KOFUBL.MX", "eps": 1.92, "epsEstimated": 1.52, "time": "bmo", "revenue": null, "revenueEstimated": null, "fiscalDateEnding": "2019-09-30", "updatedFromDate": "2023-05-17"}, {"date": "2019-10-25", "symbol": "CONSTI.HE", "eps": 0.17, "epsEstimated": 0.12, "time": "bmo", "revenue": 81837000, "revenueEstimated": null, "fiscalDateEnding": "2019-09-30", "updatedFromDate": "2023-05-17"}, {"date": "2019-10-25", "symbol": "UPONOR.HE", "eps": 0.26, "epsEstimated": 0.24, "time": "bmo", "revenue": 292400000, "revenueEstimated": null, "fiscalDateEnding": "2019-09-29", "updatedFromDate": "2023-05-17"}, {"date": "2019-10-25", "symbol": "DETEC.HE", "eps": 0.28, "epsEstimated": 0.28, "time": "bmo", "revenue": null, "revenueEstimated": null, "fiscalDateEnding": "2019-07-25", "updatedFromDate": "2023-05-17"}, {"date": "2019-10-25", "symbol": "300751.SZ", "eps": 0.639, "epsEstimated": null, "time": "bmo", "revenue": 400861926.87, "revenueEstimated": null, "fiscalDateEnding": "2019-09-29", "updatedFromDate": "2023-08-16"}, {"date": "2019-10-25", "symbol": "VFC", "eps": 1.26, "epsEstimated": 1.31, "time": "bmo", "revenue": 3393268000, "revenueEstimated": 3527921492.0634923, "fiscalDateEnding": "2019-09-27", "updatedFromDate": "2023-09-29"}, {"date": "2019-10-25", "symbol": "002791.SZ", "eps": 0.46, "epsEstimated": null, "time": "bmo", "revenue": 1486109382.14, "revenueEstimated": null, "fiscalDateEnding": "2019-09-29", "updatedFromDate": "2023-08-16"}, {"date": "2019-10-25", "symbol": "601633.SS", "eps": 0.15, "epsEstimated": 0.11, "time": "bmo", "revenue": 21201530706.25, "revenueEstimated": null, "fiscalDateEnding": "2019-09-29", "updatedFromDate": "2023-05-17"}, {"date": "2019-10-25", "symbol": "603656.SS", "eps": 0.21, "epsEstimated": null, "time": "bmo", "revenue": 124620828.07, "revenueEstimated": null, "fiscalDateEnding": "2019-09-29", "updatedFromDate": "2023-05-17"}, {"date": "2019-10-25", "symbol": "OKDBV.HE", "eps": 0.01, "epsEstimated": 0.025, "time": "bmo", "revenue": 429000000, "revenueEstimated": null, "fiscalDateEnding": "2019-09-29", "updatedFromDate": "2023-05-17"}, {"date": "2019-10-25", "symbol": "EMBVF", "eps": 1.55, "epsEstimated": 1.71, "time": "bmo", "revenue": null, "revenueEstimated": null, "fiscalDateEnding": "2019-09-30", "updatedFromDate": "2023-05-17"}, {"date": "2019-10-25", "symbol": "PFS", "eps": 0.49, "epsEstimated": 0.45, "time": "bmo", "revenue": 91575000, "revenueEstimated": 84099489.79591838, "fiscalDateEnding": "2019-09-29", "updatedFromDate": "2023-09-29"}, {"date": "2019-10-25", "symbol": "CWBC", "eps": 0.25, "epsEstimated": null, "time": "bmo", "revenue": 9445000, "revenueEstimated": null, "fiscalDateEnding": "2019-09-29", "updatedFromDate": "2023-09-29"}, {"date": "2019-10-25", "symbol": "1876.HK", "eps": 0.01895, "epsEstimated": null, "time": "bmo", "revenue": 1822000000, "revenueEstimated": null, "fiscalDateEnding": "2019-09-30", "updatedFromDate": "2023-05-17"}, {"date": "2019-10-25", "symbol": "600446.SS", "eps": -0.0176, "epsEstimated": null, "time": "bmo", "revenue": 893473288.16, "revenueEstimated": null, "fiscalDateEnding": "2019-09-29", "updatedFromDate": "2023-05-17"}, {"date": "2019-10-25", "symbol": "CBBI", "eps": 0.33, "epsEstimated": null, "time": "bmo", "revenue": 13335000, "revenueEstimated": null, "fiscalDateEnding": "2019-09-30", "updatedFromDate": "2023-09-29"}, {"date": "2019-10-25", "symbol": "ACGBY", "eps": 0.61, "epsEstimated": null, "time": "bmo", "revenue": 151821000000, "revenueEstimated": null, "fiscalDateEnding": "2019-09-30", "updatedFromDate": "2023-09-29"}, {"date": "2019-10-25", "symbol": "002390.SZ", "eps": 0.05, "epsEstimated": null, "time": "bmo", "revenue": 1740531376.49, "revenueEstimated": null, "fiscalDateEnding": "2019-09-29", "updatedFromDate": "2023-05-17"}, {"date": "2019-10-25", "symbol": "603615.SS", "eps": 0.0994, "epsEstimated": null, "time": "bmo", "revenue": 208614499.57, "revenueEstimated": null, "fiscalDateEnding": "2019-09-29", "updatedFromDate": "2023-05-17"}, {"date": "2019-10-25", "symbol": "002048.SZ", "eps": 0.4, "epsEstimated": null, "time": "bmo", "revenue": 4209043084.49, "revenueEstimated": null, "fiscalDateEnding": "2019-09-29", "updatedFromDate": "2023-05-17"}, {"date": "2019-10-25", "symbol": "300435.SZ", "eps": 0.07, "epsEstimated": null, "time": "bmo", "revenue": 117905339.55, "revenueEstimated": null, "fiscalDateEnding": "2019-09-29", "updatedFromDate": "2023-05-17"}, {"date": "2019-10-25", "symbol": "2664.T", "eps": 96.85, "epsEstimated": null, "time": "bmo", "revenue": 73757000000, "revenueEstimated": null, "fiscalDateEnding": "2019-07-25", "updatedFromDate": "2023-10-17"}, {"date": "2019-10-25", "symbol": "E", "eps": 0.49, "epsEstimated": 0.52, "time": "bmo", "revenue": 16686000000, "revenueEstimated": null, "fiscalDateEnding": "2019-09-30", "updatedFromDate": "2023-09-29"}, {"date": "2019-10-25", "symbol": "IDCBY", "eps": 0.68, "epsEstimated": null, "time": "bmo", "revenue": 203521000000, "revenueEstimated": null, "fiscalDateEnding": "2019-09-30", "updatedFromDate": "2023-09-29"}, {"date": "2019-10-25", "symbol": "3023.TW", "eps": 2.36, "epsEstimated": 2.22, "time": "bmo", "revenue": 5032980000, "revenueEstimated": null, "fiscalDateEnding": "2019-09-29", "updatedFromDate": "2023-05-17"}, {"date": "2019-10-25", "symbol": "KOF", "eps": 0.99, "epsEstimated": 0.91, "time": "bmo", "revenue": 48698000000, "revenueEstimated": 33960447368, "fiscalDateEnding": "2019-09-30", "updatedFromDate": "2023-09-29"}, {"date": "2019-10-25", "symbol": "IRAO.ME", "eps": 0.225, "epsEstimated": null, "time": "bmo", "revenue": 233286000000, "revenueEstimated": null, "fiscalDateEnding": "2019-09-29", "updatedFromDate": "2023-08-16"}, {"date": "2019-10-25", "symbol": "LKFN", "eps": 0.83, "epsEstimated": 0.77, "time": "bmo", "revenue": 47690000, "revenueEstimated": 46673132.530120485, "fiscalDateEnding": "2019-09-29", "updatedFromDate": "2023-09-29"}, {"date": "2019-10-25", "symbol": "5871.TW", "eps": 2.66, "epsEstimated": 2.68, "time": "bmo", "revenue": 5873437000, "revenueEstimated": null, "fiscalDateEnding": "2019-09-29", "updatedFromDate": "2023-05-17"}, {"date": "2019-10-25", "symbol": "CHTR", "eps": 1.74, "epsEstimated": 1.67, "time": "bmo", "revenue": 11450000000, "revenueEstimated": 10989367816.091953, "fiscalDateEnding": "2019-09-29", "updatedFromDate": "2023-09-29"}, {"date": "2019-10-25", "symbol": "LEA", "eps": 3.54, "epsEstimated": 3.14, "time": "bmo", "revenue": 4825000000, "revenueEstimated": 4279802259.887006, "fiscalDateEnding": "2019-09-27", "updatedFromDate": "2023-09-29"}, {"date": "2019-10-25", "symbol": "SEYE.ST", "eps": -1.54, "epsEstimated": -1.4, "time": "bmo", "revenue": 12264000, "revenueEstimated": null, "fiscalDateEnding": "2019-09-29", "updatedFromDate": "2023-08-16"}, {"date": "2019-10-25", "symbol": "8060.T", "eps": 54.52, "epsEstimated": 34, "time": "bmo", "revenue": 160173000000, "revenueEstimated": null, "fiscalDateEnding": "2019-09-29", "updatedFromDate": "2023-05-17"}, {"date": "2019-10-25", "symbol": "601328.SS", "eps": 0.23, "epsEstimated": 0.24, "time": "bmo", "revenue": 58045000000, "revenueEstimated": null, "fiscalDateEnding": "2019-09-29", "updatedFromDate": "2023-08-16"}, {"date": "2019-10-25", "symbol": "BROG", "eps": 0.02, "epsEstimated": null, "time": "bmo", "revenue": 44085374, "revenueEstimated": null, "fiscalDateEnding": "2019-07-25", "updatedFromDate": "2023-09-29"}, {"date": "2019-10-25", "symbol": "GVA", "eps": 0.58, "epsEstimated": 1.41, "time": "bmo", "revenue": 1088110000, "revenueEstimated": 3643903255.813954, "fiscalDateEnding": "2019-09-29", "updatedFromDate": "2023-09-29"}, {"date": "2019-10-25", "symbol": "CRAD-B.ST", "eps": -0.04516, "epsEstimated": null, "time": "bmo", "revenue": 55600000, "revenueEstimated": null, "fiscalDateEnding": "2019-09-29", "updatedFromDate": "2023-05-17"}, {"date": "2019-10-25", "symbol": "SSLLF", "eps": 1.65, "epsEstimated": 1.56, "time": "bmo", "revenue": null, "revenueEstimated": null, "fiscalDateEnding": "2019-09-30", "updatedFromDate": "2023-05-17"}, {"date": "2019-10-25", "symbol": "603608.SS", "eps": 0.12, "epsEstimated": null, "time": "bmo", "revenue": 464756396, "revenueEstimated": null, "fiscalDateEnding": "2019-09-29", "updatedFromDate": "2023-05-17"}, {"date": "2019-10-25", "symbol": "603899.SS", "eps": 0.36, "epsEstimated": null, "time": "bmo", "revenue": 3193756901.77, "revenueEstimated": null, "fiscalDateEnding": "2019-07-25", "updatedFromDate": "2023-05-17"}, {"date": "2019-10-25", "symbol": "600990.SS", "eps": -0.1561, "epsEstimated": null, "time": "bmo", "revenue": 516890701.61, "revenueEstimated": null, "fiscalDateEnding": "2019-09-29", "updatedFromDate": "2023-05-17"}, {"date": "2019-10-25", "symbol": "PSXP", "eps": 1.15, "epsEstimated": 0.97, "time": "bmo", "revenue": 291000000, "revenueEstimated": 229426086.95652175, "fiscalDateEnding": "2019-07-25", "updatedFromDate": "2023-05-17"}, {"date": "2019-10-25", "symbol": "FBASF", "eps": 0.36, "epsEstimated": 0.57, "time": "bmo", "revenue": null, "revenueEstimated": null, "fiscalDateEnding": "2019-09-30", "updatedFromDate": "2023-05-17"}, {"date": "2019-10-25", "symbol": "BALD-B.ST", "eps": 3.29, "epsEstimated": 3.1, "time": "bmo", "revenue": 1915000000, "revenueEstimated": null, "fiscalDateEnding": "2019-09-29", "updatedFromDate": "2023-05-17"}, {"date": "2019-10-25", "symbol": "300001.SZ", "eps": 0.07, "epsEstimated": null, "time": "bmo", "revenue": 1621455317.95, "revenueEstimated": null, "fiscalDateEnding": "2019-09-29", "updatedFromDate": "2023-08-16"}, {"date": "2019-10-25", "symbol": "600019.SS", "eps": 0.12, "epsEstimated": 0.16, "time": "bmo", "revenue": 76118228497.89, "revenueEstimated": null, "fiscalDateEnding": "2019-09-29", "updatedFromDate": "2023-08-16"}, {"date": "2019-10-25", "symbol": "BKOR", "eps": 0.46, "epsEstimated": null, "time": "amc", "revenue": null, "revenueEstimated": null, "fiscalDateEnding": "2019-09-30", "updatedFromDate": "2023-09-29"}, {"date": "2019-10-25", "symbol": "600771.SS", "eps": 0.1, "epsEstimated": null, "time": "bmo", "revenue": 312748540.39, "revenueEstimated": null, "fiscalDateEnding": "2019-09-29", "updatedFromDate": "2023-05-17"}, {"date": "2019-10-25", "symbol": "TILE", "eps": 0.47, "epsEstimated": 0.42, "time": "bmo", "revenue": 348352000, "revenueEstimated": 311293276.59574467, "fiscalDateEnding": "2019-09-28", "updatedFromDate": "2023-11-28"}, {"date": "2019-10-25", "symbol": "000732.SZ", "eps": 0.2251, "epsEstimated": null, "time": "bmo", "revenue": 6686239914.73, "revenueEstimated": null, "fiscalDateEnding": "2019-09-29", "updatedFromDate": "2023-05-17"}, {"date": "2019-10-25", "symbol": "GBX", "eps": 1.31, "epsEstimated": 1.38, "time": "bmo", "revenue": 914245000, "revenueEstimated": 963097786.259542, "fiscalDateEnding": "2019-08-30", "updatedFromDate": "2023-09-29"}, {"date": "2019-10-25", "symbol": "4816.T", "eps": 78.06, "epsEstimated": null, "time": "bmo", "revenue": 12676000000, "revenueEstimated": null, "fiscalDateEnding": "2019-07-25", "updatedFromDate": "2023-10-17"}, {"date": "2019-10-25", "symbol": "WWL.WA", "eps": 12.21, "epsEstimated": null, "time": "bmo", "revenue": 135789000, "revenueEstimated": null, "fiscalDateEnding": "2019-09-29", "updatedFromDate": "2023-05-17"}, {"date": "2019-10-25", "symbol": "000671.SZ", "eps": 0.18, "epsEstimated": null, "time": "bmo", "revenue": 9514714984.49, "revenueEstimated": null, "fiscalDateEnding": "2019-09-29", "updatedFromDate": "2023-05-17"}, {"date": "2019-10-25", "symbol": "7897.T", "eps": -0.63202, "epsEstimated": null, "time": "bmo", "revenue": 2216224000, "revenueEstimated": null, "fiscalDateEnding": "2019-07-25", "updatedFromDate": "2023-10-17"}, {"date": "2019-10-25", "symbol": "XJNGF", "eps": 0.09, "epsEstimated": 0.27, "time": "bmo", "revenue": null, "revenueEstimated": 249000000.00000003, "fiscalDateEnding": "2019-09-30", "updatedFromDate": "2023-05-17"}, {"date": "2019-10-25", "symbol": "CIVB", "eps": 0.46, "epsEstimated": 0.46, "time": "bmo", "revenue": 25847000, "revenueEstimated": 25847000, "fiscalDateEnding": "2019-09-29", "updatedFromDate": "2023-09-29"}, {"date": "2019-10-25", "symbol": "688002.SS", "eps": 0.0916, "epsEstimated": null, "time": "bmo", "revenue": 148198492.11, "revenueEstimated": null, "fiscalDateEnding": "2019-09-29", "updatedFromDate": "2023-08-16"}, {"date": "2019-10-25", "symbol": "FUNO11.MX", "eps": 0.36, "epsEstimated": 0.57, "time": "bmo", "revenue": null, "revenueEstimated": null, "fiscalDateEnding": "2019-09-30", "updatedFromDate": "2023-05-17"}, {"date": "2019-10-25", "symbol": "BARC.L", "eps": 7.42, "epsEstimated": 5.88, "time": "bmo", "revenue": 5541000000, "revenueEstimated": null, "fiscalDateEnding": "2019-09-30", "updatedFromDate": "2023-05-17"}, {"date": "2019-10-25", "symbol": "600496.SS", "eps": 0.0699, "epsEstimated": null, "time": "bmo", "revenue": 2637238961.91, "revenueEstimated": null, "fiscalDateEnding": "2019-09-29", "updatedFromDate": "2023-05-17"}, {"date": "2019-10-25", "symbol": "002841.SZ", "eps": 1.17, "epsEstimated": null, "time": "bmo", "revenue": 5796521600.02, "revenueEstimated": null, "fiscalDateEnding": "2019-09-29", "updatedFromDate": "2023-08-16"}, {"date": "2019-10-25", "symbol": "7554.T", "eps": -49.35122, "epsEstimated": null, "time": "bmo", "revenue": 5630002000, "revenueEstimated": null, "fiscalDateEnding": "2019-07-25", "updatedFromDate": "2023-10-17"}, {"date": "2019-10-25", "symbol": "603239.SS", "eps": 0.06, "epsEstimated": null, "time": "bmo", "revenue": 139243149.94, "revenueEstimated": null, "fiscalDateEnding": "2019-09-29", "updatedFromDate": "2023-05-17"}, {"date": "2019-10-25", "symbol": "HBMN.SW", "eps": 6.57, "epsEstimated": null, "time": "bmo", "revenue": 46547250, "revenueEstimated": null, "fiscalDateEnding": "2019-07-25", "updatedFromDate": "2023-10-17"}, {"date": "2019-10-25", "symbol": "300396.SZ", "eps": 0.2322, "epsEstimated": null, "time": "bmo", "revenue": 238953294.54, "revenueEstimated": null, "fiscalDateEnding": "2019-09-29", "updatedFromDate": "2023-05-17"}, {"date": "2019-10-25", "symbol": "000826.SZ", "eps": 0.05, "epsEstimated": 0.23, "time": "bmo", "revenue": 2558392023.38, "revenueEstimated": null, "fiscalDateEnding": "2019-09-29", "updatedFromDate": "2023-05-17"}, {"date": "2019-10-25", "symbol": "PBDIF", "eps": 80.18, "epsEstimated": 98.11, "time": "bmo", "revenue": null, "revenueEstimated": null, "fiscalDateEnding": "2019-09-30", "updatedFromDate": "2023-08-16"}, {"date": "2019-10-25", "symbol": "ALLIGO-B.ST", "eps": 2, "epsEstimated": 1.97, "time": "bmo", "revenue": 1432000000, "revenueEstimated": null, "fiscalDateEnding": "2019-09-30", "updatedFromDate": "2023-10-16"}, {"date": "2019-10-25", "symbol": "SHECY", "eps": 0.18, "epsEstimated": null, "time": "bmo", "revenue": 359339000000, "revenueEstimated": null, "fiscalDateEnding": "2019-07-25", "updatedFromDate": "2023-10-17"}, {"date": "2019-10-25", "symbol": "603416.SS", "eps": 0.31, "epsEstimated": null, "time": "bmo", "revenue": 158665079.57, "revenueEstimated": null, "fiscalDateEnding": "2019-09-29", "updatedFromDate": "2023-05-17"}, {"date": "2019-10-25", "symbol": "VID.MC", "eps": 1.14, "epsEstimated": null, "time": "bmo", "revenue": 252734250, "revenueEstimated": null, "fiscalDateEnding": "2019-07-25", "updatedFromDate": "2023-05-17"}, {"date": "2019-10-25", "symbol": "600141.SS", "eps": 0.2064, "epsEstimated": null, "time": "bmo", "revenue": 4939773750, "revenueEstimated": null, "fiscalDateEnding": "2019-09-29", "updatedFromDate": "2023-05-17"}, {"date": "2019-10-25", "symbol": "603228.SS", "eps": 0.2429, "epsEstimated": null, "time": "bmo", "revenue": 1682747604.41, "revenueEstimated": null, "fiscalDateEnding": "2019-09-29", "updatedFromDate": "2023-05-17"}, {"date": "2019-10-25", "symbol": "000970.SZ", "eps": 0.053, "epsEstimated": null, "time": "bmo", "revenue": 1071358017.27, "revenueEstimated": null, "fiscalDateEnding": "2019-09-29", "updatedFromDate": "2023-05-17"}, {"date": "2019-10-25", "symbol": "KRU.WA", "eps": 4.01, "epsEstimated": null, "time": "bmo", "revenue": 286821000, "revenueEstimated": null, "fiscalDateEnding": "2019-09-29", "updatedFromDate": "2023-05-17"}, {"date": "2019-10-25", "symbol": "002643.SZ", "eps": 0.15, "epsEstimated": null, "time": "bmo", "revenue": 649849947.49, "revenueEstimated": null, "fiscalDateEnding": "2019-09-30", "updatedFromDate": "2023-08-17"}, {"date": "2019-10-25", "symbol": "EVTV", "eps": -0.4, "epsEstimated": -0.4, "time": "bmo", "revenue": 11063000, "revenueEstimated": null, "fiscalDateEnding": "2019-09-29", "updatedFromDate": "2023-09-29"}, {"date": "2019-10-25", "symbol": "BERG-B.ST", "eps": 1.1, "epsEstimated": 1.66, "time": "bmo", "revenue": 1097000000, "revenueEstimated": null, "fiscalDateEnding": "2019-07-25", "updatedFromDate": "2023-10-16"}, {"date": "2019-10-25", "symbol": "300595.SZ", "eps": 0.13, "epsEstimated": 0.18, "time": "bmo", "revenue": 222512171.68, "revenueEstimated": null, "fiscalDateEnding": "2019-09-29", "updatedFromDate": "2023-08-16"}, {"date": "2019-10-25", "symbol": "ABL.OL", "eps": null, "epsEstimated": null, "time": "bmo", "revenue": null, "revenueEstimated": null, "fiscalDateEnding": "2019-09-30", "updatedFromDate": "2023-08-16"}, {"date": "2019-10-25", "symbol": "603515.SS", "eps": 0.26, "epsEstimated": 0.27, "time": "bmo", "revenue": 1991296266.06, "revenueEstimated": null, "fiscalDateEnding": "2019-09-29", "updatedFromDate": "2023-08-16"}, {"date": "2019-10-25", "symbol": "002329.SZ", "eps": 0.0063, "epsEstimated": null, "time": "bmo", "revenue": 597106286.88, "revenueEstimated": null, "fiscalDateEnding": "2019-09-29", "updatedFromDate": "2023-05-17"}, {"date": "2019-10-25", "symbol": "000911.SZ", "eps": -0.12, "epsEstimated": null, "time": "bmo", "revenue": 876506142.83, "revenueEstimated": null, "fiscalDateEnding": "2019-09-29", "updatedFromDate": "2023-05-17"}, {"date": "2019-10-25", "symbol": "MSURF", "eps": null, "epsEstimated": null, "time": "bmo", "revenue": null, "revenueEstimated": null, "fiscalDateEnding": "2019-09-30", "updatedFromDate": "2023-05-17"}, {"date": "2019-10-25", "symbol": "EXM.BR", "eps": null, "epsEstimated": null, "time": "bmo", "revenue": null, "revenueEstimated": null, "fiscalDateEnding": "2019-07-25", "updatedFromDate": "2023-08-16"}, {"date": "2019-10-25", "symbol": "XIOR.BR", "eps": null, "epsEstimated": null, "time": "bmo", "revenue": null, "revenueEstimated": null, "fiscalDateEnding": "2019-09-30", "updatedFromDate": "2023-08-25"}, {"date": "2019-10-25", "symbol": "603085.SS", "eps": -0.01726, "epsEstimated": null, "time": "bmo", "revenue": 324477835.83, "revenueEstimated": null, "fiscalDateEnding": "2019-09-29", "updatedFromDate": "2023-05-17"}, {"date": "2019-10-25", "symbol": "002648.SZ", "eps": 0.24, "epsEstimated": 0.21, "time": "bmo", "revenue": 2862716177.62, "revenueEstimated": null, "fiscalDateEnding": "2019-09-30", "updatedFromDate": "2023-08-17"}, {"date": "2019-10-25", "symbol": "SWEC-B.ST", "eps": 0.82, "epsEstimated": 0.65, "time": "bmo", "revenue": 5691000000, "revenueEstimated": null, "fiscalDateEnding": "2019-07-25", "updatedFromDate": "2023-05-17"}, {"date": "2019-10-25", "symbol": "3105.TWO", "eps": 3.9, "epsEstimated": 3.11, "time": "bmo", "revenue": 6403619000, "revenueEstimated": null, "fiscalDateEnding": "2019-09-29", "updatedFromDate": "2023-05-17"}, {"date": "2019-10-25", "symbol": "SCHB.OL", "eps": 1.43, "epsEstimated": 1.55, "time": "bmo", "revenue": null, "revenueEstimated": null, "fiscalDateEnding": "2019-09-30", "updatedFromDate": "2023-08-16"}, {"date": "2019-10-25", "symbol": "3504.TW", "eps": 0.12, "epsEstimated": null, "time": "bmo", "revenue": 1208440000, "revenueEstimated": null, "fiscalDateEnding": "2019-09-29", "updatedFromDate": "2023-08-16"}, {"date": "2019-10-25", "symbol": "000951.SZ", "eps": 0.1929, "epsEstimated": null, "time": "bmo", "revenue": 6791116163.78, "revenueEstimated": null, "fiscalDateEnding": "2019-09-29", "updatedFromDate": "2023-08-16"}, {"date": "2019-10-25", "symbol": "BOR.OL", "eps": 1.44, "epsEstimated": 1, "time": "bmo", "revenue": 253304000, "revenueEstimated": null, "fiscalDateEnding": "2019-09-30", "updatedFromDate": "2023-08-25"}, {"date": "2019-10-25", "symbol": "GNRRF", "eps": null, "epsEstimated": null, "time": "bmo", "revenue": null, "revenueEstimated": null, "fiscalDateEnding": "2019-09-30", "updatedFromDate": "2023-05-17"}, {"date": "2019-10-25", "symbol": "G07.SI", "eps": 0.61, "epsEstimated": null, "time": "bmo", "revenue": 4647300000, "revenueEstimated": null, "fiscalDateEnding": "2019-07-25", "updatedFromDate": "2023-05-17"}, {"date": "2019-10-25", "symbol": "BUD", "eps": 1.22, "epsEstimated": 1.36, "time": "bmo", "revenue": 13172000000, "revenueEstimated": 15386761061, "fiscalDateEnding": "2019-09-30", "updatedFromDate": "2023-09-29"}, {"date": "2019-10-25", "symbol": "ANOD-B.ST", "eps": 0.93, "epsEstimated": 1.01, "time": "bmo", "revenue": 779000000, "revenueEstimated": null, "fiscalDateEnding": "2019-09-29", "updatedFromDate": "2023-05-17"}, {"date": "2019-10-25", "symbol": "002476.SZ", "eps": -0.0059, "epsEstimated": null, "time": "bmo", "revenue": 92332763.33, "revenueEstimated": null, "fiscalDateEnding": "2019-09-29", "updatedFromDate": "2023-05-17"}, {"date": "2019-10-25", "symbol": "FIBRAMQ12.MX", "eps": 0.93, "epsEstimated": 0.62, "time": "bmo", "revenue": null, "revenueEstimated": null, "fiscalDateEnding": "2019-09-30", "updatedFromDate": "2023-08-16"}, {"date": "2019-10-25", "symbol": "6955.T", "eps": 8.58, "epsEstimated": null, "time": "bmo", "revenue": 14256000000, "revenueEstimated": null, "fiscalDateEnding": "2019-07-25", "updatedFromDate": "2023-10-17"}, {"date": "2019-10-25", "symbol": "BILI-A.ST", "eps": 2.02, "epsEstimated": 1.57, "time": "bmo", "revenue": 6805000000, "revenueEstimated": null, "fiscalDateEnding": "2019-09-29", "updatedFromDate": "2023-05-17"}, {"date": "2019-10-25", "symbol": "603027.SS", "eps": 0.06357, "epsEstimated": null, "time": "bmo", "revenue": 335701703.13, "revenueEstimated": null, "fiscalDateEnding": "2019-09-29", "updatedFromDate": "2023-08-16"}, {"date": "2019-10-25", "symbol": "601398.SS", "eps": 0.24, "epsEstimated": 0.2, "time": "bmo", "revenue": 203521000000, "revenueEstimated": null, "fiscalDateEnding": "2019-09-29", "updatedFromDate": "2023-08-16"}, {"date": "2019-10-25", "symbol": "600697.SS", "eps": 0.45, "epsEstimated": null, "time": "bmo", "revenue": 3892494382.79, "revenueEstimated": null, "fiscalDateEnding": "2019-09-29", "updatedFromDate": "2023-05-17"}, {"date": "2019-10-25", "symbol": "LAMM-B.ST", "eps": 1.35, "epsEstimated": null, "time": "bmo", "revenue": 244800000, "revenueEstimated": null, "fiscalDateEnding": "2019-09-29", "updatedFromDate": "2023-05-17"}, {"date": "2019-10-25", "symbol": "USIM5.SA", "eps": -0.15, "epsEstimated": 0.08, "time": "bmo", "revenue": 3849794000, "revenueEstimated": null, "fiscalDateEnding": "2019-09-29", "updatedFromDate": "2023-05-17"}, {"date": "2019-10-25", "symbol": "002645.SZ", "eps": 0.0946, "epsEstimated": null, "time": "bmo", "revenue": 561839996.81, "revenueEstimated": null, "fiscalDateEnding": "2019-09-29", "updatedFromDate": "2023-05-17"}, {"date": "2019-10-25", "symbol": "011210.KS", "eps": 744, "epsEstimated": 603.04, "time": "bmo", "revenue": 1774943000000, "revenueEstimated": null, "fiscalDateEnding": "2019-09-29", "updatedFromDate": "2023-08-16"}, {"date": "2019-10-25", "symbol": "HELIO.ST", "eps": -0.24211, "epsEstimated": null, "time": "bmo", "revenue": 6002000, "revenueEstimated": null, "fiscalDateEnding": "2019-09-29", "updatedFromDate": "2023-05-17"}, {"date": "2019-10-25", "symbol": "601666.SS", "eps": 0.1069, "epsEstimated": null, "time": "bmo", "revenue": 5774018295.97, "revenueEstimated": null, "fiscalDateEnding": "2019-07-25", "updatedFromDate": "2023-05-17"}, {"date": "2019-10-25", "symbol": "008770.KS", "eps": 731, "epsEstimated": 1268.44, "time": "bmo", "revenue": 1475279989420, "revenueEstimated": null, "fiscalDateEnding": "2019-09-29", "updatedFromDate": "2023-05-17"}, {"date": "2019-10-25", "symbol": "300721.SZ", "eps": null, "epsEstimated": null, "time": "bmo", "revenue": null, "revenueEstimated": null, "fiscalDateEnding": "2019-09-30", "updatedFromDate": "2023-05-17"}, {"date": "2019-10-25", "symbol": "300014.SZ", "eps": 0.3577, "epsEstimated": null, "time": "bmo", "revenue": 2047475093.22, "revenueEstimated": null, "fiscalDateEnding": "2019-09-29", "updatedFromDate": "2023-08-16"}, {"date": "2019-10-25", "symbol": "LIGHT.AS", "eps": 0.83, "epsEstimated": 0.8, "time": "bmo", "revenue": 1542000000, "revenueEstimated": null, "fiscalDateEnding": "2019-09-30", "updatedFromDate": "2023-05-17"}, {"date": "2019-10-25", "symbol": "600073.SS", "eps": 0.022, "epsEstimated": null, "time": "bmo", "revenue": 4851013306.02, "revenueEstimated": null, "fiscalDateEnding": "2019-09-29", "updatedFromDate": "2023-05-17"}, {"date": "2019-10-25", "symbol": "PHJMF", "eps": 30, "epsEstimated": 33.98, "time": "bmo", "revenue": null, "revenueEstimated": null, "fiscalDateEnding": "2019-09-30", "updatedFromDate": "2023-05-17"}, {"date": "2019-10-25", "symbol": "9436.T", "eps": 47.43, "epsEstimated": null, "time": "bmo", "revenue": 17036000000, "revenueEstimated": null, "fiscalDateEnding": "2019-07-25", "updatedFromDate": "2023-10-17"}, {"date": "2019-10-25", "symbol": "OVBC", "eps": 0.45, "epsEstimated": null, "time": "bmo", "revenue": 12733000, "revenueEstimated": null, "fiscalDateEnding": "2019-09-29", "updatedFromDate": "2023-09-29"}, {"date": "2019-10-25", "symbol": "000560.SZ", "eps": 0.11, "epsEstimated": null, "time": "bmo", "revenue": 3005967021.22, "revenueEstimated": null, "fiscalDateEnding": "2019-09-29", "updatedFromDate": "2023-08-16"}, {"date": "2019-10-25", "symbol": "6161.T", "eps": null, "epsEstimated": null, "time": "bmo", "revenue": null, "revenueEstimated": null, "fiscalDateEnding": "2020-03-31", "updatedFromDate": "2023-05-17"}, {"date": "2019-10-25", "symbol": "002436.SZ", "eps": 0.06, "epsEstimated": null, "time": "bmo", "revenue": 985322210.7, "revenueEstimated": null, "fiscalDateEnding": "2019-09-29", "updatedFromDate": "2023-05-17"}, {"date": "2019-10-25", "symbol": "300681.SZ", "eps": null, "epsEstimated": null, "time": "bmo", "revenue": null, "revenueEstimated": null, "fiscalDateEnding": "2019-09-30", "updatedFromDate": "2023-05-17"}, {"date": "2019-10-25", "symbol": "002895.SZ", "eps": 0.09468, "epsEstimated": null, "time": "bmo", "revenue": 433044932.69, "revenueEstimated": null, "fiscalDateEnding": "2019-07-25", "updatedFromDate": "2023-05-17"}, {"date": "2019-10-25", "symbol": "3529.TWO", "eps": 1.61, "epsEstimated": 1.93, "time": "bmo", "revenue": 336587000, "revenueEstimated": null, "fiscalDateEnding": "2019-09-29", "updatedFromDate": "2023-05-17"}, {"date": "2019-10-25", "symbol": "QNBC", "eps": 0.88, "epsEstimated": null, "time": "amc", "revenue": 11326000, "revenueEstimated": null, "fiscalDateEnding": "2019-09-29", "updatedFromDate": "2023-09-29"}, {"date": "2019-10-25", "symbol": "B", "eps": 0.89, "epsEstimated": 0.79, "time": "bmo", "revenue": 372587000, "revenueEstimated": 330723292.1348315, "fiscalDateEnding": "2019-09-29", "updatedFromDate": "2023-09-29"}, {"date": "2019-10-25", "symbol": "300259.SZ", "eps": 0.07, "epsEstimated": null, "time": "bmo", "revenue": 309331875.62, "revenueEstimated": null, "fiscalDateEnding": "2019-09-29", "updatedFromDate": "2023-05-17"}, {"date": "2019-10-25", "symbol": "002322.SZ", "eps": 0.4395, "epsEstimated": null, "time": "bmo", "revenue": 444908643.07, "revenueEstimated": null, "fiscalDateEnding": "2019-12-30", "updatedFromDate": "2023-05-17"}, {"date": "2019-10-25", "symbol": "002560.SZ", "eps": 0.0518, "epsEstimated": null, "time": "bmo", "revenue": 345580371.75, "revenueEstimated": null, "fiscalDateEnding": "2019-09-29", "updatedFromDate": "2023-05-17"}, {"date": "2019-10-25", "symbol": "COCSF", "eps": 1.92, "epsEstimated": 1.52, "time": "bmo", "revenue": null, "revenueEstimated": null, "fiscalDateEnding": "2019-09-30", "updatedFromDate": "2023-05-17"}, {"date": "2019-10-25", "symbol": "SDIP-B.ST", "eps": 1.26, "epsEstimated": 0.96, "time": "bmo", "revenue": 441600000, "revenueEstimated": null, "fiscalDateEnding": "2019-09-29", "updatedFromDate": "2023-08-16"}, {"date": "2019-10-25", "symbol": "300177.SZ", "eps": null, "epsEstimated": null, "time": "bmo", "revenue": null, "revenueEstimated": null, "fiscalDateEnding": "2019-09-30", "updatedFromDate": "2023-05-31"}, {"date": "2019-10-25", "symbol": "600516.SS", "eps": 0.13, "epsEstimated": 0.09, "time": "bmo", "revenue": 1696460872.87, "revenueEstimated": null, "fiscalDateEnding": "2019-09-29", "updatedFromDate": "2023-08-16"}, {"date": "2019-10-25", "symbol": "NIL-B.ST", "eps": 1.23, "epsEstimated": 1.08, "time": "bmo", "revenue": 170788000, "revenueEstimated": null, "fiscalDateEnding": "2019-09-29", "updatedFromDate": "2023-08-16"}, {"date": "2019-10-25", "symbol": "CVEO", "eps": 0.24, "epsEstimated": 0.24, "time": "bmo", "revenue": 148163000, "revenueEstimated": 148163000, "fiscalDateEnding": "2019-09-29", "updatedFromDate": "2023-09-29"}, {"date": "2019-10-25", "symbol": "DIOS.ST", "eps": 1.26, "epsEstimated": 1.86, "time": "bmo", "revenue": null, "revenueEstimated": null, "fiscalDateEnding": "2019-09-30", "updatedFromDate": "2023-05-17"}, {"date": "2019-10-25", "symbol": "600897.SS", "eps": 0.46, "epsEstimated": 0.39, "time": "bmo", "revenue": 443426367.82, "revenueEstimated": null, "fiscalDateEnding": "2019-09-29", "updatedFromDate": "2023-05-17"}, {"date": "2019-10-25", "symbol": "300759.SZ", "eps": 0.2545, "epsEstimated": null, "time": "bmo", "revenue": 989973546.5, "revenueEstimated": null, "fiscalDateEnding": "2019-09-29", "updatedFromDate": "2023-05-17"}, {"date": "2019-10-25", "symbol": "600236.SS", "eps": 0.09, "epsEstimated": 0.1, "time": "bmo", "revenue": 2452814632.61, "revenueEstimated": null, "fiscalDateEnding": "2019-09-29", "updatedFromDate": "2023-05-17"}, {"date": "2019-10-25", "symbol": "ESSITY-A.ST", "eps": 4.17, "epsEstimated": 3.71, "time": "bmo", "revenue": 32565000000, "revenueEstimated": null, "fiscalDateEnding": "2019-09-30", "updatedFromDate": "2023-05-17"}, {"date": "2019-10-25", "symbol": "603727.SS", "eps": 0.06, "epsEstimated": null, "time": "bmo", "revenue": 269295930.77, "revenueEstimated": null, "fiscalDateEnding": "2019-09-29", "updatedFromDate": "2023-05-17"}, {"date": "2019-10-25", "symbol": "PROT.OL", "eps": -0.07, "epsEstimated": 0.93, "time": "bmo", "revenue": null, "revenueEstimated": null, "fiscalDateEnding": "2019-09-30", "updatedFromDate": "2023-05-17"}, {"date": "2019-10-25", "symbol": "LIME.ST", "eps": 0.91, "epsEstimated": null, "time": "bmo", "revenue": 68105000, "revenueEstimated": null, "fiscalDateEnding": "2019-09-30", "updatedFromDate": "2023-08-17"}, {"date": "2019-10-25", "symbol": "002397.SZ", "eps": 0.0193, "epsEstimated": null, "time": "bmo", "revenue": 537841417.02, "revenueEstimated": null, "fiscalDateEnding": "2019-09-29", "updatedFromDate": "2023-05-17"}, {"date": "2019-10-25", "symbol": "1922.HK", "eps": null, "epsEstimated": null, "time": "bmo", "revenue": null, "revenueEstimated": null, "fiscalDateEnding": "2019-07-25", "updatedFromDate": "2023-10-16"}, {"date": "2019-10-25", "symbol": "300127.SZ", "eps": null, "epsEstimated": null, "time": "bmo", "revenue": null, "revenueEstimated": null, "fiscalDateEnding": "2019-09-30", "updatedFromDate": "2023-05-31"}, {"date": "2019-10-25", "symbol": "002599.SZ", "eps": 0.06, "epsEstimated": 0.09, "time": "bmo", "revenue": 528139270.48, "revenueEstimated": null, "fiscalDateEnding": "2019-09-29", "updatedFromDate": "2023-05-17"}, {"date": "2019-10-25", "symbol": "002333.SZ", "eps": -0.0317, "epsEstimated": null, "time": "bmo", "revenue": 178811829.08, "revenueEstimated": null, "fiscalDateEnding": "2019-09-29", "updatedFromDate": "2023-05-17"}, {"date": "2019-10-25", "symbol": "601233.SS", "eps": 0.53, "epsEstimated": 0.35, "time": "bmo", "revenue": 12607062600.25, "revenueEstimated": null, "fiscalDateEnding": "2019-09-29", "updatedFromDate": "2023-08-16"}, {"date": "2019-10-25", "symbol": "BEN", "eps": 0.61, "epsEstimated": 0.64, "time": "bmo", "revenue": 1452500000, "revenueEstimated": 1523934426.2295082, "fiscalDateEnding": "2019-09-29", "updatedFromDate": "2023-09-29"}, {"date": "2019-10-25", "symbol": "603566.SS", "eps": 0.09089, "epsEstimated": null, "time": "bmo", "revenue": 151357226.59, "revenueEstimated": null, "fiscalDateEnding": "2019-09-29", "updatedFromDate": "2023-05-17"}, {"date": "2019-10-25", "symbol": "SPOL.OL", "eps": 4.5, "epsEstimated": 2.38, "time": "bmo", "revenue": 1007000000, "revenueEstimated": null, "fiscalDateEnding": "2019-09-29", "updatedFromDate": "2023-05-17"}, {"date": "2019-10-25", "symbol": "PLAZ-B.ST", "eps": 0.56, "epsEstimated": 1.29, "time": "bmo", "revenue": 289000000, "revenueEstimated": null, "fiscalDateEnding": "2019-09-29", "updatedFromDate": "2023-05-17"}, {"date": "2019-10-25", "symbol": "ALPLA.PA", "eps": null, "epsEstimated": null, "time": "bmo", "revenue": null, "revenueEstimated": null, "fiscalDateEnding": "2019-07-25", "updatedFromDate": "2023-05-17"}, {"date": "2019-10-25", "symbol": "300602.SZ", "eps": null, "epsEstimated": null, "time": "bmo", "revenue": null, "revenueEstimated": null, "fiscalDateEnding": "2019-09-30", "updatedFromDate": "2023-05-17"}, {"date": "2019-10-25", "symbol": "8285.T", "eps": -1.62414, "epsEstimated": null, "time": "bmo", "revenue": 14672000000, "revenueEstimated": null, "fiscalDateEnding": "2019-07-25", "updatedFromDate": "2023-10-17"}, {"date": "2019-10-25", "symbol": "300373.SZ", "eps": 0.14, "epsEstimated": 0.16, "time": "bmo", "revenue": 519498297.53, "revenueEstimated": null, "fiscalDateEnding": "2019-09-29", "updatedFromDate": "2023-05-17"}, {"date": "2019-10-25", "symbol": "VTR", "eps": 0.23, "epsEstimated": 0.32, "time": "bmo", "revenue": 983155000, "revenueEstimated": 1367867826.0869565, "fiscalDateEnding": "2019-09-29", "updatedFromDate": "2023-09-29"}, {"date": "2019-10-25", "symbol": "KIND-SDB.ST", "eps": 7.9, "epsEstimated": 6.9, "time": "bmo", "revenue": 236200000, "revenueEstimated": null, "fiscalDateEnding": "2019-07-25", "updatedFromDate": "2023-05-17"}, {"date": "2019-10-25", "symbol": "064350.KS", "eps": -1380, "epsEstimated": 113, "time": "bmo", "revenue": 637248253000, "revenueEstimated": null, "fiscalDateEnding": "2019-09-29", "updatedFromDate": "2023-05-17"}, {"date": "2019-10-25", "symbol": "4307.T", "eps": 40.33, "epsEstimated": 18.1, "time": "bmo", "revenue": 131154000000, "revenueEstimated": null, "fiscalDateEnding": "2019-07-25", "updatedFromDate": "2023-10-17"}, {"date": "2019-10-25", "symbol": "300066.SZ", "eps": null, "epsEstimated": null, "time": "bmo", "revenue": null, "revenueEstimated": null, "fiscalDateEnding": "2019-09-30", "updatedFromDate": "2023-05-31"}, {"date": "2019-10-25", "symbol": "KEX", "eps": 0.8, "epsEstimated": 0.72, "time": "bmo", "revenue": 666809000, "revenueEstimated": 600128100, "fiscalDateEnding": "2019-09-29", "updatedFromDate": "2023-09-29"}, {"date": "2019-10-25", "symbol": "002258.SZ", "eps": 0.1428, "epsEstimated": null, "time": "bmo", "revenue": 971747720.57, "revenueEstimated": null, "fiscalDateEnding": "2019-09-29", "updatedFromDate": "2023-05-17"}, {"date": "2019-10-25", "symbol": "002701.SZ", "eps": 0.0861, "epsEstimated": null, "time": "bmo", "revenue": 2311291776, "revenueEstimated": null, "fiscalDateEnding": "2019-09-29", "updatedFromDate": "2023-05-17"}, {"date": "2019-10-25", "symbol": "002608.SZ", "eps": 0.12, "epsEstimated": null, "time": "bmo", "revenue": 5216384871.63, "revenueEstimated": null, "fiscalDateEnding": "2019-09-29", "updatedFromDate": "2023-05-17"}, {"date": "2019-10-25", "symbol": "HBPCF", "eps": -0.02, "epsEstimated": null, "time": "bmo", "revenue": null, "revenueEstimated": null, "fiscalDateEnding": "2019-12-31", "updatedFromDate": "2023-09-29"}, {"date": "2019-10-25", "symbol": "ITECH.ST", "eps": -0.03451, "epsEstimated": null, "time": "bmo", "revenue": 12238000, "revenueEstimated": null, "fiscalDateEnding": "2019-09-29", "updatedFromDate": "2023-05-17"}, {"date": "2019-10-25", "symbol": "FBAK", "eps": 4.68, "epsEstimated": null, "time": "amc", "revenue": 41057000, "revenueEstimated": null, "fiscalDateEnding": "2019-09-30", "updatedFromDate": "2023-09-29"}, {"date": "2019-10-25", "symbol": "002830.SZ", "eps": 0.03, "epsEstimated": null, "time": "bmo", "revenue": 224079040.08, "revenueEstimated": null, "fiscalDateEnding": "2019-09-29", "updatedFromDate": "2023-05-17"}, {"date": "2019-10-25", "symbol": "002520.SZ", "eps": 0.03, "epsEstimated": null, "time": "bmo", "revenue": 522926741.94, "revenueEstimated": null, "fiscalDateEnding": "2019-09-29", "updatedFromDate": "2023-05-17"}, {"date": "2019-10-25", "symbol": "600096.SS", "eps": 0.0055, "epsEstimated": null, "time": "bmo", "revenue": 12682757592.47, "revenueEstimated": null, "fiscalDateEnding": "2019-09-29", "updatedFromDate": "2023-05-17"}, {"date": "2019-10-25", "symbol": "300642.SZ", "eps": null, "epsEstimated": null, "time": "bmo", "revenue": null, "revenueEstimated": null, "fiscalDateEnding": "2019-09-30", "updatedFromDate": "2023-05-17"}, {"date": "2019-10-25", "symbol": "300054.SZ", "eps": 0.04, "epsEstimated": null, "time": "bmo", "revenue": null, "revenueEstimated": null, "fiscalDateEnding": "2019-09-30", "updatedFromDate": "2023-05-31"}, {"date": "2019-10-25", "symbol": "300045.SZ", "eps": null, "epsEstimated": null, "time": "bmo", "revenue": null, "revenueEstimated": null, "fiscalDateEnding": "2019-09-30", "updatedFromDate": "2023-05-31"}, {"date": "2019-10-25", "symbol": "100120.KQ", "eps": null, "epsEstimated": null, "time": "bmo", "revenue": null, "revenueEstimated": null, "fiscalDateEnding": "2019-09-30", "updatedFromDate": "2023-05-17"}, {"date": "2019-10-25", "symbol": "YNDX", "eps": 0.32, "epsEstimated": 0.35, "time": "bmo", "revenue": 45014000000, "revenueEstimated": 50525470243.90244, "fiscalDateEnding": "2019-09-29", "updatedFromDate": "2023-09-29"}, {"date": "2019-10-25", "symbol": "002202.SZ", "eps": 0.09, "epsEstimated": 0.15, "time": "bmo", "revenue": 9001689440.13, "revenueEstimated": null, "fiscalDateEnding": "2019-09-29", "updatedFromDate": "2023-05-17"}, {"date": "2019-10-25", "symbol": "000722.SZ", "eps": 0.11, "epsEstimated": null, "time": "bmo", "revenue": 53377005.1, "revenueEstimated": null, "fiscalDateEnding": "2019-09-29", "updatedFromDate": "2023-05-17"}, {"date": "2019-10-25", "symbol": "ENI.MI", "eps": 0.22, "epsEstimated": 0.22, "time": "bmo", "revenue": 16686000000, "revenueEstimated": null, "fiscalDateEnding": "2019-09-29", "updatedFromDate": "2023-05-17"}, {"date": "2019-10-25", "symbol": "PRIC-B.ST", "eps": 0.2428, "epsEstimated": null, "time": "bmo", "revenue": 232500000, "revenueEstimated": null, "fiscalDateEnding": "2019-09-30", "updatedFromDate": "2023-08-17"}, {"date": "2019-10-25", "symbol": "006220.KS", "eps": 217.13, "epsEstimated": null, "time": "bmo", "revenue": 37356000000, "revenueEstimated": null, "fiscalDateEnding": "2019-12-30", "updatedFromDate": "2023-05-17"}, {"date": "2019-10-25", "symbol": "600426.SS", "eps": 0.28, "epsEstimated": null, "time": "bmo", "revenue": 3534952403.18, "revenueEstimated": null, "fiscalDateEnding": "2019-09-29", "updatedFromDate": "2023-05-17"}, {"date": "2019-10-25", "symbol": "MOMENT.ST", "eps": -0.16, "epsEstimated": -0.08, "time": "bmo", "revenue": 146000000, "revenueEstimated": null, "fiscalDateEnding": "2019-09-29", "updatedFromDate": "2023-08-16"}, {"date": "2019-10-25", "symbol": "AU8U.SI", "eps": 0.03832, "epsEstimated": null, "time": "bmo", "revenue": 238185000, "revenueEstimated": null, "fiscalDateEnding": "2019-07-25", "updatedFromDate": "2023-08-16"}, {"date": "2019-10-25", "symbol": "000915.SZ", "eps": 0.28, "epsEstimated": null, "time": "bmo", "revenue": 503603266.85, "revenueEstimated": null, "fiscalDateEnding": "2019-09-29", "updatedFromDate": "2023-05-17"}, {"date": "2019-10-25", "symbol": "601992.SS", "eps": 0.06, "epsEstimated": null, "time": "bmo", "revenue": 22752759882.22, "revenueEstimated": null, "fiscalDateEnding": "2019-09-29", "updatedFromDate": "2023-05-17"}, {"date": "2019-10-25", "symbol": "ABI.BR", "eps": 0.94, "epsEstimated": 1.28, "time": "bmo", "revenue": 13172000000, "revenueEstimated": null, "fiscalDateEnding": "2019-09-29", "updatedFromDate": "2023-05-17"}, {"date": "2019-10-25", "symbol": "SWMAF", "eps": 0.7, "epsEstimated": 0.64, "time": "bmo", "revenue": null, "revenueEstimated": null, "fiscalDateEnding": "2019-09-30", "updatedFromDate": "2023-05-17"}, {"date": "2019-10-25", "symbol": "300369.SZ", "eps": 0.0403, "epsEstimated": null, "time": "bmo", "revenue": 344480502.99, "revenueEstimated": null, "fiscalDateEnding": "2019-09-29", "updatedFromDate": "2023-05-17"}, {"date": "2019-10-25", "symbol": "ACCON.ST", "eps": -0.8, "epsEstimated": -0.81, "time": "bmo", "revenue": 1693000, "revenueEstimated": null, "fiscalDateEnding": "2019-09-30", "updatedFromDate": "2023-08-17"}, {"date": "2019-10-25", "symbol": "600171.SS", "eps": 0.039, "epsEstimated": null, "time": "bmo", "revenue": 248924116.05, "revenueEstimated": null, "fiscalDateEnding": "2019-09-29", "updatedFromDate": "2023-05-17"}, {"date": "2019-10-25", "symbol": "9039.T", "eps": 137.25, "epsEstimated": null, "time": "bmo", "revenue": 25766000000, "revenueEstimated": null, "fiscalDateEnding": "2019-07-25", "updatedFromDate": "2023-10-17"}, {"date": "2019-10-25", "symbol": "BCTF", "eps": 0.15, "epsEstimated": null, "time": "bmo", "revenue": 3738420, "revenueEstimated": null, "fiscalDateEnding": "2019-07-25", "updatedFromDate": "2023-09-29"}, {"date": "2019-10-25", "symbol": "300674.SZ", "eps": null, "epsEstimated": null, "time": "bmo", "revenue": null, "revenueEstimated": null, "fiscalDateEnding": "2019-09-30", "updatedFromDate": "2023-08-16"}, {"date": "2019-10-25", "symbol": "XMR.ST", "eps": -0.32202, "epsEstimated": null, "time": "bmo", "revenue": 2686000, "revenueEstimated": null, "fiscalDateEnding": "2019-09-29", "updatedFromDate": "2023-08-16"}, {"date": "2019-10-25", "symbol": "603516.SS", "eps": 0.2071, "epsEstimated": null, "time": "bmo", "revenue": 102285661.24, "revenueEstimated": null, "fiscalDateEnding": "2019-09-29", "updatedFromDate": "2023-05-17"}, {"date": "2019-10-25", "symbol": "4290.T", "eps": 5.52, "epsEstimated": null, "time": "bmo", "revenue": 9473184000, "revenueEstimated": null, "fiscalDateEnding": "2019-07-25", "updatedFromDate": "2023-10-17"}, {"date": "2019-10-25", "symbol": "002818.SZ", "eps": 0.2666, "epsEstimated": null, "time": "bmo", "revenue": 456584698.97, "revenueEstimated": null, "fiscalDateEnding": "2019-07-25", "updatedFromDate": "2023-05-17"}, {"date": "2019-10-25", "symbol": "ROCK", "eps": 0.95, "epsEstimated": 0.86, "time": "bmo", "revenue": 299236000, "revenueEstimated": 270887326.31578946, "fiscalDateEnding": "2019-09-29", "updatedFromDate": "2023-09-29"}, {"date": "2019-10-25", "symbol": "ICO.ST", "eps": -0.26092, "epsEstimated": null, "time": "bmo", "revenue": 3474000, "revenueEstimated": null, "fiscalDateEnding": "2019-09-29", "updatedFromDate": "2023-05-17"}, {"date": "2019-10-25", "symbol": "VERK.HE", "eps": 0.07, "epsEstimated": 0.05, "time": "bmo", "revenue": 120560000, "revenueEstimated": null, "fiscalDateEnding": "2019-09-29", "updatedFromDate": "2023-05-17"}, {"date": "2019-10-25", "symbol": "601229.SS", "eps": 0.4, "epsEstimated": null, "time": "bmo", "revenue": 12731404000, "revenueEstimated": null, "fiscalDateEnding": "2019-09-29", "updatedFromDate": "2023-05-17"}, {"date": "2019-10-25", "symbol": "2413.T", "eps": 7.24, "epsEstimated": 7.14, "time": "bmo", "revenue": 35478000000, "revenueEstimated": null, "fiscalDateEnding": "2019-07-25", "updatedFromDate": "2023-10-17"}, {"date": "2019-10-25", "symbol": "SORIANAB.MX", "eps": 0.3, "epsEstimated": 0.38, "time": "bmo", "revenue": null, "revenueEstimated": null, "fiscalDateEnding": "2019-09-30", "updatedFromDate": "2023-05-31"}, {"date": "2019-10-25", "symbol": "XIORF", "eps": null, "epsEstimated": null, "time": "bmo", "revenue": null, "revenueEstimated": null, "fiscalDateEnding": "2019-09-30", "updatedFromDate": "2023-08-16"}, {"date": "2019-10-25", "symbol": "MEDICAB.MX", "eps": null, "epsEstimated": null, "time": "bmo", "revenue": null, "revenueEstimated": null, "fiscalDateEnding": "2019-09-30", "updatedFromDate": "2023-05-31"}, {"date": "2019-10-25", "symbol": "TTM", "eps": null, "epsEstimated": null, "time": "bmo", "revenue": null, "revenueEstimated": null, "fiscalDateEnding": "2019-09-29", "updatedFromDate": "2023-05-17"}, {"date": "2019-10-25", "symbol": "6210.T", "eps": -12.67596, "epsEstimated": null, "time": "bmo", "revenue": 4607000000, "revenueEstimated": null, "fiscalDateEnding": "2019-07-25", "updatedFromDate": "2023-10-17"}, {"date": "2019-10-25", "symbol": "603839.SS", "eps": 0.22, "epsEstimated": null, "time": "bmo", "revenue": 666565376.94, "revenueEstimated": null, "fiscalDateEnding": "2019-09-29", "updatedFromDate": "2023-05-17"}, {"date": "2019-10-25", "symbol": "8566.T", "eps": 70.24, "epsEstimated": null, "time": "bmo", "revenue": 91250000000, "revenueEstimated": null, "fiscalDateEnding": "2019-07-25", "updatedFromDate": "2023-10-17"}, {"date": "2019-10-25", "symbol": "603535.SS", "eps": 0.2446, "epsEstimated": null, "time": "bmo", "revenue": 320297005.45, "revenueEstimated": null, "fiscalDateEnding": "2019-09-29", "updatedFromDate": "2023-05-17"}, {"date": "2019-10-25", "symbol": "600125.SS", "eps": 0.09, "epsEstimated": 0.09, "time": "bmo", "revenue": 4308606304.6, "revenueEstimated": null, "fiscalDateEnding": "2019-09-30", "updatedFromDate": "2023-08-25"}, {"date": "2019-10-25", "symbol": "ESQ", "eps": 0.49, "epsEstimated": 0.47, "time": "bmo", "revenue": 12016000, "revenueEstimated": 11723142.857142856, "fiscalDateEnding": "2019-07-25", "updatedFromDate": "2023-10-10"}, {"date": "2019-10-25", "symbol": "600327.SS", "eps": -0.02279, "epsEstimated": null, "time": "bmo", "revenue": 2511625570.31, "revenueEstimated": null, "fiscalDateEnding": "2019-12-30", "updatedFromDate": "2023-05-17"}, {"date": "2019-10-25", "symbol": "IVSO.ST", "eps": 0.37, "epsEstimated": 0.64, "time": "bmo", "revenue": 109200000, "revenueEstimated": null, "fiscalDateEnding": "2019-09-29", "updatedFromDate": "2023-05-17"}, {"date": "2019-10-25", "symbol": "024110.KS", "eps": 527, "epsEstimated": 735.21, "time": "bmo", "revenue": 2838430000000, "revenueEstimated": null, "fiscalDateEnding": "2019-07-25", "updatedFromDate": "2023-05-17"}, {"date": "2019-10-25", "symbol": "NEXJF", "eps": null, "epsEstimated": null, "time": "amc", "revenue": null, "revenueEstimated": null, "fiscalDateEnding": "2019-09-30", "updatedFromDate": "2023-05-17"}, {"date": "2019-10-25", "symbol": "603606.SS", "eps": 0.19, "epsEstimated": null, "time": "bmo", "revenue": 1077968624.1, "revenueEstimated": null, "fiscalDateEnding": "2019-09-29", "updatedFromDate": "2023-08-16"}, {"date": "2019-10-25", "symbol": "600449.SS", "eps": 0.7, "epsEstimated": null, "time": "bmo", "revenue": 1643539094.36, "revenueEstimated": null, "fiscalDateEnding": "2019-09-29", "updatedFromDate": "2023-05-17"}, {"date": "2019-10-25", "symbol": "SNOR.OL", "eps": 2.14, "epsEstimated": 2.21, "time": "bmo", "revenue": 104587000, "revenueEstimated": null, "fiscalDateEnding": "2019-09-29", "updatedFromDate": "2023-05-17"}, {"date": "2019-10-25", "symbol": "7466.T", "eps": 20.95, "epsEstimated": null, "time": "bmo", "revenue": 9445584000, "revenueEstimated": null, "fiscalDateEnding": "2019-07-25", "updatedFromDate": "2023-10-17"}, {"date": "2019-10-25", "symbol": "002330.SZ", "eps": 0.0025, "epsEstimated": null, "time": "bmo", "revenue": 681922001.32, "revenueEstimated": null, "fiscalDateEnding": "2019-07-25", "updatedFromDate": "2023-05-17"}, {"date": "2019-10-25", "symbol": "5015.T", "eps": 17.28, "epsEstimated": null, "time": "bmo", "revenue": 3086595000, "revenueEstimated": null, "fiscalDateEnding": "2019-09-29", "updatedFromDate": "2023-05-17"}, {"date": "2019-10-25", "symbol": "300332.SZ", "eps": 0.0064, "epsEstimated": null, "time": "bmo", "revenue": 348478620.51, "revenueEstimated": null, "fiscalDateEnding": "2019-09-29", "updatedFromDate": "2023-05-17"}, {"date": "2019-10-25", "symbol": "603357.SS", "eps": 0.09244, "epsEstimated": null, "time": "bmo", "revenue": 558574192.24, "revenueEstimated": null, "fiscalDateEnding": "2019-07-25", "updatedFromDate": "2023-05-17"}, {"date": "2019-10-25", "symbol": "SJR-B.TO", "eps": 0.32, "epsEstimated": 0.31, "time": "bmo", "revenue": 1345000000, "revenueEstimated": null, "fiscalDateEnding": "2019-08-30", "updatedFromDate": "2023-08-16"}, {"date": "2019-10-25", "symbol": "ONZBF", "eps": 0.3, "epsEstimated": 0.36, "time": "bmo", "revenue": null, "revenueEstimated": null, "fiscalDateEnding": "2019-09-30", "updatedFromDate": "2023-05-17"}]}