{"result": [{"date": "2018-12-27", "symbol": "HQI", "eps": 0.2301, "epsEstimated": null, "time": "amc", "revenue": 24436402, "revenueEstimated": null, "fiscalDateEnding": "2018-12-27", "updatedFromDate": "2023-09-29"}, {"date": "2018-12-27", "symbol": "MKO.V", "eps": -0.03548, "epsEstimated": null, "time": "bmo", "revenue": null, "revenueEstimated": null, "fiscalDateEnding": "2018-10-31", "updatedFromDate": "2023-10-16"}, {"date": "2018-12-27", "symbol": "EBOX.L", "eps": null, "epsEstimated": null, "time": "bmo", "revenue": null, "revenueEstimated": null, "fiscalDateEnding": "2018-12-31", "updatedFromDate": "2023-05-17"}, {"date": "2018-12-27", "symbol": "CSPI", "eps": -0.18, "epsEstimated": null, "time": "bmo", "revenue": 19638000, "revenueEstimated": null, "fiscalDateEnding": "2018-09-29", "updatedFromDate": "2023-09-29"}, {"date": "2018-12-27", "symbol": "3321.T", "eps": 32.07, "epsEstimated": null, "time": "bmo", "revenue": 8852831000, "revenueEstimated": null, "fiscalDateEnding": "2018-09-27", "updatedFromDate": "2023-10-16"}, {"date": "2018-12-27", "symbol": "JOB", "eps": -0.09, "epsEstimated": -0.16, "time": "bmo", "revenue": 39928000, "revenueEstimated": 42592000, "fiscalDateEnding": "2018-09-29", "updatedFromDate": "2023-09-29"}, {"date": "2018-12-27", "symbol": "BDL", "eps": 0.34, "epsEstimated": null, "time": "bmo", "revenue": 26995000, "revenueEstimated": null, "fiscalDateEnding": "2018-09-28", "updatedFromDate": "2023-09-29"}, {"date": "2018-12-27", "symbol": "AMYZF", "eps": -0.00489, "epsEstimated": null, "time": "bmo", "revenue": null, "revenueEstimated": null, "fiscalDateEnding": "2018-10-31", "updatedFromDate": "2023-08-25"}, {"date": "2018-12-27", "symbol": "9982.T", "eps": -130.75, "epsEstimated": null, "time": "bmo", "revenue": 13542000000, "revenueEstimated": null, "fiscalDateEnding": "2018-09-27", "updatedFromDate": "2023-10-16"}, {"date": "2018-12-27", "symbol": "MRUS", "eps": -0.55, "epsEstimated": -0.7, "time": "bmo", "revenue": 7552957.854495, "revenueEstimated": null, "fiscalDateEnding": "2018-09-30", "updatedFromDate": "2023-09-29"}, {"date": "2018-12-27", "symbol": "HSSHF", "eps": -0.8, "epsEstimated": null, "time": "bmo", "revenue": null, "revenueEstimated": null, "fiscalDateEnding": "2018-09-30", "updatedFromDate": "2023-05-17"}, {"date": "2018-12-27", "symbol": "8276.T", "eps": 32.85, "epsEstimated": null, "time": "bmo", "revenue": 109354000000, "revenueEstimated": null, "fiscalDateEnding": "2018-09-27", "updatedFromDate": "2023-10-17"}, {"date": "2018-12-27", "symbol": "8168.T", "eps": 17.65, "epsEstimated": null, "time": "bmo", "revenue": 27210000000, "revenueEstimated": null, "fiscalDateEnding": "2018-09-27", "updatedFromDate": "2023-10-17"}, {"date": "2018-12-27", "symbol": "LMRXF", "eps": -0.01, "epsEstimated": null, "time": "bmo", "revenue": null, "revenueEstimated": null, "fiscalDateEnding": "2018-09-30", "updatedFromDate": "2023-05-17"}, {"date": "2018-12-27", "symbol": "LAM.TO", "eps": -0.01, "epsEstimated": null, "time": "bmo", "revenue": null, "revenueEstimated": null, "fiscalDateEnding": "2018-09-29", "updatedFromDate": "2023-05-17"}, {"date": "2018-12-27", "symbol": "MNKPF", "eps": -43.86315, "epsEstimated": null, "time": "bmo", "revenue": 1371300000, "revenueEstimated": null, "fiscalDateEnding": "2018-12-27", "updatedFromDate": "2023-05-17"}, {"date": "2018-12-27", "symbol": "SPEC.ST", "eps": -0.04988, "epsEstimated": null, "time": "bmo", "revenue": null, "revenueEstimated": null, "fiscalDateEnding": "2018-12-30", "updatedFromDate": "2023-05-17"}, {"date": "2018-12-27", "symbol": "8166.T", "eps": -25.02362, "epsEstimated": null, "time": "bmo", "revenue": 4525449000, "revenueEstimated": null, "fiscalDateEnding": "2018-09-27", "updatedFromDate": "2023-10-17"}, {"date": "2018-12-27", "symbol": "4825.T", "eps": 44.63, "epsEstimated": null, "time": "bmo", "revenue": 4102222000, "revenueEstimated": null, "fiscalDateEnding": "2018-09-27", "updatedFromDate": "2023-10-17"}, {"date": "2018-12-27", "symbol": "DGHI", "eps": 2.4, "epsEstimated": null, "time": "bmo", "revenue": null, "revenueEstimated": null, "fiscalDateEnding": "2018-09-30", "updatedFromDate": "2023-09-29"}, {"date": "2018-12-27", "symbol": "6465.T", "eps": 118.01, "epsEstimated": 105.79, "time": "bmo", "revenue": 76778000000, "revenueEstimated": null, "fiscalDateEnding": "2018-09-29", "updatedFromDate": "2023-08-16"}, {"date": "2018-12-27", "symbol": "9843.T", "eps": 125.35, "epsEstimated": 157.42, "time": "bmo", "revenue": 154266000000, "revenueEstimated": null, "fiscalDateEnding": "2018-09-27", "updatedFromDate": "2023-10-17"}, {"date": "2018-12-27", "symbol": "7514.T", "eps": -14.85, "epsEstimated": null, "time": "bmo", "revenue": 15026000000, "revenueEstimated": null, "fiscalDateEnding": "2018-11-29", "updatedFromDate": "2023-05-17"}, {"date": "2018-12-27", "symbol": "IEHC", "eps": 0.3253, "epsEstimated": null, "time": "bmo", "revenue": 5977835, "revenueEstimated": null, "fiscalDateEnding": "2018-12-27", "updatedFromDate": "2023-05-17"}, {"date": "2018-12-27", "symbol": "3086.T", "eps": 23.57, "epsEstimated": 29.04, "time": "bmo", "revenue": 113181000000, "revenueEstimated": null, "fiscalDateEnding": "2018-09-27", "updatedFromDate": "2023-10-17"}, {"date": "2018-12-27", "symbol": "2484.T", "eps": 2.25, "epsEstimated": null, "time": "bmo", "revenue": 1433572000, "revenueEstimated": null, "fiscalDateEnding": "2018-11-29", "updatedFromDate": "2023-08-16"}, {"date": "2018-12-27", "symbol": "DGHI.V", "eps": -2.4, "epsEstimated": null, "time": "bmo", "revenue": null, "revenueEstimated": null, "fiscalDateEnding": "2018-09-30", "updatedFromDate": "2023-08-16"}, {"date": "2018-12-27", "symbol": "7921.T", "eps": 0.5, "epsEstimated": null, "time": "bmo", "revenue": 6462468000, "revenueEstimated": null, "fiscalDateEnding": "2018-09-27", "updatedFromDate": "2023-10-16"}, {"date": "2018-12-27", "symbol": "MAKOF", "eps": null, "epsEstimated": null, "time": "bmo", "revenue": null, "revenueEstimated": null, "fiscalDateEnding": "2018-09-27", "updatedFromDate": "2023-05-17"}, {"date": "2018-12-27", "symbol": "AMY.V", "eps": -0.00489, "epsEstimated": null, "time": "bmo", "revenue": null, "revenueEstimated": null, "fiscalDateEnding": "2018-10-31", "updatedFromDate": "2023-08-25"}, {"date": "2018-12-27", "symbol": "LIVE", "eps": 0.25, "epsEstimated": null, "time": "bmo", "revenue": 52423292, "revenueEstimated": null, "fiscalDateEnding": "2018-09-29", "updatedFromDate": "2023-09-29"}, {"date": "2018-12-27", "symbol": "TTAXF", "eps": null, "epsEstimated": null, "time": "bmo", "revenue": null, "revenueEstimated": null, "fiscalDateEnding": "2018-12-31", "updatedFromDate": "2023-05-17"}, {"date": "2018-12-27", "symbol": "3050.T", "eps": 24.6, "epsEstimated": null, "time": "bmo", "revenue": 112012000000, "revenueEstimated": null, "fiscalDateEnding": "2018-09-27", "updatedFromDate": "2023-10-16"}, {"date": "2018-12-27", "symbol": "CCARF", "eps": null, "epsEstimated": null, "time": "bmo", "revenue": null, "revenueEstimated": null, "fiscalDateEnding": "2019-03-31", "updatedFromDate": "2023-05-17"}, {"date": "2018-12-27", "symbol": "CAD.V", "eps": -0.00264, "epsEstimated": null, "time": "bmo", "revenue": null, "revenueEstimated": null, "fiscalDateEnding": "2018-10-31", "updatedFromDate": "2023-05-17"}, {"date": "2018-12-27", "symbol": "TKSHF", "eps": 15.2, "epsEstimated": null, "time": "bmo", "revenue": null, "revenueEstimated": null, "fiscalDateEnding": "2019-06-30", "updatedFromDate": "2023-05-17"}, {"date": "2018-12-28", "symbol": "IPATF", "eps": -0.1, "epsEstimated": -0.1, "time": "bmo", "revenue": null, "revenueEstimated": null, "fiscalDateEnding": "2018-09-30", "updatedFromDate": "2023-05-17"}, {"date": "2018-12-28", "symbol": "7803.T", "eps": 5.48, "epsEstimated": null, "time": "bmo", "revenue": 8652988000, "revenueEstimated": null, "fiscalDateEnding": "2018-09-28", "updatedFromDate": "2023-10-16"}, {"date": "2018-12-28", "symbol": "BLIN++++++++++", "eps": -0.22401, "epsEstimated": null, "time": "bmo", "revenue": 2803000, "revenueEstimated": null, "fiscalDateEnding": "2018-09-29", "updatedFromDate": "2023-08-16"}, {"date": "2018-12-28", "symbol": "JAN", "eps": -0.88329, "epsEstimated": null, "time": "bmo", "revenue": 9241000, "revenueEstimated": null, "fiscalDateEnding": "2018-12-28", "updatedFromDate": "2023-09-29"}, {"date": "2018-12-28", "symbol": "DIGP", "eps": -0.00642, "epsEstimated": null, "time": "bmo", "revenue": 616286, "revenueEstimated": null, "fiscalDateEnding": "2018-09-29", "updatedFromDate": "2023-09-29"}, {"date": "2018-12-28", "symbol": "8233.T", "eps": 15.2, "epsEstimated": null, "time": "bmo", "revenue": 229462000000, "revenueEstimated": null, "fiscalDateEnding": "2018-09-28", "updatedFromDate": "2023-10-17"}, {"date": "2018-12-28", "symbol": "7445.T", "eps": -25.49, "epsEstimated": null, "time": "bmo", "revenue": 17062000000, "revenueEstimated": null, "fiscalDateEnding": "2018-11-29", "updatedFromDate": "2023-05-17"}, {"date": "2018-12-28", "symbol": "TSNU", "eps": 1.51, "epsEstimated": 2.24, "time": "bmo", "revenue": 10193000000, "revenueEstimated": 10118158588, "fiscalDateEnding": "2018-12-28", "updatedFromDate": "2023-04-03"}, {"date": "2018-12-28", "symbol": "6083.T", "eps": 21.05, "epsEstimated": null, "time": "bmo", "revenue": 3687805000, "revenueEstimated": null, "fiscalDateEnding": "2018-09-28", "updatedFromDate": "2023-10-16"}, {"date": "2018-12-28", "symbol": "TCCO", "eps": -0.1338, "epsEstimated": null, "time": "amc", "revenue": 1112345, "revenueEstimated": null, "fiscalDateEnding": "2018-12-28", "updatedFromDate": "2023-09-29"}, {"date": "2018-12-28", "symbol": "INTV", "eps": -1.25, "epsEstimated": null, "time": "amc", "revenue": 115245, "revenueEstimated": null, "fiscalDateEnding": "2018-09-29", "updatedFromDate": "2023-10-16"}, {"date": "2018-12-28", "symbol": "2685.T", "eps": 77.27, "epsEstimated": 36.14, "time": "bmo", "revenue": 52691000000, "revenueEstimated": null, "fiscalDateEnding": "2018-09-28", "updatedFromDate": "2023-10-17"}, {"date": "2018-12-28", "symbol": "2742.T", "eps": 47.48, "epsEstimated": null, "time": "bmo", "revenue": 33991000000, "revenueEstimated": null, "fiscalDateEnding": "2018-09-28", "updatedFromDate": "2023-10-16"}, {"date": "2018-12-28", "symbol": "AEY", "eps": -0.38, "epsEstimated": null, "time": "bmo", "revenue": 11272286, "revenueEstimated": null, "fiscalDateEnding": "2018-09-28", "updatedFromDate": "2023-10-10"}, {"date": "2018-12-28", "symbol": "ENG", "eps": -0.11935, "epsEstimated": null, "time": "bmo", "revenue": 12682000, "revenueEstimated": null, "fiscalDateEnding": "2018-12-28", "updatedFromDate": "2023-09-29"}, {"date": "2018-12-28", "symbol": "SENEB", "eps": 1.46, "epsEstimated": null, "time": "bmo", "revenue": 372238000, "revenueEstimated": null, "fiscalDateEnding": "2018-12-28", "updatedFromDate": "2023-10-10"}, {"date": "2018-12-28", "symbol": "MOG-B", "eps": 1.25, "epsEstimated": null, "time": "bmo", "revenue": 679676000, "revenueEstimated": null, "fiscalDateEnding": "2018-12-28", "updatedFromDate": "2023-10-16"}, {"date": "2018-12-28", "symbol": "293940.KS", "eps": null, "epsEstimated": null, "time": "bmo", "revenue": null, "revenueEstimated": null, "fiscalDateEnding": "2018-09-28", "updatedFromDate": "2023-10-16"}, {"date": "2018-12-28", "symbol": "ROLLP", "eps": 0.00065, "epsEstimated": null, "time": "bmo", "revenue": 171453000, "revenueEstimated": null, "fiscalDateEnding": "2018-12-28", "updatedFromDate": "2023-10-10"}, {"date": "2018-12-28", "symbol": "ACBM", "eps": 0.00322, "epsEstimated": null, "time": "bmo", "revenue": 2406500, "revenueEstimated": null, "fiscalDateEnding": "2018-09-29", "updatedFromDate": "2023-05-17"}, {"date": "2018-12-28", "symbol": "BGF", "eps": 1.69, "epsEstimated": 1.69, "time": "bmo", "revenue": 458055000, "revenueEstimated": 458363272, "fiscalDateEnding": "2018-12-28", "updatedFromDate": "2023-04-03"}, {"date": "2018-12-28", "symbol": "9872.T", "eps": 21.95, "epsEstimated": null, "time": "bmo", "revenue": 14852607000, "revenueEstimated": null, "fiscalDateEnding": "2018-11-29", "updatedFromDate": "2023-05-17"}, {"date": "2018-12-28", "symbol": "ELLO", "eps": 0.14, "epsEstimated": null, "time": "bmo", "revenue": 5720000, "revenueEstimated": null, "fiscalDateEnding": "2018-09-30", "updatedFromDate": "2023-09-29"}, {"date": "2018-12-28", "symbol": "BLIN", "eps": -12, "epsEstimated": -1, "time": "amc", "revenue": 2803000, "revenueEstimated": null, "fiscalDateEnding": "2018-09-29", "updatedFromDate": "2023-09-29"}, {"date": "2018-12-28", "symbol": "IPA", "eps": -0.1, "epsEstimated": -0.1, "time": "bmo", "revenue": 2716099, "revenueEstimated": null, "fiscalDateEnding": "2019-04-30", "updatedFromDate": "2023-11-09"}, {"date": "2018-12-29", "symbol": "FATBB", "eps": -0.20473, "epsEstimated": null, "time": "bmo", "revenue": 5010000, "revenueEstimated": null, "fiscalDateEnding": "2018-12-29", "updatedFromDate": "2023-09-29"}, {"date": "2018-12-29", "symbol": "CEC", "eps": -0.83275, "epsEstimated": -0.51165, "time": "bmo", "revenue": 202858000, "revenueEstimated": 210245349, "fiscalDateEnding": "2018-12-29", "updatedFromDate": "2023-04-03"}, {"date": "2018-12-29", "symbol": "MNI", "eps": -3.51972, "epsEstimated": -4.67593, "time": "bmo", "revenue": 212955000, "revenueEstimated": 215437171, "fiscalDateEnding": "2018-12-29", "updatedFromDate": "2023-04-03"}, {"date": "2018-12-29", "symbol": "INSA", "eps": -49.5935, "epsEstimated": -74.02909, "time": "bmo", "revenue": 22785269000, "revenueEstimated": 23161630556, "fiscalDateEnding": "2018-12-29", "updatedFromDate": "2023-04-03"}, {"date": "2018-12-29", "symbol": "FATBW", "eps": -0.2452, "epsEstimated": null, "time": "bmo", "revenue": 5010000, "revenueEstimated": null, "fiscalDateEnding": "2018-12-29", "updatedFromDate": "2023-05-17"}, {"date": "2018-12-29", "symbol": "PRKA", "eps": -0.00021, "epsEstimated": null, "time": "amc", "revenue": 1016699, "revenueEstimated": null, "fiscalDateEnding": "2018-12-29", "updatedFromDate": "2023-05-17"}]}