{"result": [{"date": "2019-01-26", "symbol": "5DD.SI", "eps": null, "epsEstimated": null, "time": "bmo", "revenue": null, "revenueEstimated": null, "fiscalDateEnding": "2019-03-31", "updatedFromDate": "2023-05-17"}, {"date": "2019-01-27", "symbol": "002146.SZ", "eps": 0.872, "epsEstimated": null, "time": "bmo", "revenue": 25813896796.41, "revenueEstimated": null, "fiscalDateEnding": "2018-12-30", "updatedFromDate": "2023-05-17"}, {"date": "2019-01-27", "symbol": "FRIVF", "eps": null, "epsEstimated": null, "time": "bmo", "revenue": null, "revenueEstimated": null, "fiscalDateEnding": "2018-12-31", "updatedFromDate": "2023-05-17"}, {"date": "2019-01-27", "symbol": "JPAVF", "eps": 45.49, "epsEstimated": 33.01, "time": "bmo", "revenue": null, "revenueEstimated": 234168542.53682125, "fiscalDateEnding": "2019-06-30", "updatedFromDate": "2023-05-17"}, {"date": "2019-01-27", "symbol": "TKHCF", "eps": 17.13, "epsEstimated": null, "time": "bmo", "revenue": null, "revenueEstimated": null, "fiscalDateEnding": "2018-12-31", "updatedFromDate": "2023-05-17"}, {"date": "2019-01-27", "symbol": "603866.SS", "eps": 0.1945, "epsEstimated": null, "time": "bmo", "revenue": 1308804425.27, "revenueEstimated": null, "fiscalDateEnding": "2018-12-30", "updatedFromDate": "2023-05-17"}, {"date": "2019-01-27", "symbol": "7030.SR", "eps": 0.7, "epsEstimated": 0.019, "time": "bmo", "revenue": 2046243000, "revenueEstimated": null, "fiscalDateEnding": "2018-12-30", "updatedFromDate": "2023-05-17"}, {"date": "2019-01-27", "symbol": "ORXCF", "eps": 63.4, "epsEstimated": 67.18, "time": "bmo", "revenue": null, "revenueEstimated": null, "fiscalDateEnding": "2018-12-31", "updatedFromDate": "2023-05-17"}, {"date": "2019-01-27", "symbol": "UBOPF", "eps": null, "epsEstimated": null, "time": "bmo", "revenue": null, "revenueEstimated": null, "fiscalDateEnding": "2018-12-31", "updatedFromDate": "2023-05-17"}, {"date": "2019-01-27", "symbol": "PPERY", "eps": 148.36, "epsEstimated": null, "time": "bmo", "revenue": null, "revenueEstimated": null, "fiscalDateEnding": "2018-12-31", "updatedFromDate": "2023-05-17"}, {"date": "2019-01-27", "symbol": "DHBK.QA", "eps": -0.04, "epsEstimated": 0.06, "time": "bmo", "revenue": null, "revenueEstimated": null, "fiscalDateEnding": "2018-12-31", "updatedFromDate": "2023-08-16"}, {"date": "2019-01-27", "symbol": "FFLWF", "eps": null, "epsEstimated": null, "time": "bmo", "revenue": null, "revenueEstimated": null, "fiscalDateEnding": "2018-12-31", "updatedFromDate": "2023-08-16"}, {"date": "2019-01-27", "symbol": "TOEAF", "eps": 84.71, "epsEstimated": null, "time": "bmo", "revenue": null, "revenueEstimated": null, "fiscalDateEnding": "2019-06-30", "updatedFromDate": "2023-08-16"}, {"date": "2019-01-27", "symbol": "2010.SR", "eps": 1.08, "epsEstimated": 1.69, "time": "bmo", "revenue": 37369869000, "revenueEstimated": null, "fiscalDateEnding": "2018-10-27", "updatedFromDate": "2023-05-17"}, {"date": "2019-01-27", "symbol": "002841.SZ", "eps": 0.2392, "epsEstimated": null, "time": "bmo", "revenue": 4981264723.8, "revenueEstimated": null, "fiscalDateEnding": "2018-12-30", "updatedFromDate": "2023-08-16"}, {"date": "2019-01-27", "symbol": "2330.SR", "eps": 0.76, "epsEstimated": 0.93, "time": "bmo", "revenue": 749788000, "revenueEstimated": null, "fiscalDateEnding": "2018-12-30", "updatedFromDate": "2023-05-17"}, {"date": "2019-01-27", "symbol": "JSCPF", "eps": 49.84, "epsEstimated": 41.35, "time": "bmo", "revenue": 120648000000, "revenueEstimated": 103986205078, "fiscalDateEnding": "2018-10-27", "updatedFromDate": "2023-10-17"}, {"date": "2019-01-27", "symbol": "FAF.TO", "eps": -0.56714, "epsEstimated": null, "time": "bmo", "revenue": 11079660, "revenueEstimated": null, "fiscalDateEnding": "2018-10-27", "updatedFromDate": "2023-10-16"}, {"date": "2019-01-27", "symbol": "PPERF", "eps": 148.36, "epsEstimated": null, "time": "bmo", "revenue": null, "revenueEstimated": null, "fiscalDateEnding": "2018-12-31", "updatedFromDate": "2023-08-16"}, {"date": "2019-01-28", "symbol": "FBMS", "eps": 0.64, "epsEstimated": 0.63, "time": "bmo", "revenue": 31666000, "revenueEstimated": 27639677, "fiscalDateEnding": "2018-12-30", "updatedFromDate": "2023-09-29"}, {"date": "2019-01-28", "symbol": "TFAOF", "eps": null, "epsEstimated": null, "time": "bmo", "revenue": null, "revenueEstimated": null, "fiscalDateEnding": "2018-12-31", "updatedFromDate": "2023-05-17"}, {"date": "2019-01-28", "symbol": "BELE.ST", "eps": 0.4365, "epsEstimated": null, "time": "bmo", "revenue": 381188000, "revenueEstimated": null, "fiscalDateEnding": "2018-12-30", "updatedFromDate": "2023-08-17"}, {"date": "2019-01-28", "symbol": "TCFCP", "eps": 1.01, "epsEstimated": 0.98, "time": "bmo", "revenue": 369100000, "revenueEstimated": 8946138.613861386, "fiscalDateEnding": "2018-12-29", "updatedFromDate": "2023-05-17"}, {"date": "2019-01-28", "symbol": "APELF", "eps": 49.96, "epsEstimated": 69.04, "time": "bmo", "revenue": null, "revenueEstimated": null, "fiscalDateEnding": "2018-12-31", "updatedFromDate": "2023-05-17"}, {"date": "2019-01-28", "symbol": "WSBCP", "eps": 0.8, "epsEstimated": 0.75, "time": "bmo", "revenue": 122610000, "revenueEstimated": null, "fiscalDateEnding": "2018-12-30", "updatedFromDate": "2023-05-17"}, {"date": "2019-01-28", "symbol": "CBBI", "eps": 0.35, "epsEstimated": null, "time": "bmo", "revenue": 13506000, "revenueEstimated": null, "fiscalDateEnding": "2018-12-31", "updatedFromDate": "2023-09-29"}, {"date": "2019-01-28", "symbol": "FFLWD", "eps": null, "epsEstimated": null, "time": "bmo", "revenue": null, "revenueEstimated": null, "fiscalDateEnding": "2018-12-31", "updatedFromDate": "2023-05-17"}, {"date": "2019-01-28", "symbol": "ALTA", "eps": 0.56, "epsEstimated": 0.55, "time": "bmo", "revenue": 31625000, "revenueEstimated": 10479464.285714285, "fiscalDateEnding": "2018-12-30", "updatedFromDate": "2023-05-17"}, {"date": "2019-01-28", "symbol": "IX", "eps": 2.81, "epsEstimated": null, "time": "bmo", "revenue": 270330000000, "revenueEstimated": null, "fiscalDateEnding": "2018-12-31", "updatedFromDate": "2023-09-29"}, {"date": "2019-01-28", "symbol": "MSUXF", "eps": 16.39, "epsEstimated": 23.01, "time": "bmo", "revenue": 313337000000, "revenueEstimated": 33412934.71629042, "fiscalDateEnding": "2018-10-28", "updatedFromDate": "2023-10-16"}, {"date": "2019-01-28", "symbol": "SFDL", "eps": 0.5, "epsEstimated": null, "time": "bmo", "revenue": 9009000, "revenueEstimated": null, "fiscalDateEnding": "2018-12-30", "updatedFromDate": "2023-10-10"}, {"date": "2019-01-28", "symbol": "HMNF", "eps": 0.51, "epsEstimated": null, "time": "bmo", "revenue": 9095000, "revenueEstimated": null, "fiscalDateEnding": "2018-12-30", "updatedFromDate": "2023-09-29"}, {"date": "2019-01-28", "symbol": "ATCO-A.ST", "eps": 4.19, "epsEstimated": 3.26, "time": "bmo", "revenue": 25321000000, "revenueEstimated": null, "fiscalDateEnding": "2018-12-30", "updatedFromDate": "2023-05-17"}, {"date": "2019-01-28", "symbol": "2636.TW", "eps": 0.74, "epsEstimated": 0.74, "time": "bmo", "revenue": 3268012000, "revenueEstimated": null, "fiscalDateEnding": "2018-12-31", "updatedFromDate": "2023-08-25"}, {"date": "2019-01-28", "symbol": "OGI.TO", "eps": 0.2, "epsEstimated": 0.00909, "time": "bmo", "revenue": 12439000, "revenueEstimated": null, "fiscalDateEnding": "2018-11-30", "updatedFromDate": "2023-10-16"}, {"date": "2019-01-28", "symbol": "CCNE", "eps": 0.59, "epsEstimated": 0.59, "time": "bmo", "revenue": 31854000, "revenueEstimated": 31854000, "fiscalDateEnding": "2018-12-30", "updatedFromDate": "2023-09-29"}, {"date": "2019-01-28", "symbol": "MST.BK", "eps": 0.1398, "epsEstimated": null, "time": "bmo", "revenue": 522951000, "revenueEstimated": null, "fiscalDateEnding": "2018-12-31", "updatedFromDate": "2023-05-17"}, {"date": "2019-01-28", "symbol": "RBB", "eps": 0.54, "epsEstimated": 0.54, "time": "amc", "revenue": 31066000, "revenueEstimated": 29701000, "fiscalDateEnding": "2018-12-30", "updatedFromDate": "2023-09-29"}, {"date": "2019-01-28", "symbol": "SAPGF", "eps": 1.51, "epsEstimated": 1.54, "time": "bmo", "revenue": null, "revenueEstimated": 1254437.0860927154, "fiscalDateEnding": "2018-12-31", "updatedFromDate": "2023-05-17"}, {"date": "2019-01-28", "symbol": "6807.T", "eps": 45.49, "epsEstimated": 33.01, "time": "bmo", "revenue": 55581000000, "revenueEstimated": null, "fiscalDateEnding": "2018-10-28", "updatedFromDate": "2023-10-17"}, {"date": "2019-01-28", "symbol": "PRK", "eps": 1.67, "epsEstimated": 1.69, "time": "bmo", "revenue": 96522000, "revenueEstimated": 97677952.09580839, "fiscalDateEnding": "2018-12-30", "updatedFromDate": "2023-09-29"}, {"date": "2019-01-28", "symbol": "NTP", "eps": -0.05, "epsEstimated": null, "time": "bmo", "revenue": 486000, "revenueEstimated": null, "fiscalDateEnding": "2018-12-30", "updatedFromDate": "2023-09-29"}, {"date": "2019-01-28", "symbol": "GGG", "eps": 0.43, "epsEstimated": 0.43, "time": "amc", "revenue": 406438000, "revenueEstimated": 406438000, "fiscalDateEnding": "2018-12-27", "updatedFromDate": "2023-09-29"}, {"date": "2019-01-28", "symbol": "MTWTF", "eps": -5.4, "epsEstimated": null, "time": "bmo", "revenue": null, "revenueEstimated": null, "fiscalDateEnding": "2019-06-30", "updatedFromDate": "2023-05-17"}, {"date": "2019-01-28", "symbol": "ATTRF", "eps": 0.01, "epsEstimated": 0.01667, "time": "bmo", "revenue": null, "revenueEstimated": null, "fiscalDateEnding": "2018-12-31", "updatedFromDate": "2023-05-17"}, {"date": "2019-01-28", "symbol": "SANM", "eps": 0.83, "epsEstimated": 0.71, "time": "amc", "revenue": 2188018000, "revenueEstimated": 1871678048.192771, "fiscalDateEnding": "2018-12-28", "updatedFromDate": "2023-09-29"}, {"date": "2019-01-28", "symbol": "SDMHF", "eps": 0.64, "epsEstimated": 0.59, "time": "bmo", "revenue": null, "revenueEstimated": null, "fiscalDateEnding": "2018-12-31", "updatedFromDate": "2023-05-17"}, {"date": "2019-01-28", "symbol": "5612.T", "eps": -1122.17, "epsEstimated": null, "time": "bmo", "revenue": 3785000000, "revenueEstimated": null, "fiscalDateEnding": "2018-10-28", "updatedFromDate": "2023-10-17"}, {"date": "2019-01-28", "symbol": "PWOD", "eps": 0.59, "epsEstimated": null, "time": "bmo", "revenue": 15128000, "revenueEstimated": null, "fiscalDateEnding": "2018-12-30", "updatedFromDate": "2023-09-29"}, {"date": "2019-01-28", "symbol": "8591.T", "eps": 63.4, "epsEstimated": 67.18, "time": "bmo", "revenue": 336552000000, "revenueEstimated": null, "fiscalDateEnding": "2018-10-28", "updatedFromDate": "2023-10-17"}, {"date": "2019-01-28", "symbol": "PROV", "eps": 0.26, "epsEstimated": 0.23, "time": "bmo", "revenue": 13426000, "revenueEstimated": 11876846.153846154, "fiscalDateEnding": "2018-12-30", "updatedFromDate": "2023-09-29"}, {"date": "2019-01-28", "symbol": "CIOXY", "eps": 0.07, "epsEstimated": null, "time": "amc", "revenue": 11685839000, "revenueEstimated": null, "fiscalDateEnding": "2018-12-31", "updatedFromDate": "2023-09-29"}, {"date": "2019-01-28", "symbol": "QIIK.QA", "eps": 0.06, "epsEstimated": 0.11, "time": "bmo", "revenue": null, "revenueEstimated": null, "fiscalDateEnding": "2018-12-31", "updatedFromDate": "2023-05-17"}, {"date": "2019-01-28", "symbol": "HTLF", "eps": 0.93, "epsEstimated": 1, "time": "amc", "revenue": 137363000, "revenueEstimated": 147664516.12903225, "fiscalDateEnding": "2018-12-30", "updatedFromDate": "2023-09-29"}, {"date": "2019-01-28", "symbol": "SFBC", "eps": 0.53, "epsEstimated": null, "time": "bmo", "revenue": 8107000, "revenueEstimated": null, "fiscalDateEnding": "2018-12-30", "updatedFromDate": "2023-09-29"}, {"date": "2019-01-28", "symbol": "003670.KS", "eps": 502.16, "epsEstimated": 627.7, "time": "bmo", "revenue": 355326970000, "revenueEstimated": null, "fiscalDateEnding": "2018-10-28", "updatedFromDate": "2023-05-17"}, {"date": "2019-01-28", "symbol": "003000.KS", "eps": -58.89364, "epsEstimated": null, "time": "bmo", "revenue": 42172047400, "revenueEstimated": null, "fiscalDateEnding": "2018-12-31", "updatedFromDate": "2023-10-16"}, {"date": "2019-01-28", "symbol": "HSSHF", "eps": null, "epsEstimated": null, "time": "bmo", "revenue": null, "revenueEstimated": null, "fiscalDateEnding": "2018-12-31", "updatedFromDate": "2023-05-17"}, {"date": "2019-01-28", "symbol": "SSB", "eps": 1.35, "epsEstimated": 1.31, "time": "amc", "revenue": 161632000, "revenueEstimated": 157232992.5925926, "fiscalDateEnding": "2018-12-30", "updatedFromDate": "2023-09-29"}, {"date": "2019-01-28", "symbol": "SHECF", "eps": 195.28, "epsEstimated": 188.87, "time": "bmo", "revenue": null, "revenueEstimated": 12689340.43424826, "fiscalDateEnding": "2019-06-30", "updatedFromDate": "2023-05-17"}, {"date": "2019-01-28", "symbol": "006650.KS", "eps": 2848, "epsEstimated": 6316.4, "time": "bmo", "revenue": 516329214000, "revenueEstimated": null, "fiscalDateEnding": "2018-10-28", "updatedFromDate": "2023-05-17"}, {"date": "2019-01-28", "symbol": "002700.KS", "eps": -17.54654, "epsEstimated": null, "time": "bmo", "revenue": 17922586000, "revenueEstimated": null, "fiscalDateEnding": "2019-03-30", "updatedFromDate": "2023-05-17"}, {"date": "2019-01-28", "symbol": "300125.SZ", "eps": null, "epsEstimated": null, "time": "bmo", "revenue": null, "revenueEstimated": null, "fiscalDateEnding": "2018-12-31", "updatedFromDate": "2023-05-31"}, {"date": "2019-01-28", "symbol": "CR", "eps": 1.64, "epsEstimated": 1.53, "time": "amc", "revenue": 839700000, "revenueEstimated": 783378658.5365855, "fiscalDateEnding": "2018-12-30", "updatedFromDate": "2023-09-29"}, {"date": "2019-01-28", "symbol": "9782.T", "eps": 50.57, "epsEstimated": null, "time": "bmo", "revenue": null, "revenueEstimated": null, "fiscalDateEnding": "2018-12-31", "updatedFromDate": "2023-05-19"}, {"date": "2019-01-28", "symbol": "C2PU.SI", "eps": null, "epsEstimated": null, "time": "bmo", "revenue": null, "revenueEstimated": null, "fiscalDateEnding": "2018-12-31", "updatedFromDate": "2023-05-17"}, {"date": "2019-01-28", "symbol": "RYSVF", "eps": 48.61, "epsEstimated": null, "time": "bmo", "revenue": null, "revenueEstimated": null, "fiscalDateEnding": "2019-06-30", "updatedFromDate": "2023-05-17"}, {"date": "2019-01-28", "symbol": "043150.KQ", "eps": 206, "epsEstimated": 566.75, "time": "bmo", "revenue": null, "revenueEstimated": null, "fiscalDateEnding": "2018-12-31", "updatedFromDate": "2023-05-17"}, {"date": "2019-01-28", "symbol": "8628.T", "eps": 5.58, "epsEstimated": null, "time": "bmo", "revenue": 5238000000, "revenueEstimated": null, "fiscalDateEnding": "2018-10-28", "updatedFromDate": "2023-10-17"}, {"date": "2019-01-28", "symbol": "4816.T", "eps": 84.71, "epsEstimated": null, "time": "bmo", "revenue": 15075000000, "revenueEstimated": null, "fiscalDateEnding": "2018-10-28", "updatedFromDate": "2023-10-17"}, {"date": "2019-01-28", "symbol": "3635.T", "eps": 17.13, "epsEstimated": null, "time": "bmo", "revenue": 9336000000, "revenueEstimated": null, "fiscalDateEnding": "2018-10-28", "updatedFromDate": "2023-10-16"}, {"date": "2019-01-28", "symbol": "SWDBF", "eps": 4.09, "epsEstimated": 4.37, "time": "bmo", "revenue": null, "revenueEstimated": null, "fiscalDateEnding": "2018-12-31", "updatedFromDate": "2023-05-17"}, {"date": "2019-01-28", "symbol": "9663.T", "eps": 51.23, "epsEstimated": null, "time": "bmo", "revenue": 7602000000, "revenueEstimated": null, "fiscalDateEnding": "2018-10-28", "updatedFromDate": "2023-10-17"}, {"date": "2019-01-28", "symbol": "CVHIF", "eps": null, "epsEstimated": null, "time": "bmo", "revenue": null, "revenueEstimated": null, "fiscalDateEnding": "2019-06-30", "updatedFromDate": "2023-05-17"}, {"date": "2019-01-28", "symbol": "RGA", "eps": 3.46, "epsEstimated": 3.39, "time": "amc", "revenue": 3278518000, "revenueEstimated": 2912894774.566474, "fiscalDateEnding": "2018-12-30", "updatedFromDate": "2023-09-29"}, {"date": "2019-01-28", "symbol": "BOH", "eps": 1.3, "epsEstimated": 1.35, "time": "bmo", "revenue": 166081000, "revenueEstimated": 170817629, "fiscalDateEnding": "2018-12-30", "updatedFromDate": "2023-09-29"}, {"date": "2019-01-28", "symbol": "3157.T", "eps": 27.27, "epsEstimated": null, "time": "bmo", "revenue": 41960000000, "revenueEstimated": null, "fiscalDateEnding": "2018-10-28", "updatedFromDate": "2023-10-17"}, {"date": "2019-01-28", "symbol": "OSCUF", "eps": 20.79, "epsEstimated": 27.55, "time": "bmo", "revenue": 28958000000, "revenueEstimated": 15544083.694083694, "fiscalDateEnding": "2018-10-28", "updatedFromDate": "2023-10-17"}, {"date": "2019-01-28", "symbol": "CSRFF", "eps": null, "epsEstimated": null, "time": "bmo", "revenue": null, "revenueEstimated": null, "fiscalDateEnding": "2018-12-31", "updatedFromDate": "2023-05-17"}, {"date": "2019-01-28", "symbol": "AKS", "eps": 0.16, "epsEstimated": 0.11, "time": "bmo", "revenue": 1697700000, "revenueEstimated": 1153006250, "fiscalDateEnding": "2018-10-28", "updatedFromDate": "2023-05-17"}, {"date": "2019-01-28", "symbol": "NETI", "eps": 0.2, "epsEstimated": 1.34, "time": "bmo", "revenue": 65171000, "revenueEstimated": null, "fiscalDateEnding": "2018-12-31", "updatedFromDate": "2023-09-29"}, {"date": "2019-01-28", "symbol": "CAT", "eps": 2.55, "epsEstimated": 2.98, "time": "bmo", "revenue": 14342000000, "revenueEstimated": 16816698039.21569, "fiscalDateEnding": "2018-12-30", "updatedFromDate": "2023-09-29"}, {"date": "2019-01-28", "symbol": "OKCTF", "eps": 78.46, "epsEstimated": null, "time": "bmo", "revenue": null, "revenueEstimated": null, "fiscalDateEnding": "2019-06-30", "updatedFromDate": "2023-05-17"}, {"date": "2019-01-28", "symbol": "GABC", "eps": 0.53, "epsEstimated": 0.53, "time": "bmo", "revenue": 42716000, "revenueEstimated": 42716000, "fiscalDateEnding": "2018-12-30", "updatedFromDate": "2023-09-29"}, {"date": "2019-01-28", "symbol": "WSBC", "eps": 0.8, "epsEstimated": 0.75, "time": "amc", "revenue": 128328000, "revenueEstimated": 114435999, "fiscalDateEnding": "2018-12-30", "updatedFromDate": "2023-09-29"}, {"date": "2019-01-28", "symbol": "BMRC", "eps": 0.69, "epsEstimated": 0.61, "time": "bmo", "revenue": 26695000, "revenueEstimated": 23194016, "fiscalDateEnding": "2018-12-30", "updatedFromDate": "2023-09-29"}, {"date": "2019-01-28", "symbol": "SEMHF", "eps": 0.34, "epsEstimated": 0.37, "time": "bmo", "revenue": null, "revenueEstimated": null, "fiscalDateEnding": "2019-03-31", "updatedFromDate": "2023-05-17"}, {"date": "2019-01-28", "symbol": "PRKWF", "eps": null, "epsEstimated": null, "time": "bmo", "revenue": null, "revenueEstimated": null, "fiscalDateEnding": "2018-12-31", "updatedFromDate": "2023-05-17"}, {"date": "2019-01-28", "symbol": "PSBQ", "eps": 0.56, "epsEstimated": null, "time": "bmo", "revenue": 9212000, "revenueEstimated": null, "fiscalDateEnding": "2018-12-31", "updatedFromDate": "2023-09-29"}, {"date": "2019-01-28", "symbol": "JJSF", "eps": 0.88, "epsEstimated": 0.88, "time": "amc", "revenue": 271612000, "revenueEstimated": 271612000, "fiscalDateEnding": "2018-12-28", "updatedFromDate": "2023-09-29"}, {"date": "2019-01-28", "symbol": "NRIM", "eps": 0.69, "epsEstimated": 0.77, "time": "bmo", "revenue": 23855000, "revenueEstimated": 26333441, "fiscalDateEnding": "2018-12-30", "updatedFromDate": "2023-09-29"}, {"date": "2019-01-28", "symbol": "090350.KS", "eps": 14, "epsEstimated": null, "time": "bmo", "revenue": 154091024940, "revenueEstimated": null, "fiscalDateEnding": "2018-12-30", "updatedFromDate": "2023-05-17"}, {"date": "2019-01-28", "symbol": "FSBW", "eps": 0.62, "epsEstimated": 0.58, "time": "bmo", "revenue": 19265000, "revenueEstimated": 14575904, "fiscalDateEnding": "2018-12-30", "updatedFromDate": "2023-09-29"}, {"date": "2019-01-28", "symbol": "010950.KS", "eps": -2781, "epsEstimated": 2690.04, "time": "bmo", "revenue": 5426156000000, "revenueEstimated": null, "fiscalDateEnding": "2018-10-28", "updatedFromDate": "2023-05-17"}, {"date": "2019-01-28", "symbol": "7970.T", "eps": 21.97, "epsEstimated": null, "time": "bmo", "revenue": 20848000000, "revenueEstimated": null, "fiscalDateEnding": "2018-10-28", "updatedFromDate": "2023-10-17"}, {"date": "2019-01-28", "symbol": "OGI", "eps": 0.2, "epsEstimated": 0.00909, "time": "bmo", "revenue": 12439000, "revenueEstimated": null, "fiscalDateEnding": "2018-11-30", "updatedFromDate": "2023-09-29"}, {"date": "2019-01-28", "symbol": "FCBP", "eps": 0.61, "epsEstimated": 0.53, "time": "bmo", "revenue": 20656000, "revenueEstimated": 17538113, "fiscalDateEnding": "2018-12-30", "updatedFromDate": "2023-05-17"}, {"date": "2019-01-28", "symbol": "WASH", "eps": 0.98, "epsEstimated": 0.98, "time": "amc", "revenue": 49041000, "revenueEstimated": 49041000, "fiscalDateEnding": "2018-12-30", "updatedFromDate": "2023-09-29"}, {"date": "2019-01-28", "symbol": "GCTAY", "eps": 0.19, "epsEstimated": null, "time": "bmo", "revenue": 2262000000, "revenueEstimated": null, "fiscalDateEnding": "2018-12-30", "updatedFromDate": "2023-05-17"}, {"date": "2019-01-28", "symbol": "CASH", "eps": 0.37, "epsEstimated": 0.4, "time": "amc", "revenue": 90476000, "revenueEstimated": 100536410.25641027, "fiscalDateEnding": "2018-12-30", "updatedFromDate": "2023-09-29"}, {"date": "2019-01-28", "symbol": "VBTX", "eps": 0.4, "epsEstimated": 0.46, "time": "amc", "revenue": 32314000, "revenueEstimated": 37161100, "fiscalDateEnding": "2018-12-30", "updatedFromDate": "2023-09-29"}, {"date": "2019-01-28", "symbol": "SSAAF", "eps": 0.67, "epsEstimated": 0.72, "time": "bmo", "revenue": null, "revenueEstimated": null, "fiscalDateEnding": "2018-12-31", "updatedFromDate": "2023-05-17"}, {"date": "2019-01-28", "symbol": "6202.TW", "eps": 1.14, "epsEstimated": 1.05, "time": "bmo", "revenue": 1188274000, "revenueEstimated": null, "fiscalDateEnding": "2018-12-30", "updatedFromDate": "2023-05-17"}, {"date": "2019-01-28", "symbol": "FUSB", "eps": 0.22, "epsEstimated": null, "time": "bmo", "revenue": 10802000, "revenueEstimated": null, "fiscalDateEnding": "2018-12-30", "updatedFromDate": "2023-09-29"}, {"date": "2019-01-28", "symbol": "FEDU", "eps": 0.8, "epsEstimated": 1.4, "time": "bmo", "revenue": 91167000, "revenueEstimated": 162074666.66666666, "fiscalDateEnding": "2018-11-30", "updatedFromDate": "2023-09-29"}, {"date": "2019-01-28", "symbol": "FRBK", "eps": 0.04, "epsEstimated": 0.06, "time": "bmo", "revenue": 24868000, "revenueEstimated": 30666666, "fiscalDateEnding": "2018-12-30", "updatedFromDate": "2023-09-29"}, {"date": "2019-01-28", "symbol": "002243.SZ", "eps": 0.07619, "epsEstimated": null, "time": "bmo", "revenue": 350541045.46, "revenueEstimated": null, "fiscalDateEnding": "2018-12-30", "updatedFromDate": "2023-05-17"}, {"date": "2019-01-28", "symbol": "APELY", "eps": 69.1, "epsEstimated": null, "time": "bmo", "revenue": 222423000000, "revenueEstimated": null, "fiscalDateEnding": "2018-10-28", "updatedFromDate": "2023-10-10"}, {"date": "2019-01-28", "symbol": "CIEL3.SA", "eps": 0.27, "epsEstimated": 0.31, "time": "bmo", "revenue": 2773094000, "revenueEstimated": null, "fiscalDateEnding": "2018-10-28", "updatedFromDate": "2023-05-17"}, {"date": "2019-01-28", "symbol": "CE", "eps": 2.38, "epsEstimated": 2.42, "time": "amc", "revenue": 1689000000, "revenueEstimated": 1703193277.3109243, "fiscalDateEnding": "2018-12-30", "updatedFromDate": "2023-09-29"}, {"date": "2019-01-28", "symbol": "BRO", "eps": 0.26, "epsEstimated": 0.27, "time": "amc", "revenue": 507700000, "revenueEstimated": 528315230.7692308, "fiscalDateEnding": "2018-12-30", "updatedFromDate": "2023-09-29"}, {"date": "2019-01-28", "symbol": "ISTR", "eps": 0.45, "epsEstimated": 0.43, "time": "bmo", "revenue": 15643000, "revenueEstimated": 14915418, "fiscalDateEnding": "2018-12-30", "updatedFromDate": "2023-09-29"}, {"date": "2019-01-28", "symbol": "PEBK", "eps": 0.57, "epsEstimated": null, "time": "bmo", "revenue": 15227000, "revenueEstimated": null, "fiscalDateEnding": "2018-12-30", "updatedFromDate": "2023-09-29"}, {"date": "2019-01-28", "symbol": "CDHSF", "eps": 0.01, "epsEstimated": null, "time": "bmo", "revenue": null, "revenueEstimated": null, "fiscalDateEnding": "2018-12-31", "updatedFromDate": "2023-05-17"}, {"date": "2019-01-28", "symbol": "HUKEF", "eps": 30.99, "epsEstimated": null, "time": "bmo", "revenue": null, "revenueEstimated": null, "fiscalDateEnding": "2019-06-30", "updatedFromDate": "2023-05-17"}, {"date": "2019-01-28", "symbol": "SUVPF", "eps": 0.72, "epsEstimated": 0.75, "time": "bmo", "revenue": null, "revenueEstimated": 13335595.833333334, "fiscalDateEnding": "2018-12-31", "updatedFromDate": "2023-05-17"}, {"date": "2019-01-28", "symbol": "WHR", "eps": 4.75, "epsEstimated": 4.3, "time": "amc", "revenue": 5660000000, "revenueEstimated": 5040378947.368422, "fiscalDateEnding": "2018-12-30", "updatedFromDate": "2023-09-29"}, {"date": "2019-01-28", "symbol": "HTLFP", "eps": 0.93, "epsEstimated": 1, "time": "bmo", "revenue": 19877000, "revenueEstimated": 21268389, "fiscalDateEnding": "2018-12-30", "updatedFromDate": "2023-05-17"}, {"date": "2019-01-28", "symbol": "005320.KS", "eps": 80.47, "epsEstimated": null, "time": "bmo", "revenue": 51045052000, "revenueEstimated": null, "fiscalDateEnding": "2019-03-30", "updatedFromDate": "2023-05-17"}, {"date": "2019-01-28", "symbol": "2015.TW", "eps": 1.41, "epsEstimated": 1.33, "time": "bmo", "revenue": 8076512000, "revenueEstimated": null, "fiscalDateEnding": "2018-12-30", "updatedFromDate": "2023-05-17"}, {"date": "2019-01-28", "symbol": "NBTB", "eps": 0.81, "epsEstimated": 0.65, "time": "bmo", "revenue": 104083000, "revenueEstimated": 78462569, "fiscalDateEnding": "2018-12-30", "updatedFromDate": "2023-09-29"}, {"date": "2019-01-28", "symbol": "ETD", "eps": 0.46, "epsEstimated": 0.46, "time": "amc", "revenue": 197152000, "revenueEstimated": 197152000, "fiscalDateEnding": "2018-12-30", "updatedFromDate": "2023-09-29"}, {"date": "2019-01-28", "symbol": "6617.T", "eps": 22.01, "epsEstimated": null, "time": "bmo", "revenue": 19680000000, "revenueEstimated": null, "fiscalDateEnding": "2018-10-28", "updatedFromDate": "2023-10-17"}, {"date": "2019-01-28", "symbol": "000320.KS", "eps": -315.96659, "epsEstimated": null, "time": "bmo", "revenue": 215336537360, "revenueEstimated": null, "fiscalDateEnding": "2018-12-30", "updatedFromDate": "2023-05-17"}, {"date": "2019-01-28", "symbol": "000540.KS", "eps": 159, "epsEstimated": null, "time": "bmo", "revenue": 1022002000000, "revenueEstimated": null, "fiscalDateEnding": "2018-12-31", "updatedFromDate": "2023-10-16"}, {"date": "2019-01-28", "symbol": "ARLP", "eps": 0.69, "epsEstimated": 0.74, "time": "bmo", "revenue": 531840000, "revenueEstimated": 633142857.1428572, "fiscalDateEnding": "2018-12-30", "updatedFromDate": "2023-09-29"}, {"date": "2019-01-28", "symbol": "5871.TW", "eps": 2.42, "epsEstimated": 2.36, "time": "bmo", "revenue": 5275340000, "revenueEstimated": null, "fiscalDateEnding": "2018-12-30", "updatedFromDate": "2023-05-17"}, {"date": "2019-01-28", "symbol": "CMTUF", "eps": 15.38, "epsEstimated": null, "time": "bmo", "revenue": null, "revenueEstimated": null, "fiscalDateEnding": "2019-06-30", "updatedFromDate": "2023-05-17"}, {"date": "2019-01-28", "symbol": "0778.HK", "eps": null, "epsEstimated": null, "time": "bmo", "revenue": null, "revenueEstimated": null, "fiscalDateEnding": "2018-10-28", "updatedFromDate": "2023-05-17"}, {"date": "2019-01-28", "symbol": "GCTAF", "eps": 0.19, "epsEstimated": null, "time": "bmo", "revenue": 2262000000, "revenueEstimated": null, "fiscalDateEnding": "2018-12-31", "updatedFromDate": "2023-05-17"}, {"date": "2019-01-28", "symbol": "2378.T", "eps": 36.04, "epsEstimated": null, "time": "bmo", "revenue": 11816725000, "revenueEstimated": null, "fiscalDateEnding": "2018-10-28", "updatedFromDate": "2023-10-17"}, {"date": "2019-01-28", "symbol": "NCFFF", "eps": null, "epsEstimated": null, "time": "bmo", "revenue": null, "revenueEstimated": null, "fiscalDateEnding": "2018-12-31", "updatedFromDate": "2023-05-17"}, {"date": "2019-01-28", "symbol": "NCF.TO", "eps": -0.00142, "epsEstimated": null, "time": "bmo", "revenue": null, "revenueEstimated": null, "fiscalDateEnding": "2018-10-31", "updatedFromDate": "2023-05-17"}, {"date": "2019-01-28", "symbol": "000563.SZ", "eps": 0.02249, "epsEstimated": null, "time": "bmo", "revenue": 348505077.28, "revenueEstimated": null, "fiscalDateEnding": "2018-12-30", "updatedFromDate": "2023-05-17"}, {"date": "2019-01-28", "symbol": "002191.SZ", "eps": 0.1188, "epsEstimated": null, "time": "bmo", "revenue": 997158602.87, "revenueEstimated": null, "fiscalDateEnding": "2018-12-30", "updatedFromDate": "2023-05-17"}, {"date": "2019-01-28", "symbol": "KMRCF", "eps": -11.22, "epsEstimated": null, "time": "bmo", "revenue": null, "revenueEstimated": null, "fiscalDateEnding": "2019-06-30", "updatedFromDate": "2023-05-17"}, {"date": "2019-01-28", "symbol": "7278.T", "eps": 87.45, "epsEstimated": 94.8, "time": "bmo", "revenue": 67645000000, "revenueEstimated": null, "fiscalDateEnding": "2018-10-28", "updatedFromDate": "2023-10-17"}, {"date": "2019-01-28", "symbol": "LBAI", "eps": 0.35, "epsEstimated": 0.34, "time": "bmo", "revenue": 49263000, "revenueEstimated": 47814088, "fiscalDateEnding": "2018-12-30", "updatedFromDate": "2023-09-29"}, {"date": "2019-01-28", "symbol": "8897.T", "eps": -0.17, "epsEstimated": null, "time": "bmo", "revenue": 45806000000, "revenueEstimated": null, "fiscalDateEnding": "2018-10-28", "updatedFromDate": "2023-10-17"}, {"date": "2019-01-28", "symbol": "BNKXF", "eps": 0.01, "epsEstimated": 0.008, "time": "bmo", "revenue": null, "revenueEstimated": null, "fiscalDateEnding": "2018-12-31", "updatedFromDate": "2023-05-17"}, {"date": "2019-01-28", "symbol": "NBN", "eps": 0.56, "epsEstimated": null, "time": "amc", "revenue": 16302000, "revenueEstimated": null, "fiscalDateEnding": "2018-10-28", "updatedFromDate": "2023-10-16"}, {"date": "2019-01-28", "symbol": "138040.KS", "eps": 453.62, "epsEstimated": null, "time": "bmo", "revenue": 622694324830, "revenueEstimated": null, "fiscalDateEnding": "2018-12-31", "updatedFromDate": "2023-10-16"}, {"date": "2019-01-28", "symbol": "000390.KS", "eps": -12, "epsEstimated": null, "time": "bmo", "revenue": 111396925770, "revenueEstimated": null, "fiscalDateEnding": "2019-03-30", "updatedFromDate": "2023-05-17"}, {"date": "2019-01-28", "symbol": "PMBC", "eps": 0.19, "epsEstimated": 0.18, "time": "bmo", "revenue": 13695000, "revenueEstimated": 12934166, "fiscalDateEnding": "2018-12-30", "updatedFromDate": "2023-05-17"}, {"date": "2019-01-28", "symbol": "RYLPF", "eps": 0.76, "epsEstimated": 0.75, "time": "bmo", "revenue": null, "revenueEstimated": null, "fiscalDateEnding": "2018-12-31", "updatedFromDate": "2023-05-17"}, {"date": "2019-01-28", "symbol": "SALT", "eps": 0.2, "epsEstimated": 1.34, "time": "bmo", "revenue": 65171000, "revenueEstimated": 436645700, "fiscalDateEnding": "2018-12-30", "updatedFromDate": "2023-05-17"}, {"date": "2019-01-28", "symbol": "DCOM", "eps": 0.7, "epsEstimated": 0.32, "time": "amc", "revenue": 38971000, "revenueEstimated": 36535312, "fiscalDateEnding": "2018-12-30", "updatedFromDate": "2023-09-29"}, {"date": "2019-01-28", "symbol": "AUDC", "eps": 0.2, "epsEstimated": 0.17, "time": "bmo", "revenue": 45777000, "revenueEstimated": 38910450, "fiscalDateEnding": "2018-12-31", "updatedFromDate": "2023-09-29"}, {"date": "2019-01-28", "symbol": "MPB", "eps": 0.53, "epsEstimated": null, "time": "bmo", "revenue": 19866000, "revenueEstimated": null, "fiscalDateEnding": "2018-12-30", "updatedFromDate": "2023-09-29"}, {"date": "2019-01-28", "symbol": "3132.T", "eps": 38.52, "epsEstimated": null, "time": "bmo", "revenue": 132495000000, "revenueEstimated": null, "fiscalDateEnding": "2018-10-28", "updatedFromDate": "2023-10-17"}, {"date": "2019-01-28", "symbol": "ATLKY", "eps": 0.12, "epsEstimated": 0.08, "time": "bmo", "revenue": 25321000000, "revenueEstimated": null, "fiscalDateEnding": "2018-12-31", "updatedFromDate": "2023-09-29"}, {"date": "2019-01-28", "symbol": "601860.SS", "eps": 0.07307, "epsEstimated": null, "time": "bmo", "revenue": 1264392804.46, "revenueEstimated": null, "fiscalDateEnding": "2018-12-30", "updatedFromDate": "2023-05-17"}, {"date": "2019-01-28", "symbol": "8707.T", "eps": 41.68, "epsEstimated": null, "time": "bmo", "revenue": 4745000000, "revenueEstimated": null, "fiscalDateEnding": "2018-10-28", "updatedFromDate": "2023-10-17"}, {"date": "2019-01-28", "symbol": "2337.TW", "eps": 1.4, "epsEstimated": 1.59, "time": "bmo", "revenue": 8981325000, "revenueEstimated": null, "fiscalDateEnding": "2018-12-30", "updatedFromDate": "2023-05-17"}, {"date": "2019-01-28", "symbol": "CZWI", "eps": 0.2, "epsEstimated": 0.21, "time": "bmo", "revenue": 12596000, "revenueEstimated": 17231328, "fiscalDateEnding": "2018-12-31", "updatedFromDate": "2023-09-29"}, {"date": "2019-01-28", "symbol": "012750.KS", "eps": -376, "epsEstimated": 838.85, "time": "bmo", "revenue": 490390469000, "revenueEstimated": null, "fiscalDateEnding": "2018-10-28", "updatedFromDate": "2023-05-17"}, {"date": "2019-01-28", "symbol": "300224.SZ", "eps": -0.20132, "epsEstimated": null, "time": "bmo", "revenue": 514300771.83, "revenueEstimated": null, "fiscalDateEnding": "2018-12-30", "updatedFromDate": "2023-05-17"}, {"date": "2019-01-28", "symbol": "PPLXF", "eps": -0.02, "epsEstimated": -0.00684, "time": "bmo", "revenue": null, "revenueEstimated": null, "fiscalDateEnding": "2018-12-31", "updatedFromDate": "2023-05-17"}, {"date": "2019-01-28", "symbol": "4113.T", "eps": 239.57, "epsEstimated": null, "time": "bmo", "revenue": 6194658000, "revenueEstimated": null, "fiscalDateEnding": "2018-10-28", "updatedFromDate": "2023-10-17"}, {"date": "2019-01-28", "symbol": "DGHI", "eps": null, "epsEstimated": null, "time": "bmo", "revenue": null, "revenueEstimated": null, "fiscalDateEnding": "2018-12-30", "updatedFromDate": "2023-09-29"}, {"date": "2019-01-28", "symbol": "AUDC.TA", "eps": 0.2, "epsEstimated": 0.17, "time": "bmo", "revenue": 45777000, "revenueEstimated": 60340000, "fiscalDateEnding": "2018-12-30", "updatedFromDate": "2023-05-17"}, {"date": "2019-01-28", "symbol": "RMBS", "eps": 0.28, "epsEstimated": 0.26, "time": "amc", "revenue": 68563000, "revenueEstimated": 63665642.85714285, "fiscalDateEnding": "2018-12-30", "updatedFromDate": "2023-09-29"}, {"date": "2019-01-28", "symbol": "272450.KS", "eps": -465.04, "epsEstimated": 333.18, "time": "bmo", "revenue": 290052570000, "revenueEstimated": null, "fiscalDateEnding": "2018-10-28", "updatedFromDate": "2023-05-17"}, {"date": "2019-01-28", "symbol": "000750.SZ", "eps": -0.01924, "epsEstimated": null, "time": "bmo", "revenue": 636438593.86, "revenueEstimated": null, "fiscalDateEnding": "2018-12-30", "updatedFromDate": "2023-05-17"}, {"date": "2019-01-28", "symbol": "LBC", "eps": 0.19, "epsEstimated": 0.2, "time": "amc", "revenue": 32997000, "revenueEstimated": 36140666, "fiscalDateEnding": "2018-12-30", "updatedFromDate": "2023-09-29"}, {"date": "2019-01-28", "symbol": "2594.T", "eps": 19.34, "epsEstimated": null, "time": "bmo", "revenue": 15701000000, "revenueEstimated": null, "fiscalDateEnding": "2018-10-28", "updatedFromDate": "2023-10-17"}, {"date": "2019-01-28", "symbol": "DGHI.V", "eps": null, "epsEstimated": null, "time": "bmo", "revenue": null, "revenueEstimated": null, "fiscalDateEnding": "2018-12-31", "updatedFromDate": "2023-08-16"}, {"date": "2019-01-28", "symbol": "BJTM.JK", "eps": 13.37, "epsEstimated": null, "time": "bmo", "revenue": 1082206000000, "revenueEstimated": null, "fiscalDateEnding": "2018-12-30", "updatedFromDate": "2023-05-17"}, {"date": "2019-01-28", "symbol": "603208.SS", "eps": 0.426, "epsEstimated": null, "time": "bmo", "revenue": 421611078.37, "revenueEstimated": null, "fiscalDateEnding": "2018-12-30", "updatedFromDate": "2023-05-17"}, {"date": "2019-01-28", "symbol": "IBTX", "eps": 1.12, "epsEstimated": 1.21, "time": "amc", "revenue": 96995000, "revenueEstimated": 104789241.07142857, "fiscalDateEnding": "2018-12-30", "updatedFromDate": "2023-09-29"}, {"date": "2019-01-28", "symbol": "9058.T", "eps": 155.26, "epsEstimated": null, "time": "bmo", "revenue": 40977000000, "revenueEstimated": null, "fiscalDateEnding": "2018-10-28", "updatedFromDate": "2023-10-17"}, {"date": "2019-01-28", "symbol": "5936.T", "eps": 66.74, "epsEstimated": null, "time": "bmo", "revenue": 5788056000, "revenueEstimated": null, "fiscalDateEnding": "2018-10-28", "updatedFromDate": "2023-10-17"}, {"date": "2019-01-28", "symbol": "034120.KS", "eps": 807, "epsEstimated": null, "time": "bmo", "revenue": 228115891500, "revenueEstimated": null, "fiscalDateEnding": "2018-12-30", "updatedFromDate": "2023-08-16"}, {"date": "2019-01-28", "symbol": "002327.SZ", "eps": 0.3103, "epsEstimated": null, "time": "bmo", "revenue": 1155293180.01, "revenueEstimated": null, "fiscalDateEnding": "2018-12-30", "updatedFromDate": "2023-05-17"}, {"date": "2019-01-28", "symbol": "9629.T", "eps": 25.54, "epsEstimated": null, "time": "bmo", "revenue": 4096695000, "revenueEstimated": null, "fiscalDateEnding": "2018-10-28", "updatedFromDate": "2023-10-17"}, {"date": "2019-01-28", "symbol": "BJRRF", "eps": null, "epsEstimated": null, "time": "bmo", "revenue": null, "revenueEstimated": null, "fiscalDateEnding": "2018-12-31", "updatedFromDate": "2023-05-17"}, {"date": "2019-01-28", "symbol": "178920.KS", "eps": 92.2, "epsEstimated": 332.55, "time": "bmo", "revenue": 40211596000, "revenueEstimated": null, "fiscalDateEnding": "2018-10-28", "updatedFromDate": "2023-05-17"}, {"date": "2019-01-28", "symbol": "TCF", "eps": 1.01, "epsEstimated": 0.98, "time": "bmo", "revenue": 369100000, "revenueEstimated": 189692099.009901, "fiscalDateEnding": "2018-12-30", "updatedFromDate": "2023-05-17"}, {"date": "2019-01-28", "symbol": "6161.T", "eps": 134.75, "epsEstimated": null, "time": "bmo", "revenue": null, "revenueEstimated": null, "fiscalDateEnding": "2019-06-30", "updatedFromDate": "2023-05-17"}, {"date": "2019-01-28", "symbol": "ATLKF", "eps": 4.19, "epsEstimated": 3.26, "time": "bmo", "revenue": null, "revenueEstimated": null, "fiscalDateEnding": "2018-12-31", "updatedFromDate": "2023-05-17"}, {"date": "2019-01-28", "symbol": "DSECF", "eps": 8.91, "epsEstimated": 14.41, "time": "bmo", "revenue": null, "revenueEstimated": null, "fiscalDateEnding": "2018-12-31", "updatedFromDate": "2023-08-16"}, {"date": "2019-01-28", "symbol": "267250.KS", "eps": -19784, "epsEstimated": 13348, "time": "bmo", "revenue": 7478215368000, "revenueEstimated": null, "fiscalDateEnding": "2018-12-30", "updatedFromDate": "2023-08-16"}, {"date": "2019-01-28", "symbol": "600926.SS", "eps": 0.1936, "epsEstimated": null, "time": "bmo", "revenue": 4291357000, "revenueEstimated": null, "fiscalDateEnding": "2018-12-30", "updatedFromDate": "2023-08-16"}, {"date": "2019-01-28", "symbol": "SBT", "eps": 0.3, "epsEstimated": 0.28, "time": "amc", "revenue": 36720000, "revenueEstimated": 34097142, "fiscalDateEnding": "2018-12-30", "updatedFromDate": "2023-09-29"}, {"date": "2019-01-28", "symbol": "OBIIF", "eps": 103.3, "epsEstimated": 81.5, "time": "bmo", "revenue": null, "revenueEstimated": 23590029.04162633, "fiscalDateEnding": "2019-06-30", "updatedFromDate": "2023-09-29"}, {"date": "2019-01-28", "symbol": "214320.KS", "eps": 966, "epsEstimated": 1155.56, "time": "bmo", "revenue": 311054276000, "revenueEstimated": null, "fiscalDateEnding": "2018-10-28", "updatedFromDate": "2023-05-17"}, {"date": "2019-01-28", "symbol": "BDGE", "eps": 0.7, "epsEstimated": 0.67, "time": "bmo", "revenue": 39213000, "revenueEstimated": 37457194, "fiscalDateEnding": "2018-12-30", "updatedFromDate": "2023-05-17"}, {"date": "2019-01-28", "symbol": "9037.T", "eps": 100.24, "epsEstimated": null, "time": "bmo", "revenue": 30622000000, "revenueEstimated": null, "fiscalDateEnding": "2018-10-28", "updatedFromDate": "2023-10-17"}, {"date": "2019-01-28", "symbol": "8383.T", "eps": 19.44, "epsEstimated": null, "time": "bmo", "revenue": 2663000000, "revenueEstimated": null, "fiscalDateEnding": "2018-10-28", "updatedFromDate": "2023-10-17"}, {"date": "2019-01-28", "symbol": "8070.T", "eps": 14.9, "epsEstimated": null, "time": "bmo", "revenue": 24790000000, "revenueEstimated": null, "fiscalDateEnding": "2018-10-28", "updatedFromDate": "2023-10-17"}, {"date": "2019-01-28", "symbol": "000065.SZ", "eps": 0.1937, "epsEstimated": null, "time": "bmo", "revenue": 3459988164.67, "revenueEstimated": null, "fiscalDateEnding": "2018-12-30", "updatedFromDate": "2023-05-17"}, {"date": "2019-01-28", "symbol": "CIOXF", "eps": 0.27, "epsEstimated": 0.31, "time": "bmo", "revenue": null, "revenueEstimated": null, "fiscalDateEnding": "2018-12-31", "updatedFromDate": "2023-05-17"}, {"date": "2019-01-28", "symbol": "4185.T", "eps": 49.84, "epsEstimated": 41.35, "time": "bmo", "revenue": 120648000000, "revenueEstimated": null, "fiscalDateEnding": "2018-10-28", "updatedFromDate": "2023-10-17"}, {"date": "2019-01-28", "symbol": "ATLPF", "eps": 4.19, "epsEstimated": 3.26, "time": "bmo", "revenue": null, "revenueEstimated": null, "fiscalDateEnding": "2018-12-31", "updatedFromDate": "2023-05-17"}, {"date": "2019-01-28", "symbol": "JSCPY", "eps": 0.44, "epsEstimated": null, "time": "bmo", "revenue": 120648000000, "revenueEstimated": null, "fiscalDateEnding": "2018-10-28", "updatedFromDate": "2023-10-17"}, {"date": "2019-01-28", "symbol": "RZB", "eps": 3.46, "epsEstimated": 3.48, "time": "bmo", "revenue": null, "revenueEstimated": null, "fiscalDateEnding": "2018-12-30", "updatedFromDate": "2023-05-17"}, {"date": "2019-01-28", "symbol": "BMRI.JK", "eps": 148.36, "epsEstimated": 122.28, "time": "bmo", "revenue": 23681494000000, "revenueEstimated": null, "fiscalDateEnding": "2018-12-30", "updatedFromDate": "2023-05-17"}, {"date": "2019-01-28", "symbol": "CCNEP", "eps": 0.59, "epsEstimated": 0.59, "time": "bmo", "revenue": null, "revenueEstimated": null, "fiscalDateEnding": "2018-12-30", "updatedFromDate": "2023-05-17"}, {"date": "2019-01-28", "symbol": "BLRDF", "eps": 1.61, "epsEstimated": 2.1, "time": "bmo", "revenue": null, "revenueEstimated": null, "fiscalDateEnding": "2018-12-31", "updatedFromDate": "2023-05-17"}, {"date": "2019-01-28", "symbol": "ELS", "eps": 0.28, "epsEstimated": 0.31, "time": "amc", "revenue": 240516000, "revenueEstimated": 268352607.1428571, "fiscalDateEnding": "2018-12-30", "updatedFromDate": "2023-09-29"}, {"date": "2019-01-28", "symbol": "WWD", "eps": 0.96, "epsEstimated": 0.75, "time": "amc", "revenue": 652811000, "revenueEstimated": 510008593.75, "fiscalDateEnding": "2018-12-30", "updatedFromDate": "2023-09-29"}, {"date": "2019-01-28", "symbol": "ALNPF", "eps": 98.92, "epsEstimated": 94.31, "time": "bmo", "revenue": null, "revenueEstimated": null, "fiscalDateEnding": "2019-06-30", "updatedFromDate": "2023-05-17"}]}