{"result": [{"date": "2019-05-26", "symbol": "688116.SS", "eps": 0.15, "epsEstimated": null, "time": "bmo", "revenue": 95893100, "revenueEstimated": null, "fiscalDateEnding": "2019-03-30", "updatedFromDate": "2023-08-16"}, {"date": "2019-05-26", "symbol": "ELRNF", "eps": -0.17, "epsEstimated": null, "time": "bmo", "revenue": null, "revenueEstimated": null, "fiscalDateEnding": "2019-03-31", "updatedFromDate": "2023-09-29"}, {"date": "2019-05-26", "symbol": "4013.SR", "eps": null, "epsEstimated": null, "time": "bmo", "revenue": null, "revenueEstimated": null, "fiscalDateEnding": "2019-03-30", "updatedFromDate": "2023-08-16"}, {"date": "2019-05-26", "symbol": "MPZZF", "eps": -0.1, "epsEstimated": -0.042, "time": "bmo", "revenue": null, "revenueEstimated": null, "fiscalDateEnding": "2019-03-31", "updatedFromDate": "2023-05-17"}, {"date": "2019-05-26", "symbol": "RHBAF", "eps": null, "epsEstimated": null, "time": "bmo", "revenue": null, "revenueEstimated": null, "fiscalDateEnding": "2019-03-31", "updatedFromDate": "2023-05-17"}, {"date": "2019-05-26", "symbol": "SFG.WA", "eps": 0.11, "epsEstimated": null, "time": "bmo", "revenue": 16444000, "revenueEstimated": null, "fiscalDateEnding": "2019-02-26", "updatedFromDate": "2023-05-17"}, {"date": "2019-05-26", "symbol": "KARNF", "eps": 0.31, "epsEstimated": null, "time": "bmo", "revenue": null, "revenueEstimated": null, "fiscalDateEnding": "2019-06-30", "updatedFromDate": "2023-05-17"}, {"date": "2019-05-26", "symbol": "BLMIF", "eps": 0.73, "epsEstimated": 0.77, "time": "bmo", "revenue": null, "revenueEstimated": 2456616438.3561645, "fiscalDateEnding": "2019-03-31", "updatedFromDate": "2023-05-17"}, {"date": "2019-05-27", "symbol": "SMU.SN", "eps": 1.34, "epsEstimated": null, "time": "bmo", "revenue": null, "revenueEstimated": null, "fiscalDateEnding": "2019-03-31", "updatedFromDate": "2023-08-16"}, {"date": "2019-05-27", "symbol": "LUMI.TA", "eps": 0.73, "epsEstimated": 0.77, "time": "bmo", "revenue": 3667000000, "revenueEstimated": null, "fiscalDateEnding": "2019-03-31", "updatedFromDate": "2023-08-17"}, {"date": "2019-05-27", "symbol": "2012.TW", "eps": 0.503, "epsEstimated": null, "time": "bmo", "revenue": 2293832000, "revenueEstimated": null, "fiscalDateEnding": "2019-03-31", "updatedFromDate": "2023-08-17"}, {"date": "2019-05-27", "symbol": "NUAG.TO", "eps": -0.00828, "epsEstimated": -0.00414, "time": "bmo", "revenue": null, "revenueEstimated": null, "fiscalDateEnding": "2019-02-27", "updatedFromDate": "2023-10-17"}, {"date": "2019-05-27", "symbol": "GQC.V", "eps": null, "epsEstimated": null, "time": "bmo", "revenue": null, "revenueEstimated": null, "fiscalDateEnding": "2019-03-31", "updatedFromDate": "2023-05-17"}, {"date": "2019-05-27", "symbol": "PCLOF", "eps": 0.06, "epsEstimated": 0.07, "time": "bmo", "revenue": null, "revenueEstimated": null, "fiscalDateEnding": "2019-03-31", "updatedFromDate": "2023-08-25"}, {"date": "2019-05-27", "symbol": "KER.WA", "eps": 0.31, "epsEstimated": null, "time": "bmo", "revenue": 1016451000, "revenueEstimated": null, "fiscalDateEnding": "2019-02-27", "updatedFromDate": "2023-10-16"}, {"date": "2019-05-27", "symbol": "BTSGIF.BK", "eps": null, "epsEstimated": null, "time": "bmo", "revenue": null, "revenueEstimated": null, "fiscalDateEnding": "2019-03-31", "updatedFromDate": "2023-08-25"}, {"date": "2019-05-27", "symbol": "MRKC.ME", "eps": 0.03481, "epsEstimated": null, "time": "bmo", "revenue": 25110014000, "revenueEstimated": null, "fiscalDateEnding": "2019-03-31", "updatedFromDate": "2023-05-17"}, {"date": "2019-05-27", "symbol": "GDQMF", "eps": null, "epsEstimated": null, "time": "bmo", "revenue": null, "revenueEstimated": null, "fiscalDateEnding": "2019-03-31", "updatedFromDate": "2023-05-17"}, {"date": "2019-05-27", "symbol": "CANWF", "eps": null, "epsEstimated": null, "time": "bmo", "revenue": null, "revenueEstimated": null, "fiscalDateEnding": "2019-03-31", "updatedFromDate": "2023-05-17"}, {"date": "2019-05-27", "symbol": "TNPOF", "eps": null, "epsEstimated": null, "time": "bmo", "revenue": null, "revenueEstimated": null, "fiscalDateEnding": "2019-03-31", "updatedFromDate": "2023-05-17"}, {"date": "2019-05-27", "symbol": "BSTGF", "eps": null, "epsEstimated": null, "time": "bmo", "revenue": null, "revenueEstimated": null, "fiscalDateEnding": "2019-03-31", "updatedFromDate": "2023-05-17"}, {"date": "2019-05-27", "symbol": "HNMGF", "eps": null, "epsEstimated": null, "time": "bmo", "revenue": null, "revenueEstimated": null, "fiscalDateEnding": "2019-03-31", "updatedFromDate": "2023-05-17"}, {"date": "2019-05-27", "symbol": "688058.SS", "eps": -0.13, "epsEstimated": null, "time": "bmo", "revenue": 9377755.81, "revenueEstimated": null, "fiscalDateEnding": "2019-03-30", "updatedFromDate": "2023-05-17"}, {"date": "2019-05-27", "symbol": "LTCCF", "eps": null, "epsEstimated": null, "time": "amc", "revenue": null, "revenueEstimated": null, "fiscalDateEnding": "2019-06-30", "updatedFromDate": "2023-05-17"}, {"date": "2019-05-27", "symbol": "PAAL-B.CO", "eps": 4.2, "epsEstimated": 2.6, "time": "bmo", "revenue": 2985677000, "revenueEstimated": null, "fiscalDateEnding": "2019-03-31", "updatedFromDate": "2023-07-24"}, {"date": "2019-05-27", "symbol": "LTE.V", "eps": -0.02141, "epsEstimated": null, "time": "bmo", "revenue": 2834129, "revenueEstimated": null, "fiscalDateEnding": "2019-03-31", "updatedFromDate": "2023-05-17"}, {"date": "2019-05-27", "symbol": "AMMHF", "eps": null, "epsEstimated": null, "time": "bmo", "revenue": null, "revenueEstimated": null, "fiscalDateEnding": "2019-03-31", "updatedFromDate": "2023-05-17"}, {"date": "2019-05-27", "symbol": "AKRN.ME", "eps": 219.05, "epsEstimated": null, "time": "bmo", "revenue": 29504000000, "revenueEstimated": null, "fiscalDateEnding": "2019-03-30", "updatedFromDate": "2023-05-17"}, {"date": "2019-05-27", "symbol": "MRKV.ME", "eps": 0.00154, "epsEstimated": null, "time": "bmo", "revenue": 14641276000, "revenueEstimated": null, "fiscalDateEnding": "2019-02-27", "updatedFromDate": "2023-05-17"}, {"date": "2019-05-27", "symbol": "SPI.VI", "eps": null, "epsEstimated": null, "time": "bmo", "revenue": null, "revenueEstimated": null, "fiscalDateEnding": "2019-03-31", "updatedFromDate": "2023-08-02"}, {"date": "2019-05-27", "symbol": "293780.KQ", "eps": null, "epsEstimated": null, "time": "bmo", "revenue": null, "revenueEstimated": null, "fiscalDateEnding": "2019-03-31", "updatedFromDate": "2023-05-17"}, {"date": "2019-05-27", "symbol": "KNNNF", "eps": null, "epsEstimated": null, "time": "bmo", "revenue": null, "revenueEstimated": null, "fiscalDateEnding": "2019-09-30", "updatedFromDate": "2023-05-17"}, {"date": "2019-05-27", "symbol": "ACUIF", "eps": -0.07, "epsEstimated": -0.06, "time": "bmo", "revenue": null, "revenueEstimated": null, "fiscalDateEnding": "2019-03-31", "updatedFromDate": "2023-05-17"}, {"date": "2019-05-27", "symbol": "JWCAF", "eps": null, "epsEstimated": null, "time": "bmo", "revenue": null, "revenueEstimated": null, "fiscalDateEnding": "2019-06-30", "updatedFromDate": "2023-05-17"}, {"date": "2019-05-27", "symbol": "GRA.TO", "eps": -0.03, "epsEstimated": null, "time": "bmo", "revenue": 17733510, "revenueEstimated": null, "fiscalDateEnding": "2019-02-27", "updatedFromDate": "2023-10-16"}, {"date": "2019-05-27", "symbol": "2222.SR", "eps": 0.3471, "epsEstimated": null, "time": "bmo", "revenue": 297634000000, "revenueEstimated": null, "fiscalDateEnding": "2019-03-30", "updatedFromDate": "2023-05-17"}, {"date": "2019-05-27", "symbol": "1979.HK", "eps": 0.04409, "epsEstimated": null, "time": "bmo", "revenue": 909072750, "revenueEstimated": null, "fiscalDateEnding": "2019-02-27", "updatedFromDate": "2023-05-17"}, {"date": "2019-05-27", "symbol": "TNABF", "eps": 0.25, "epsEstimated": 0.33, "time": "bmo", "revenue": null, "revenueEstimated": null, "fiscalDateEnding": "2019-03-31", "updatedFromDate": "2023-08-16"}, {"date": "2019-05-27", "symbol": "MRKZ.ME", "eps": 0.00125, "epsEstimated": null, "time": "bmo", "revenue": 11242870000, "revenueEstimated": null, "fiscalDateEnding": "2019-02-27", "updatedFromDate": "2023-05-17"}, {"date": "2019-05-27", "symbol": "HIPEF", "eps": null, "epsEstimated": null, "time": "bmo", "revenue": null, "revenueEstimated": null, "fiscalDateEnding": "2019-03-31", "updatedFromDate": "2023-05-17"}, {"date": "2019-05-27", "symbol": "TRN.WA", "eps": 0.17, "epsEstimated": null, "time": "bmo", "revenue": 67176000, "revenueEstimated": null, "fiscalDateEnding": "2019-06-30", "updatedFromDate": "2023-05-17"}, {"date": "2019-05-27", "symbol": "BEWFF", "eps": null, "epsEstimated": null, "time": "bmo", "revenue": null, "revenueEstimated": null, "fiscalDateEnding": "2019-03-31", "updatedFromDate": "2023-05-17"}, {"date": "2019-05-27", "symbol": "ADVZF", "eps": -0.0137, "epsEstimated": null, "time": "bmo", "revenue": null, "revenueEstimated": null, "fiscalDateEnding": "2019-03-31", "updatedFromDate": "2023-08-25"}, {"date": "2019-05-27", "symbol": "STLHF", "eps": null, "epsEstimated": null, "time": "bmo", "revenue": null, "revenueEstimated": null, "fiscalDateEnding": "2019-03-31", "updatedFromDate": "2023-05-17"}, {"date": "2019-05-27", "symbol": "LOU.V", "eps": -0.00459, "epsEstimated": null, "time": "bmo", "revenue": 21326000, "revenueEstimated": null, "fiscalDateEnding": "2019-03-31", "updatedFromDate": "2023-10-16"}, {"date": "2019-05-27", "symbol": "TRE.V", "eps": null, "epsEstimated": null, "time": "bmo", "revenue": null, "revenueEstimated": null, "fiscalDateEnding": "2019-03-31", "updatedFromDate": "2023-05-17"}, {"date": "2019-05-27", "symbol": "ATY", "eps": -0.07, "epsEstimated": -0.06, "time": "bmo", "revenue": 27921884, "revenueEstimated": null, "fiscalDateEnding": "2019-03-31", "updatedFromDate": "2023-09-29"}, {"date": "2019-05-27", "symbol": "SLI.V", "eps": -0.00996, "epsEstimated": null, "time": "bmo", "revenue": null, "revenueEstimated": null, "fiscalDateEnding": "2019-02-27", "updatedFromDate": "2023-10-16"}, {"date": "2019-05-27", "symbol": "NEWP", "eps": -0.00838, "epsEstimated": -0.00419, "time": "bmo", "revenue": null, "revenueEstimated": null, "fiscalDateEnding": "2019-02-27", "updatedFromDate": "2023-10-17"}, {"date": "2019-05-27", "symbol": "EPG.BK", "eps": 0.04, "epsEstimated": 0.08, "time": "bmo", "revenue": 2429670275, "revenueEstimated": null, "fiscalDateEnding": "2019-02-27", "updatedFromDate": "2023-10-17"}, {"date": "2019-05-27", "symbol": "BEW.V", "eps": null, "epsEstimated": null, "time": "bmo", "revenue": null, "revenueEstimated": null, "fiscalDateEnding": "2019-03-31", "updatedFromDate": "2023-05-17"}, {"date": "2019-05-27", "symbol": "RSTIP.ME", "eps": 0.1696, "epsEstimated": null, "time": "bmo", "revenue": 265526000000, "revenueEstimated": null, "fiscalDateEnding": "2019-03-30", "updatedFromDate": "2023-05-17"}, {"date": "2019-05-27", "symbol": "CELJF", "eps": -0.1377, "epsEstimated": null, "time": "bmo", "revenue": 928000000, "revenueEstimated": null, "fiscalDateEnding": "2019-03-31", "updatedFromDate": "2023-09-29"}, {"date": "2019-05-27", "symbol": "PNAGF", "eps": null, "epsEstimated": null, "time": "bmo", "revenue": null, "revenueEstimated": null, "fiscalDateEnding": "2019-03-31", "updatedFromDate": "2023-05-17"}, {"date": "2019-05-27", "symbol": "OXBOF", "eps": null, "epsEstimated": null, "time": "bmo", "revenue": null, "revenueEstimated": null, "fiscalDateEnding": "2019-06-30", "updatedFromDate": "2023-05-17"}, {"date": "2019-05-27", "symbol": "B61.SI", "eps": null, "epsEstimated": null, "time": "bmo", "revenue": null, "revenueEstimated": null, "fiscalDateEnding": "2019-09-30", "updatedFromDate": "2023-05-17"}, {"date": "2019-05-27", "symbol": "MCUJF", "eps": -0.14, "epsEstimated": -0.007, "time": "amc", "revenue": 4880000, "revenueEstimated": 87840000, "fiscalDateEnding": "2019-03-31", "updatedFromDate": "2023-09-29"}, {"date": "2019-05-27", "symbol": "IMPACT.BK", "eps": 0.3673, "epsEstimated": null, "time": "bmo", "revenue": 876818000, "revenueEstimated": null, "fiscalDateEnding": "2019-02-27", "updatedFromDate": "2023-10-17"}, {"date": "2019-05-27", "symbol": "BRLGF", "eps": -0.04, "epsEstimated": -0.02, "time": "bmo", "revenue": null, "revenueEstimated": null, "fiscalDateEnding": "2019-03-31", "updatedFromDate": "2023-05-17"}, {"date": "2019-05-27", "symbol": "ERDLF", "eps": null, "epsEstimated": null, "time": "bmo", "revenue": null, "revenueEstimated": null, "fiscalDateEnding": "2019-09-30", "updatedFromDate": "2023-05-17"}, {"date": "2019-05-27", "symbol": "MPCC.OL", "eps": -0.1, "epsEstimated": -0.042, "time": "bmo", "revenue": 47815000, "revenueEstimated": null, "fiscalDateEnding": "2019-02-27", "updatedFromDate": "2023-05-17"}, {"date": "2019-05-27", "symbol": "ADZN.V", "eps": -0.0137, "epsEstimated": null, "time": "bmo", "revenue": null, "revenueEstimated": null, "fiscalDateEnding": "2019-03-30", "updatedFromDate": "2023-08-16"}, {"date": "2019-05-27", "symbol": "2590.T", "eps": -19.56, "epsEstimated": null, "time": "bmo", "revenue": 37331000000, "revenueEstimated": null, "fiscalDateEnding": "2019-02-27", "updatedFromDate": "2023-10-17"}, {"date": "2019-05-27", "symbol": "MFGHF", "eps": null, "epsEstimated": null, "time": "bmo", "revenue": null, "revenueEstimated": null, "fiscalDateEnding": "2019-09-30", "updatedFromDate": "2023-05-17"}, {"date": "2019-05-27", "symbol": "PCLO.V", "eps": -0.04, "epsEstimated": -0.05, "time": "bmo", "revenue": null, "revenueEstimated": null, "fiscalDateEnding": "2019-03-31", "updatedFromDate": "2023-10-16"}, {"date": "2019-05-27", "symbol": "CANTA.ST", "eps": -0.29576, "epsEstimated": null, "time": "bmo", "revenue": null, "revenueEstimated": null, "fiscalDateEnding": "2019-03-30", "updatedFromDate": "2023-08-16"}, {"date": "2019-05-27", "symbol": "ENMPF", "eps": null, "epsEstimated": null, "time": "bmo", "revenue": null, "revenueEstimated": null, "fiscalDateEnding": "2019-03-31", "updatedFromDate": "2023-05-17"}, {"date": "2019-05-27", "symbol": "VLCJF", "eps": null, "epsEstimated": null, "time": "bmo", "revenue": null, "revenueEstimated": null, "fiscalDateEnding": "2019-03-31", "updatedFromDate": "2023-05-17"}, {"date": "2019-05-27", "symbol": "XLY.TO", "eps": -0.02, "epsEstimated": -0.01, "time": "bmo", "revenue": 817000, "revenueEstimated": null, "fiscalDateEnding": "2019-03-31", "updatedFromDate": "2023-10-16"}, {"date": "2019-05-27", "symbol": "CBWTF", "eps": -0.02, "epsEstimated": null, "time": "bmo", "revenue": 817000, "revenueEstimated": null, "fiscalDateEnding": "2019-03-31", "updatedFromDate": "2023-09-29"}, {"date": "2019-05-27", "symbol": "MRKP.ME", "eps": 0.01612, "epsEstimated": null, "time": "bmo", "revenue": 21891825000, "revenueEstimated": null, "fiscalDateEnding": "2019-02-27", "updatedFromDate": "2023-05-17"}, {"date": "2019-05-27", "symbol": "6668.TW", "eps": 0.05514, "epsEstimated": null, "time": "bmo", "revenue": 261939000, "revenueEstimated": null, "fiscalDateEnding": "2019-03-30", "updatedFromDate": "2023-08-16"}, {"date": "2019-05-27", "symbol": "GREAT.ST", "eps": -0.45526, "epsEstimated": null, "time": "bmo", "revenue": 3699310, "revenueEstimated": null, "fiscalDateEnding": "2019-03-30", "updatedFromDate": "2023-08-16"}, {"date": "2019-05-27", "symbol": "F9D.SI", "eps": null, "epsEstimated": null, "time": "bmo", "revenue": null, "revenueEstimated": null, "fiscalDateEnding": "2019-09-30", "updatedFromDate": "2023-05-17"}, {"date": "2019-05-27", "symbol": "PSHIF", "eps": null, "epsEstimated": null, "time": "bmo", "revenue": null, "revenueEstimated": null, "fiscalDateEnding": "2019-03-31", "updatedFromDate": "2023-08-16"}, {"date": "2019-05-27", "symbol": "LINK", "eps": -0.04829, "epsEstimated": null, "time": "bmo", "revenue": 1450000, "revenueEstimated": null, "fiscalDateEnding": "2019-03-30", "updatedFromDate": "2023-08-16"}, {"date": "2019-05-27", "symbol": "GTGDF", "eps": -0.01, "epsEstimated": -0.00778, "time": "bmo", "revenue": null, "revenueEstimated": null, "fiscalDateEnding": "2019-03-31", "updatedFromDate": "2023-05-17"}, {"date": "2019-05-27", "symbol": "ASRI.JK", "eps": 8.11, "epsEstimated": 17.87, "time": "bmo", "revenue": 685112168000, "revenueEstimated": null, "fiscalDateEnding": "2019-03-30", "updatedFromDate": "2023-08-16"}, {"date": "2019-05-27", "symbol": "MCESF", "eps": 0.2, "epsEstimated": 0.38, "time": "bmo", "revenue": null, "revenueEstimated": null, "fiscalDateEnding": "2019-03-31", "updatedFromDate": "2023-08-16"}, {"date": "2019-05-27", "symbol": "SEIGF", "eps": null, "epsEstimated": null, "time": "bmo", "revenue": null, "revenueEstimated": null, "fiscalDateEnding": "2019-03-31", "updatedFromDate": "2023-08-16"}, {"date": "2019-05-27", "symbol": "GAILF", "eps": null, "epsEstimated": null, "time": "bmo", "revenue": null, "revenueEstimated": null, "fiscalDateEnding": "2019-09-30", "updatedFromDate": "2023-05-17"}, {"date": "2019-05-27", "symbol": "DLCG.TO", "eps": -0.04, "epsEstimated": -0.02, "time": "bmo", "revenue": 32995000, "revenueEstimated": null, "fiscalDateEnding": "2019-03-31", "updatedFromDate": "2023-10-16"}, {"date": "2019-05-27", "symbol": "NUPMF", "eps": null, "epsEstimated": null, "time": "bmo", "revenue": null, "revenueEstimated": null, "fiscalDateEnding": "2019-03-31", "updatedFromDate": "2023-05-17"}, {"date": "2019-05-27", "symbol": "6858.HK", "eps": -0.30062, "epsEstimated": null, "time": "bmo", "revenue": 5946803500, "revenueEstimated": null, "fiscalDateEnding": "2019-02-27", "updatedFromDate": "2023-10-17"}, {"date": "2019-05-27", "symbol": "VLPNF", "eps": 0.81, "epsEstimated": 0.84, "time": "bmo", "revenue": 3033600000, "revenueEstimated": null, "fiscalDateEnding": "2019-02-27", "updatedFromDate": "2023-10-16"}, {"date": "2019-05-27", "symbol": "AT.TO", "eps": -0.07, "epsEstimated": -0.06, "time": "bmo", "revenue": 27921884, "revenueEstimated": 22123811.999999996, "fiscalDateEnding": "2019-03-31", "updatedFromDate": "2023-05-17"}, {"date": "2019-05-27", "symbol": "FBKIF", "eps": null, "epsEstimated": null, "time": "bmo", "revenue": null, "revenueEstimated": null, "fiscalDateEnding": "2019-03-31", "updatedFromDate": "2023-05-17"}, {"date": "2019-05-27", "symbol": "SLI", "eps": -0.00996, "epsEstimated": null, "time": "bmo", "revenue": null, "revenueEstimated": null, "fiscalDateEnding": "2019-02-27", "updatedFromDate": "2023-10-16"}, {"date": "2019-05-27", "symbol": "RSTI.ME", "eps": 0.1416, "epsEstimated": null, "time": "bmo", "revenue": 265526000000, "revenueEstimated": null, "fiscalDateEnding": "2019-03-30", "updatedFromDate": "2023-05-17"}, {"date": "2019-05-27", "symbol": "AGGFF", "eps": null, "epsEstimated": null, "time": "amc", "revenue": null, "revenueEstimated": null, "fiscalDateEnding": "2019-03-31", "updatedFromDate": "2023-05-17"}, {"date": "2019-05-27", "symbol": "NNXPF", "eps": -0.03, "epsEstimated": -0.003, "time": "bmo", "revenue": 17733510, "revenueEstimated": null, "fiscalDateEnding": "2019-02-27", "updatedFromDate": "2023-10-16"}, {"date": "2019-05-27", "symbol": "688366.SS", "eps": null, "epsEstimated": null, "time": "bmo", "revenue": null, "revenueEstimated": null, "fiscalDateEnding": "2019-03-31", "updatedFromDate": "2023-05-17"}, {"date": "2019-05-27", "symbol": "EUC.WA", "eps": 0.2995, "epsEstimated": null, "time": "bmo", "revenue": 18801000, "revenueEstimated": null, "fiscalDateEnding": "2019-06-29", "updatedFromDate": "2023-05-17"}, {"date": "2019-05-27", "symbol": "MPH.V", "eps": -0.18, "epsEstimated": -0.009, "time": "bmo", "revenue": 4880000, "revenueEstimated": null, "fiscalDateEnding": "2019-03-31", "updatedFromDate": "2023-10-16"}, {"date": "2019-05-28", "symbol": "VMC.V", "eps": -0.02105, "epsEstimated": null, "time": "bmo", "revenue": 4293764.230078, "revenueEstimated": null, "fiscalDateEnding": "2019-03-31", "updatedFromDate": "2023-10-16"}, {"date": "2019-05-28", "symbol": "LUM.V", "eps": -0.01635, "epsEstimated": null, "time": "bmo", "revenue": null, "revenueEstimated": null, "fiscalDateEnding": "2019-02-28", "updatedFromDate": "2023-05-17"}, {"date": "2019-05-28", "symbol": "ADMT.CN", "eps": -0.0045, "epsEstimated": null, "time": "bmo", "revenue": 267296, "revenueEstimated": null, "fiscalDateEnding": "2019-03-31", "updatedFromDate": "2023-10-16"}, {"date": "2019-05-28", "symbol": "STS.V", "eps": null, "epsEstimated": null, "time": "bmo", "revenue": null, "revenueEstimated": null, "fiscalDateEnding": "2019-03-31", "updatedFromDate": "2023-05-17"}, {"date": "2019-05-28", "symbol": "TK.V", "eps": null, "epsEstimated": null, "time": "bmo", "revenue": null, "revenueEstimated": null, "fiscalDateEnding": "2019-06-30", "updatedFromDate": "2023-05-17"}, {"date": "2019-05-28", "symbol": "CIE.WA", "eps": 0.37, "epsEstimated": null, "time": "bmo", "revenue": 944645000, "revenueEstimated": null, "fiscalDateEnding": "2019-02-28", "updatedFromDate": "2023-05-17"}, {"date": "2019-05-28", "symbol": "KNOS.L", "eps": 0.03771, "epsEstimated": null, "time": "bmo", "revenue": 44694500, "revenueEstimated": null, "fiscalDateEnding": "2019-02-28", "updatedFromDate": "2023-10-17"}, {"date": "2019-05-28", "symbol": "IVUFF", "eps": null, "epsEstimated": null, "time": "bmo", "revenue": null, "revenueEstimated": null, "fiscalDateEnding": "2019-03-31", "updatedFromDate": "2023-05-17"}, {"date": "2019-05-28", "symbol": "RFK.WA", "eps": -1.38031, "epsEstimated": null, "time": "bmo", "revenue": 206467000, "revenueEstimated": null, "fiscalDateEnding": "2019-06-29", "updatedFromDate": "2023-05-17"}, {"date": "2019-05-28", "symbol": "CEL", "eps": -0.13769, "epsEstimated": null, "time": "bmo", "revenue": 928000000, "revenueEstimated": null, "fiscalDateEnding": "2019-03-30", "updatedFromDate": "2023-05-17"}, {"date": "2019-05-28", "symbol": "JT", "eps": 0.24, "epsEstimated": -0.16, "time": "bmo", "revenue": 654859000, "revenueEstimated": 6063509.259259286, "fiscalDateEnding": "2019-03-31", "updatedFromDate": "2023-09-29"}, {"date": "2019-05-28", "symbol": "LAIX", "eps": -2.38, "epsEstimated": -6.16, "time": "bmo", "revenue": 276427000, "revenueEstimated": 619928210.5263158, "fiscalDateEnding": "2019-02-28", "updatedFromDate": "2023-09-29"}, {"date": "2019-05-28", "symbol": "ESEA", "eps": -0.32, "epsEstimated": -0.32, "time": "amc", "revenue": 8338131, "revenueEstimated": 8338130, "fiscalDateEnding": "2019-03-31", "updatedFromDate": "2023-09-29"}, {"date": "2019-05-28", "symbol": "AFHFF", "eps": null, "epsEstimated": null, "time": "bmo", "revenue": null, "revenueEstimated": null, "fiscalDateEnding": "2019-03-31", "updatedFromDate": "2023-05-17"}, {"date": "2019-05-28", "symbol": "7354.T", "eps": null, "epsEstimated": null, "time": "bmo", "revenue": null, "revenueEstimated": null, "fiscalDateEnding": "2019-03-31", "updatedFromDate": "2023-05-17"}, {"date": "2019-05-28", "symbol": "ABVC", "eps": -0.5, "epsEstimated": null, "time": "bmo", "revenue": 212242, "revenueEstimated": null, "fiscalDateEnding": "2019-03-30", "updatedFromDate": "2023-09-29"}, {"date": "2019-05-28", "symbol": "SOTK", "eps": 0.00398, "epsEstimated": null, "time": "bmo", "revenue": 2935750, "revenueEstimated": null, "fiscalDateEnding": "2019-02-27", "updatedFromDate": "2023-09-29"}, {"date": "2019-05-28", "symbol": "QTNT", "eps": -0.41, "epsEstimated": -0.45, "time": "bmo", "revenue": 8281000, "revenueEstimated": 9088902.43902439, "fiscalDateEnding": "2019-03-30", "updatedFromDate": "2023-05-17"}, {"date": "2019-05-28", "symbol": "YMAIF", "eps": null, "epsEstimated": null, "time": "bmo", "revenue": null, "revenueEstimated": null, "fiscalDateEnding": "2019-06-30", "updatedFromDate": "2023-05-17"}, {"date": "2019-05-28", "symbol": "AMGO.L", "eps": 5.5, "epsEstimated": 6, "time": "bmo", "revenue": 72600000, "revenueEstimated": null, "fiscalDateEnding": "2019-02-28", "updatedFromDate": "2023-10-17"}, {"date": "2019-05-28", "symbol": "LA.V", "eps": -0.00915, "epsEstimated": null, "time": "bmo", "revenue": null, "revenueEstimated": null, "fiscalDateEnding": "2019-03-30", "updatedFromDate": "2023-05-17"}, {"date": "2019-05-28", "symbol": "RCKZF", "eps": null, "epsEstimated": null, "time": "bmo", "revenue": null, "revenueEstimated": null, "fiscalDateEnding": "2019-03-31", "updatedFromDate": "2023-05-17"}, {"date": "2019-05-28", "symbol": "LBGUF", "eps": null, "epsEstimated": null, "time": "bmo", "revenue": null, "revenueEstimated": null, "fiscalDateEnding": "2019-03-31", "updatedFromDate": "2023-05-17"}, {"date": "2019-05-28", "symbol": "KUBE.ME", "eps": null, "epsEstimated": null, "time": "bmo", "revenue": null, "revenueEstimated": null, "fiscalDateEnding": "2019-03-30", "updatedFromDate": "2023-05-17"}, {"date": "2019-05-28", "symbol": "ENADF", "eps": null, "epsEstimated": null, "time": "bmo", "revenue": null, "revenueEstimated": null, "fiscalDateEnding": "2019-03-31", "updatedFromDate": "2023-08-17"}, {"date": "2019-05-28", "symbol": "BKHPF", "eps": 0.62, "epsEstimated": 0.73, "time": "bmo", "revenue": null, "revenueEstimated": 2742209677.419355, "fiscalDateEnding": "2019-03-31", "updatedFromDate": "2023-05-17"}, {"date": "2019-05-28", "symbol": "SMTTF", "eps": null, "epsEstimated": null, "time": "bmo", "revenue": null, "revenueEstimated": null, "fiscalDateEnding": "2019-03-31", "updatedFromDate": "2023-05-17"}, {"date": "2019-05-28", "symbol": "EDUC", "eps": 0.07, "epsEstimated": null, "time": "bmo", "revenue": 23625400, "revenueEstimated": null, "fiscalDateEnding": "2019-02-27", "updatedFromDate": "2023-09-29"}, {"date": "2019-05-28", "symbol": "ORTX", "eps": -3.5, "epsEstimated": -4.9, "time": "bmo", "revenue": null, "revenueEstimated": null, "fiscalDateEnding": "2019-03-31", "updatedFromDate": "2023-09-29"}, {"date": "2019-05-28", "symbol": "SAMOD", "eps": 0.02, "epsEstimated": 0.01, "time": "bmo", "revenue": null, "revenueEstimated": null, "fiscalDateEnding": "2019-03-31", "updatedFromDate": "2023-05-17"}, {"date": "2019-05-28", "symbol": "PGXPF", "eps": -0.01, "epsEstimated": null, "time": "bmo", "revenue": 27500, "revenueEstimated": null, "fiscalDateEnding": "2019-03-31", "updatedFromDate": "2023-09-29"}, {"date": "2019-05-28", "symbol": "AUNFF", "eps": -0.01, "epsEstimated": null, "time": "bmo", "revenue": null, "revenueEstimated": null, "fiscalDateEnding": "2019-03-31", "updatedFromDate": "2023-09-29"}, {"date": "2019-05-28", "symbol": "WLFFF", "eps": null, "epsEstimated": null, "time": "amc", "revenue": null, "revenueEstimated": null, "fiscalDateEnding": "2019-03-31", "updatedFromDate": "2023-05-17"}, {"date": "2019-05-28", "symbol": "BUSXF", "eps": null, "epsEstimated": null, "time": "bmo", "revenue": null, "revenueEstimated": null, "fiscalDateEnding": "2019-03-31", "updatedFromDate": "2023-05-17"}, {"date": "2019-05-28", "symbol": "BAH", "eps": 0.64, "epsEstimated": 0.63, "time": "bmo", "revenue": 1780080000, "revenueEstimated": 1752266250, "fiscalDateEnding": "2019-03-30", "updatedFromDate": "2023-09-29"}, {"date": "2019-05-28", "symbol": "AMWD", "eps": 1.87, "epsEstimated": 1.88, "time": "bmo", "revenue": 407399000, "revenueEstimated": 411756208.55614966, "fiscalDateEnding": "2019-04-29", "updatedFromDate": "2023-09-29"}, {"date": "2019-05-28", "symbol": "NM-PH", "eps": -1.16, "epsEstimated": -2.76, "time": "bmo", "revenue": null, "revenueEstimated": null, "fiscalDateEnding": "2019-03-31", "updatedFromDate": "2023-05-17"}, {"date": "2019-05-28", "symbol": "BRG.WA", "eps": 0.12, "epsEstimated": null, "time": "bmo", "revenue": 16945000, "revenueEstimated": null, "fiscalDateEnding": "2019-03-31", "updatedFromDate": "2023-05-17"}, {"date": "2019-05-28", "symbol": "SB", "eps": 0.03, "epsEstimated": 0.01383, "time": "bmo", "revenue": 48285000, "revenueEstimated": 16095000.000000002, "fiscalDateEnding": "2019-03-31", "updatedFromDate": "2023-09-29"}, {"date": "2019-05-28", "symbol": "LEJU", "eps": -0.8, "epsEstimated": null, "time": "bmo", "revenue": 169965000, "revenueEstimated": null, "fiscalDateEnding": "2019-02-28", "updatedFromDate": "2023-09-29"}, {"date": "2019-05-28", "symbol": "LMGDF", "eps": null, "epsEstimated": null, "time": "bmo", "revenue": null, "revenueEstimated": null, "fiscalDateEnding": "2019-03-31", "updatedFromDate": "2023-05-17"}, {"date": "2019-05-28", "symbol": "DCAC", "eps": -0.00232, "epsEstimated": null, "time": "bmo", "revenue": 1271193, "revenueEstimated": null, "fiscalDateEnding": "2019-02-27", "updatedFromDate": "2023-05-17"}, {"date": "2019-05-28", "symbol": "ESLT.TA", "eps": null, "epsEstimated": 1.24, "time": "bmo", "revenue": null, "revenueEstimated": null, "fiscalDateEnding": "2019-03-31", "updatedFromDate": "2023-05-17"}, {"date": "2019-05-28", "symbol": "WUBA", "eps": 0.43, "epsEstimated": 0.31, "time": "bmo", "revenue": 3028253000, "revenueEstimated": 2183159139.5348835, "fiscalDateEnding": "2019-03-30", "updatedFromDate": "2023-05-17"}, {"date": "2019-05-28", "symbol": "TRUL.CN", "eps": 0.13, "epsEstimated": 0.11, "time": "bmo", "revenue": 44475965, "revenueEstimated": null, "fiscalDateEnding": "2019-03-30", "updatedFromDate": "2023-08-16"}, {"date": "2019-05-28", "symbol": "CWBHF", "eps": 0.02, "epsEstimated": 0.04, "time": "bmo", "revenue": 21700000, "revenueEstimated": 29295000, "fiscalDateEnding": "2019-03-31", "updatedFromDate": "2023-05-17"}, {"date": "2019-05-28", "symbol": "MDG.WA", "eps": 1.24, "epsEstimated": null, "time": "bmo", "revenue": 48696000, "revenueEstimated": null, "fiscalDateEnding": "2019-03-30", "updatedFromDate": "2023-05-17"}, {"date": "2019-05-28", "symbol": "TCNNF", "eps": 0.13, "epsEstimated": 0.11, "time": "bmo", "revenue": 44475965, "revenueEstimated": 36389425, "fiscalDateEnding": "2019-03-30", "updatedFromDate": "2023-05-17"}, {"date": "2019-05-28", "symbol": "NWVCF", "eps": -0.00219, "epsEstimated": -0.0011, "time": "amc", "revenue": 8773000, "revenueEstimated": null, "fiscalDateEnding": "2019-03-31", "updatedFromDate": "2023-08-25"}, {"date": "2019-05-28", "symbol": "STC.TO", "eps": 0.14, "epsEstimated": 0.07, "time": "bmo", "revenue": 24716543.287376, "revenueEstimated": null, "fiscalDateEnding": "2019-02-28", "updatedFromDate": "2023-10-16"}, {"date": "2019-05-28", "symbol": "FEOVF", "eps": null, "epsEstimated": null, "time": "bmo", "revenue": null, "revenueEstimated": null, "fiscalDateEnding": "2019-03-31", "updatedFromDate": "2023-05-17"}, {"date": "2019-05-28", "symbol": "SANG", "eps": 0.02, "epsEstimated": 0.01, "time": "amc", "revenue": 24716543.287376, "revenueEstimated": null, "fiscalDateEnding": "2019-02-28", "updatedFromDate": "2023-10-16"}, {"date": "2019-05-28", "symbol": "POS.VI", "eps": 0.4717, "epsEstimated": null, "time": "bmo", "revenue": 1236197000, "revenueEstimated": null, "fiscalDateEnding": "2019-02-28", "updatedFromDate": "2023-05-17"}, {"date": "2019-05-28", "symbol": "MGPHF", "eps": -0.03, "epsEstimated": -0.02, "time": "bmo", "revenue": null, "revenueEstimated": null, "fiscalDateEnding": "2019-02-28", "updatedFromDate": "2023-10-16"}, {"date": "2019-05-28", "symbol": "ENSU.OL", "eps": null, "epsEstimated": null, "time": "bmo", "revenue": null, "revenueEstimated": null, "fiscalDateEnding": "2019-03-31", "updatedFromDate": "2023-05-17"}, {"date": "2019-05-28", "symbol": "CANG", "eps": 0.09, "epsEstimated": 0.16, "time": "amc", "revenue": 351658505, "revenueEstimated": 498182889.1666667, "fiscalDateEnding": "2019-03-31", "updatedFromDate": "2023-09-29"}, {"date": "2019-05-28", "symbol": "IDGBF", "eps": -0.86, "epsEstimated": 0.14, "time": "bmo", "revenue": 383737000, "revenueEstimated": null, "fiscalDateEnding": "2019-02-28", "updatedFromDate": "2023-10-17"}, {"date": "2019-05-28", "symbol": "BORR", "eps": -1.01749, "epsEstimated": null, "time": "bmo", "revenue": 51900000, "revenueEstimated": null, "fiscalDateEnding": "2019-03-31", "updatedFromDate": "2023-09-29"}, {"date": "2019-05-28", "symbol": "LLG.V", "eps": -0.03, "epsEstimated": -0.02, "time": "bmo", "revenue": null, "revenueEstimated": null, "fiscalDateEnding": "2019-02-28", "updatedFromDate": "2023-10-16"}, {"date": "2019-05-28", "symbol": "CBI.TA", "eps": null, "epsEstimated": null, "time": "bmo", "revenue": null, "revenueEstimated": null, "fiscalDateEnding": "2019-03-31", "updatedFromDate": "2023-05-17"}, {"date": "2019-05-28", "symbol": "BSPB.ME", "eps": 2.63, "epsEstimated": null, "time": "bmo", "revenue": 7366385000, "revenueEstimated": null, "fiscalDateEnding": "2019-03-31", "updatedFromDate": "2023-10-16"}, {"date": "2019-05-28", "symbol": "ESI.PA", "eps": null, "epsEstimated": null, "time": "bmo", "revenue": null, "revenueEstimated": null, "fiscalDateEnding": "2019-03-31", "updatedFromDate": "2023-05-17"}, {"date": "2019-05-28", "symbol": "CEL.TA", "eps": -0.1377, "epsEstimated": null, "time": "bmo", "revenue": 928000000, "revenueEstimated": null, "fiscalDateEnding": "2019-03-31", "updatedFromDate": "2023-05-17"}, {"date": "2019-05-28", "symbol": "SLOFF", "eps": null, "epsEstimated": null, "time": "bmo", "revenue": null, "revenueEstimated": null, "fiscalDateEnding": "2019-03-31", "updatedFromDate": "2023-05-17"}, {"date": "2019-05-28", "symbol": "300738.SZ", "eps": null, "epsEstimated": null, "time": "bmo", "revenue": null, "revenueEstimated": null, "fiscalDateEnding": "2019-03-31", "updatedFromDate": "2023-05-17"}, {"date": "2019-05-28", "symbol": "SK.SN", "eps": null, "epsEstimated": null, "time": "bmo", "revenue": null, "revenueEstimated": null, "fiscalDateEnding": "2019-03-31", "updatedFromDate": "2023-05-17"}, {"date": "2019-05-28", "symbol": "TKRFF", "eps": null, "epsEstimated": null, "time": "bmo", "revenue": null, "revenueEstimated": null, "fiscalDateEnding": "2019-06-30", "updatedFromDate": "2023-05-17"}, {"date": "2019-05-28", "symbol": "VLPNY", "eps": 0.21, "epsEstimated": null, "time": "bmo", "revenue": 3033600000, "revenueEstimated": null, "fiscalDateEnding": "2019-02-28", "updatedFromDate": "2023-10-17"}, {"date": "2019-05-28", "symbol": "ERD.NZ", "eps": null, "epsEstimated": null, "time": "bmo", "revenue": null, "revenueEstimated": null, "fiscalDateEnding": "2019-09-30", "updatedFromDate": "2023-10-17"}, {"date": "2019-05-28", "symbol": "MFT.NZ", "eps": 0.3952, "epsEstimated": null, "time": "bmo", "revenue": 773684000, "revenueEstimated": null, "fiscalDateEnding": "2019-02-28", "updatedFromDate": "2023-10-17"}, {"date": "2019-05-28", "symbol": "IDYA", "eps": -0.49126, "epsEstimated": null, "time": "bmo", "revenue": null, "revenueEstimated": null, "fiscalDateEnding": "2019-03-31", "updatedFromDate": "2023-09-29"}, {"date": "2019-05-28", "symbol": "MNRB.KL", "eps": null, "epsEstimated": null, "time": "bmo", "revenue": null, "revenueEstimated": null, "fiscalDateEnding": "2019-03-31", "updatedFromDate": "2023-05-17"}, {"date": "2019-05-28", "symbol": "LAKSHVILAS.NS", "eps": -9.93, "epsEstimated": null, "time": "bmo", "revenue": 1912854000, "revenueEstimated": null, "fiscalDateEnding": "2019-02-28", "updatedFromDate": "2023-10-16"}, {"date": "2019-05-28", "symbol": "ILC.SN", "eps": null, "epsEstimated": null, "time": "bmo", "revenue": null, "revenueEstimated": null, "fiscalDateEnding": "2019-03-31", "updatedFromDate": "2023-05-17"}, {"date": "2019-05-28", "symbol": "CWEB.TO", "eps": 0.02, "epsEstimated": 0.01333, "time": "bmo", "revenue": 21700000, "revenueEstimated": null, "fiscalDateEnding": "2019-03-31", "updatedFromDate": "2023-08-25"}, {"date": "2019-05-28", "symbol": "MEDC.JK", "eps": -1e-05, "epsEstimated": null, "time": "bmo", "revenue": 341650526, "revenueEstimated": null, "fiscalDateEnding": "2019-02-28", "updatedFromDate": "2023-05-17"}, {"date": "2019-05-28", "symbol": "RAMP", "eps": -0.13, "epsEstimated": -0.18, "time": "amc", "revenue": 78316000, "revenueEstimated": 96388923.07692309, "fiscalDateEnding": "2019-03-30", "updatedFromDate": "2023-09-29"}, {"date": "2019-05-28", "symbol": "HEI.A", "eps": 0.6, "epsEstimated": null, "time": "amc", "revenue": null, "revenueEstimated": null, "fiscalDateEnding": "2019-03-31", "updatedFromDate": "2023-09-29"}, {"date": "2019-05-28", "symbol": "IDG.TO", "eps": -0.86, "epsEstimated": 0.14, "time": "bmo", "revenue": 383737000, "revenueEstimated": null, "fiscalDateEnding": "2019-02-28", "updatedFromDate": "2023-10-17"}, {"date": "2019-05-28", "symbol": "MRKS.ME", "eps": 0.00227, "epsEstimated": null, "time": "bmo", "revenue": 13261768000, "revenueEstimated": null, "fiscalDateEnding": "2019-02-28", "updatedFromDate": "2023-05-17"}, {"date": "2019-05-28", "symbol": "NWFFF", "eps": null, "epsEstimated": null, "time": "bmo", "revenue": null, "revenueEstimated": null, "fiscalDateEnding": "2019-03-31", "updatedFromDate": "2023-05-17"}, {"date": "2019-05-28", "symbol": "GRSL.V", "eps": null, "epsEstimated": null, "time": "bmo", "revenue": null, "revenueEstimated": null, "fiscalDateEnding": "2019-03-31", "updatedFromDate": "2023-05-17"}, {"date": "2019-05-28", "symbol": "TALK.ST", "eps": -0.07854, "epsEstimated": null, "time": "bmo", "revenue": 5583070, "revenueEstimated": null, "fiscalDateEnding": "2019-03-30", "updatedFromDate": "2023-05-17"}, {"date": "2019-05-28", "symbol": "8924.TWO", "eps": 1.16, "epsEstimated": null, "time": "bmo", "revenue": 850835000, "revenueEstimated": null, "fiscalDateEnding": "2019-03-30", "updatedFromDate": "2023-05-17"}, {"date": "2019-05-28", "symbol": "SAS-DKK.CO", "eps": -0.66, "epsEstimated": -0.57, "time": "bmo", "revenue": 10187000000, "revenueEstimated": null, "fiscalDateEnding": "2019-04-30", "updatedFromDate": "2023-10-16"}, {"date": "2019-05-28", "symbol": "PNADF", "eps": null, "epsEstimated": null, "time": "bmo", "revenue": null, "revenueEstimated": null, "fiscalDateEnding": "2019-03-31", "updatedFromDate": "2023-05-17"}, {"date": "2019-05-28", "symbol": "SAS.ST", "eps": -0.66, "epsEstimated": -0.54, "time": "bmo", "revenue": 10187000000, "revenueEstimated": null, "fiscalDateEnding": "2019-04-30", "updatedFromDate": "2023-10-16"}, {"date": "2019-05-28", "symbol": "MATAS.CO", "eps": 1.84, "epsEstimated": 0.86, "time": "bmo", "revenue": 1173400000, "revenueEstimated": null, "fiscalDateEnding": "2019-02-28", "updatedFromDate": "2023-10-17"}, {"date": "2019-05-28", "symbol": "MRKK.ME", "eps": -1.24027, "epsEstimated": null, "time": "bmo", "revenue": 4664788000, "revenueEstimated": null, "fiscalDateEnding": "2019-02-28", "updatedFromDate": "2023-05-17"}, {"date": "2019-05-28", "symbol": "TAL.V", "eps": 0.0009, "epsEstimated": null, "time": "bmo", "revenue": 7669000, "revenueEstimated": null, "fiscalDateEnding": "2019-02-28", "updatedFromDate": "2023-05-17"}, {"date": "2019-05-28", "symbol": "FIBI.TA", "eps": 1.83, "epsEstimated": null, "time": "bmo", "revenue": 1002000000, "revenueEstimated": null, "fiscalDateEnding": "2019-03-30", "updatedFromDate": "2023-05-17"}, {"date": "2019-05-28", "symbol": "MTHH.CO", "eps": -0.69048, "epsEstimated": null, "time": "bmo", "revenue": 1694200000, "revenueEstimated": null, "fiscalDateEnding": "2019-03-31", "updatedFromDate": "2023-08-16"}, {"date": "2019-05-28", "symbol": "KSIOF", "eps": -0.04, "epsEstimated": -0.025, "time": "amc", "revenue": null, "revenueEstimated": null, "fiscalDateEnding": "2019-03-31", "updatedFromDate": "2023-08-16"}, {"date": "2019-05-28", "symbol": "BTS.BK", "eps": 0.05, "epsEstimated": 0.06, "time": "bmo", "revenue": 10240357000, "revenueEstimated": null, "fiscalDateEnding": "2019-02-28", "updatedFromDate": "2023-10-17"}, {"date": "2019-05-28", "symbol": "THBRF", "eps": -0.0272, "epsEstimated": null, "time": "bmo", "revenue": 14270000, "revenueEstimated": null, "fiscalDateEnding": "2019-02-28", "updatedFromDate": "2023-10-16"}, {"date": "2019-05-28", "symbol": "ENW.V", "eps": null, "epsEstimated": null, "time": "bmo", "revenue": null, "revenueEstimated": null, "fiscalDateEnding": "2019-06-30", "updatedFromDate": "2023-08-16"}, {"date": "2019-05-28", "symbol": "VEV", "eps": -0.02105, "epsEstimated": null, "time": "amc", "revenue": 4293764.230078, "revenueEstimated": null, "fiscalDateEnding": "2019-03-31", "updatedFromDate": "2023-09-29"}, {"date": "2019-05-28", "symbol": "MSEIF", "eps": -0.04, "epsEstimated": -0.03, "time": "bmo", "revenue": null, "revenueEstimated": null, "fiscalDateEnding": "2019-03-31", "updatedFromDate": "2023-08-16"}, {"date": "2019-05-28", "symbol": "GEHI", "eps": -0.8, "epsEstimated": 0.2, "time": "bmo", "revenue": null, "revenueEstimated": null, "fiscalDateEnding": "2019-03-31", "updatedFromDate": "2023-08-16"}, {"date": "2019-05-28", "symbol": "GDNP.V", "eps": -0.00763, "epsEstimated": null, "time": "bmo", "revenue": 2056014, "revenueEstimated": null, "fiscalDateEnding": "2019-03-31", "updatedFromDate": "2023-10-16"}, {"date": "2019-05-28", "symbol": "ELVT.V", "eps": -0.03389, "epsEstimated": null, "time": "bmo", "revenue": 8577000, "revenueEstimated": null, "fiscalDateEnding": "2019-03-31", "updatedFromDate": "2023-10-16"}, {"date": "2019-05-28", "symbol": "PYNKF", "eps": -0.04228, "epsEstimated": null, "time": "bmo", "revenue": null, "revenueEstimated": null, "fiscalDateEnding": "2019-03-31", "updatedFromDate": "2023-08-25"}, {"date": "2019-05-28", "symbol": "LPP.WA", "eps": -62.5, "epsEstimated": -59.25, "time": "bmo", "revenue": null, "revenueEstimated": null, "fiscalDateEnding": "2019-02-28", "updatedFromDate": "2023-10-16"}, {"date": "2019-05-28", "symbol": "RYB", "eps": -0.06, "epsEstimated": -0.0075, "time": "bmo", "revenue": 53551000, "revenueEstimated": 5710666.666666661, "fiscalDateEnding": "2019-02-28", "updatedFromDate": "2023-08-16"}, {"date": "2019-05-28", "symbol": "UBS.VI", "eps": 0.78, "epsEstimated": null, "time": "bmo", "revenue": 36030000, "revenueEstimated": null, "fiscalDateEnding": "2019-03-31", "updatedFromDate": "2023-08-16"}, {"date": "2019-05-28", "symbol": "NIO", "eps": -0.36, "epsEstimated": -3.23, "time": "bmo", "revenue": 1631161000, "revenueEstimated": 2177128111.570248, "fiscalDateEnding": "2019-03-31", "updatedFromDate": "2023-09-29"}, {"date": "2019-05-28", "symbol": "MOHCF", "eps": 0.96, "epsEstimated": 0.46, "time": "bmo", "revenue": null, "revenueEstimated": null, "fiscalDateEnding": "2019-03-31", "updatedFromDate": "2023-08-17"}, {"date": "2019-05-28", "symbol": "PTAL.L", "eps": -0.003, "epsEstimated": null, "time": "bmo", "revenue": 4315000, "revenueEstimated": null, "fiscalDateEnding": "2019-03-30", "updatedFromDate": "2023-08-16"}, {"date": "2019-05-28", "symbol": "GDNPF", "eps": null, "epsEstimated": null, "time": "bmo", "revenue": null, "revenueEstimated": null, "fiscalDateEnding": "2019-03-31", "updatedFromDate": "2023-08-16"}, {"date": "2019-05-28", "symbol": "EG7.ST", "eps": 0.0925, "epsEstimated": null, "time": "bmo", "revenue": 14827000, "revenueEstimated": null, "fiscalDateEnding": "2019-03-31", "updatedFromDate": "2023-10-16"}, {"date": "2019-05-28", "symbol": "8411.TW", "eps": -0.21, "epsEstimated": null, "time": "bmo", "revenue": 1292982000, "revenueEstimated": null, "fiscalDateEnding": "2019-02-28", "updatedFromDate": "2023-08-16"}, {"date": "2019-05-28", "symbol": "FBAYF", "eps": -0.04, "epsEstimated": -0.025, "time": "amc", "revenue": null, "revenueEstimated": null, "fiscalDateEnding": "2019-03-31", "updatedFromDate": "2023-08-16"}, {"date": "2019-05-28", "symbol": "RTLR", "eps": 0.2639, "epsEstimated": null, "time": "bmo", "revenue": 95176000, "revenueEstimated": null, "fiscalDateEnding": "2019-03-30", "updatedFromDate": "2023-08-16"}, {"date": "2019-05-28", "symbol": "XEBEQ", "eps": null, "epsEstimated": null, "time": "bmo", "revenue": null, "revenueEstimated": null, "fiscalDateEnding": "2019-03-31", "updatedFromDate": "2023-08-16"}, {"date": "2019-05-28", "symbol": "688233.SS", "eps": 0.33, "epsEstimated": null, "time": "bmo", "revenue": 83431176.14, "revenueEstimated": null, "fiscalDateEnding": "2019-03-30", "updatedFromDate": "2023-05-17"}, {"date": "2019-05-28", "symbol": "IFLXF", "eps": 0.01, "epsEstimated": null, "time": "bmo", "revenue": null, "revenueEstimated": null, "fiscalDateEnding": "2019-03-31", "updatedFromDate": "2023-08-17"}, {"date": "2019-05-28", "symbol": "SOFF.OL", "eps": -1809.55845, "epsEstimated": null, "time": "bmo", "revenue": 1145519000, "revenueEstimated": null, "fiscalDateEnding": "2019-03-31", "updatedFromDate": "2023-08-17"}, {"date": "2019-05-28", "symbol": "6675.T", "eps": 45.89, "epsEstimated": null, "time": "bmo", "revenue": 9719000000, "revenueEstimated": null, "fiscalDateEnding": "2019-02-28", "updatedFromDate": "2023-10-17"}, {"date": "2019-05-28", "symbol": "LSANF", "eps": null, "epsEstimated": null, "time": "bmo", "revenue": null, "revenueEstimated": null, "fiscalDateEnding": "2019-06-30", "updatedFromDate": "2023-05-17"}, {"date": "2019-05-28", "symbol": "VCTR.TA", "eps": null, "epsEstimated": null, "time": "bmo", "revenue": null, "revenueEstimated": null, "fiscalDateEnding": "2019-03-31", "updatedFromDate": "2023-05-17"}, {"date": "2019-05-28", "symbol": "TBRD.V", "eps": -0.0272, "epsEstimated": null, "time": "bmo", "revenue": 14270000, "revenueEstimated": null, "fiscalDateEnding": "2019-02-28", "updatedFromDate": "2023-10-16"}, {"date": "2019-05-28", "symbol": "KMGLF", "eps": null, "epsEstimated": null, "time": "bmo", "revenue": null, "revenueEstimated": null, "fiscalDateEnding": "2019-03-31", "updatedFromDate": "2023-05-17"}, {"date": "2019-05-28", "symbol": "KSPN", "eps": -10.82484, "epsEstimated": null, "time": "amc", "revenue": 100325000, "revenueEstimated": null, "fiscalDateEnding": "2019-02-28", "updatedFromDate": "2023-10-10"}, {"date": "2019-05-28", "symbol": "7590.T", "eps": 4.64, "epsEstimated": null, "time": "bmo", "revenue": 3753692000, "revenueEstimated": null, "fiscalDateEnding": "2019-02-28", "updatedFromDate": "2023-10-17"}, {"date": "2019-05-28", "symbol": "REACH.OL", "eps": -0.12987, "epsEstimated": null, "time": "bmo", "revenue": 67390000, "revenueEstimated": null, "fiscalDateEnding": "2019-03-31", "updatedFromDate": "2023-08-17"}, {"date": "2019-05-28", "symbol": "GENM.TO", "eps": -0.00281, "epsEstimated": null, "time": "bmo", "revenue": null, "revenueEstimated": null, "fiscalDateEnding": "2019-03-31", "updatedFromDate": "2023-05-17"}, {"date": "2019-05-28", "symbol": "LPRRF", "eps": null, "epsEstimated": null, "time": "bmo", "revenue": null, "revenueEstimated": null, "fiscalDateEnding": "2019-09-30", "updatedFromDate": "2023-05-17"}, {"date": "2019-05-28", "symbol": "HEI-A", "eps": 0.6, "epsEstimated": 0.49, "time": "bmo", "revenue": 515648000, "revenueEstimated": null, "fiscalDateEnding": "2019-04-29", "updatedFromDate": "2023-10-16"}, {"date": "2019-05-28", "symbol": "OBD.L", "eps": -0.00756, "epsEstimated": null, "time": "bmo", "revenue": 226750, "revenueEstimated": null, "fiscalDateEnding": "2019-02-28", "updatedFromDate": "2023-05-17"}, {"date": "2019-05-28", "symbol": "KNBHF", "eps": 1.13, "epsEstimated": null, "time": "bmo", "revenue": null, "revenueEstimated": null, "fiscalDateEnding": "2019-03-31", "updatedFromDate": "2023-05-17"}, {"date": "2019-05-28", "symbol": "GRSLF", "eps": null, "epsEstimated": null, "time": "amc", "revenue": null, "revenueEstimated": null, "fiscalDateEnding": "2019-03-31", "updatedFromDate": "2023-05-17"}, {"date": "2019-05-28", "symbol": "STSBF", "eps": null, "epsEstimated": null, "time": "bmo", "revenue": null, "revenueEstimated": null, "fiscalDateEnding": "2019-03-31", "updatedFromDate": "2023-05-17"}, {"date": "2019-05-28", "symbol": "IIA.VI", "eps": 0.25, "epsEstimated": null, "time": "bmo", "revenue": 139566000, "revenueEstimated": null, "fiscalDateEnding": "2019-03-31", "updatedFromDate": "2023-10-16"}, {"date": "2019-05-28", "symbol": "ENMPD", "eps": null, "epsEstimated": null, "time": "bmo", "revenue": null, "revenueEstimated": null, "fiscalDateEnding": "2019-03-31", "updatedFromDate": "2023-05-17"}, {"date": "2019-05-28", "symbol": "SASDF", "eps": -0.66, "epsEstimated": -0.57, "time": "bmo", "revenue": null, "revenueEstimated": null, "fiscalDateEnding": "2019-03-31", "updatedFromDate": "2023-05-17"}, {"date": "2019-05-28", "symbol": "SEM.VI", "eps": 0.1507, "epsEstimated": null, "time": "bmo", "revenue": 212938000, "revenueEstimated": null, "fiscalDateEnding": "2019-03-31", "updatedFromDate": "2023-08-17"}, {"date": "2019-05-28", "symbol": "YY", "eps": 1.38, "epsEstimated": 1.45, "time": "amc", "revenue": 712115962.408445, "revenueEstimated": 4888301021.459227, "fiscalDateEnding": "2019-03-31", "updatedFromDate": "2023-09-29"}, {"date": "2019-05-28", "symbol": "BUSXD", "eps": null, "epsEstimated": null, "time": "bmo", "revenue": null, "revenueEstimated": null, "fiscalDateEnding": "2019-03-31", "updatedFromDate": "2023-05-17"}, {"date": "2019-05-28", "symbol": "COV.V", "eps": null, "epsEstimated": null, "time": "bmo", "revenue": null, "revenueEstimated": null, "fiscalDateEnding": "2019-06-30", "updatedFromDate": "2023-05-17"}, {"date": "2019-05-28", "symbol": "GBLEF", "eps": null, "epsEstimated": null, "time": "bmo", "revenue": null, "revenueEstimated": null, "fiscalDateEnding": "2019-06-30", "updatedFromDate": "2023-05-17"}, {"date": "2019-05-28", "symbol": "2889.TW", "eps": 0.2005, "epsEstimated": null, "time": "bmo", "revenue": 1527876000, "revenueEstimated": null, "fiscalDateEnding": "2019-03-31", "updatedFromDate": "2023-08-25"}, {"date": "2019-05-28", "symbol": "MEC", "eps": 0.18, "epsEstimated": null, "time": "amc", "revenue": 143732000, "revenueEstimated": null, "fiscalDateEnding": "2019-03-30", "updatedFromDate": "2023-09-29"}, {"date": "2019-05-28", "symbol": "TWMC", "eps": -36.15393, "epsEstimated": null, "time": "bmo", "revenue": 127429000, "revenueEstimated": null, "fiscalDateEnding": "2019-02-01", "updatedFromDate": "2023-05-17"}, {"date": "2019-05-28", "symbol": "NM", "eps": -0.19, "epsEstimated": -2.76, "time": "bmo", "revenue": 140280000, "revenueEstimated": 273411310.3448276, "fiscalDateEnding": "2019-03-31", "updatedFromDate": "2023-09-29"}, {"date": "2019-05-28", "symbol": "NXGN", "eps": 0.23, "epsEstimated": 0.21, "time": "amc", "revenue": 134785000, "revenueEstimated": 99623695.6521739, "fiscalDateEnding": "2019-03-30", "updatedFromDate": "2023-09-29"}, {"date": "2019-05-28", "symbol": "ATC.WA", "eps": 0.2057, "epsEstimated": null, "time": "bmo", "revenue": 820572000, "revenueEstimated": null, "fiscalDateEnding": "2019-03-30", "updatedFromDate": "2023-05-17"}, {"date": "2019-05-28", "symbol": "MOH.AT", "eps": 0.96, "epsEstimated": 0.46, "time": "bmo", "revenue": 2196838000, "revenueEstimated": null, "fiscalDateEnding": "2019-03-31", "updatedFromDate": "2023-08-25"}, {"date": "2019-05-28", "symbol": "ELROF", "eps": null, "epsEstimated": null, "time": "bmo", "revenue": null, "revenueEstimated": null, "fiscalDateEnding": "2019-06-30", "updatedFromDate": "2023-05-17"}, {"date": "2019-05-28", "symbol": "UGEIF", "eps": null, "epsEstimated": null, "time": "bmo", "revenue": null, "revenueEstimated": null, "fiscalDateEnding": "2019-03-31", "updatedFromDate": "2023-05-17"}, {"date": "2019-05-28", "symbol": "PLAN", "eps": -0.16, "epsEstimated": -0.2, "time": "bmo", "revenue": 75830000, "revenueEstimated": 94787500, "fiscalDateEnding": "2019-04-29", "updatedFromDate": "2023-05-17"}, {"date": "2019-05-28", "symbol": "IMMZF", "eps": null, "epsEstimated": null, "time": "bmo", "revenue": null, "revenueEstimated": null, "fiscalDateEnding": "2019-03-31", "updatedFromDate": "2023-05-17"}, {"date": "2019-05-28", "symbol": "SALASAR.NS", "eps": 0.081, "epsEstimated": null, "time": "bmo", "revenue": 1009716000, "revenueEstimated": null, "fiscalDateEnding": "2019-02-28", "updatedFromDate": "2023-10-17"}, {"date": "2019-05-28", "symbol": "EVGN", "eps": -0.15, "epsEstimated": null, "time": "bmo", "revenue": 348000, "revenueEstimated": null, "fiscalDateEnding": "2019-03-31", "updatedFromDate": "2023-09-29"}, {"date": "2019-05-28", "symbol": "0685.HK", "eps": 0.00202, "epsEstimated": null, "time": "bmo", "revenue": 56230000, "revenueEstimated": null, "fiscalDateEnding": "2019-02-28", "updatedFromDate": "2023-10-17"}, {"date": "2019-05-28", "symbol": "UCCPF", "eps": null, "epsEstimated": null, "time": "bmo", "revenue": null, "revenueEstimated": null, "fiscalDateEnding": "2019-03-31", "updatedFromDate": "2023-05-17"}, {"date": "2019-05-28", "symbol": "VS", "eps": -2.15173, "epsEstimated": null, "time": "bmo", "revenue": 166640.952666, "revenueEstimated": null, "fiscalDateEnding": "2019-03-31", "updatedFromDate": "2023-09-29"}, {"date": "2019-05-28", "symbol": "COGDF", "eps": null, "epsEstimated": null, "time": "bmo", "revenue": null, "revenueEstimated": null, "fiscalDateEnding": "2019-03-31", "updatedFromDate": "2023-05-17"}, {"date": "2019-05-28", "symbol": "GEMC.V", "eps": null, "epsEstimated": null, "time": "bmo", "revenue": null, "revenueEstimated": null, "fiscalDateEnding": "2019-06-30", "updatedFromDate": "2023-05-17"}, {"date": "2019-05-28", "symbol": "6013.SR", "eps": 0.746, "epsEstimated": null, "time": "bmo", "revenue": 39937208, "revenueEstimated": null, "fiscalDateEnding": "2019-06-29", "updatedFromDate": "2023-05-17"}, {"date": "2019-05-28", "symbol": "PTGIF", "eps": null, "epsEstimated": null, "time": "bmo", "revenue": null, "revenueEstimated": null, "fiscalDateEnding": "2019-03-31", "updatedFromDate": "2023-05-17"}, {"date": "2019-05-28", "symbol": "XEBEF", "eps": null, "epsEstimated": null, "time": "bmo", "revenue": null, "revenueEstimated": null, "fiscalDateEnding": "2019-03-31", "updatedFromDate": "2023-05-17"}, {"date": "2019-05-28", "symbol": "SECT-B.ST", "eps": 2.35, "epsEstimated": 1.83, "time": "bmo", "revenue": 457411000, "revenueEstimated": null, "fiscalDateEnding": "2019-02-28", "updatedFromDate": "2023-10-17"}, {"date": "2019-05-28", "symbol": "WXF.VI", "eps": null, "epsEstimated": null, "time": "bmo", "revenue": null, "revenueEstimated": null, "fiscalDateEnding": "2019-03-31", "updatedFromDate": "2023-05-17"}, {"date": "2019-05-28", "symbol": "VRSSF", "eps": null, "epsEstimated": null, "time": "bmo", "revenue": null, "revenueEstimated": null, "fiscalDateEnding": "2019-02-28", "updatedFromDate": "2023-10-10"}, {"date": "2019-05-28", "symbol": "GENMF", "eps": null, "epsEstimated": null, "time": "bmo", "revenue": null, "revenueEstimated": null, "fiscalDateEnding": "2019-03-31", "updatedFromDate": "2023-05-17"}, {"date": "2019-05-28", "symbol": "AANNF", "eps": 0.15, "epsEstimated": 0.1, "time": "bmo", "revenue": null, "revenueEstimated": null, "fiscalDateEnding": "2019-03-31", "updatedFromDate": "2023-05-17"}, {"date": "2019-05-28", "symbol": "MCPNF", "eps": null, "epsEstimated": null, "time": "bmo", "revenue": null, "revenueEstimated": null, "fiscalDateEnding": "2019-03-31", "updatedFromDate": "2023-05-17"}, {"date": "2019-05-28", "symbol": "LHK.BK", "eps": 0.04401, "epsEstimated": null, "time": "bmo", "revenue": 634483000, "revenueEstimated": null, "fiscalDateEnding": "2019-02-28", "updatedFromDate": "2023-10-17"}, {"date": "2019-05-28", "symbol": "LUND-B.ST", "eps": 15.48, "epsEstimated": null, "time": "bmo", "revenue": 5615000000, "revenueEstimated": null, "fiscalDateEnding": "2019-03-30", "updatedFromDate": "2023-05-17"}, {"date": "2019-05-28", "symbol": "DQ7A.IR", "eps": 0.2014, "epsEstimated": null, "time": "bmo", "revenue": 11307250, "revenueEstimated": null, "fiscalDateEnding": "2019-02-28", "updatedFromDate": "2023-10-16"}, {"date": "2019-05-28", "symbol": "ROMJF", "eps": -0.06185, "epsEstimated": null, "time": "amc", "revenue": null, "revenueEstimated": null, "fiscalDateEnding": "2019-03-31", "updatedFromDate": "2023-08-25"}, {"date": "2019-05-28", "symbol": "LAIXY", "eps": -1.14, "epsEstimated": -2.79, "time": "amc", "revenue": null, "revenueEstimated": null, "fiscalDateEnding": "2019-03-31", "updatedFromDate": "2023-08-25"}, {"date": "2019-05-28", "symbol": "UGD.V", "eps": -0.00246, "epsEstimated": null, "time": "bmo", "revenue": null, "revenueEstimated": null, "fiscalDateEnding": "2019-03-31", "updatedFromDate": "2023-08-25"}, {"date": "2019-05-28", "symbol": "BFFTF", "eps": 0.06, "epsEstimated": 0.1, "time": "bmo", "revenue": null, "revenueEstimated": null, "fiscalDateEnding": "2019-03-31", "updatedFromDate": "2023-08-25"}, {"date": "2019-05-28", "symbol": "ESLT", "eps": 1.54, "epsEstimated": 1.24, "time": "bmo", "revenue": 1021723000, "revenueEstimated": null, "fiscalDateEnding": "2019-03-31", "updatedFromDate": "2023-09-29"}, {"date": "2019-05-28", "symbol": "EVGDF", "eps": -0.03389, "epsEstimated": null, "time": "bmo", "revenue": 8577000, "revenueEstimated": null, "fiscalDateEnding": "2019-03-31", "updatedFromDate": "2023-08-25"}, {"date": "2019-05-28", "symbol": "ORSUF", "eps": null, "epsEstimated": null, "time": "amc", "revenue": null, "revenueEstimated": null, "fiscalDateEnding": "2019-03-31", "updatedFromDate": "2023-05-17"}, {"date": "2019-05-28", "symbol": "IFX.V", "eps": 0.01, "epsEstimated": null, "time": "bmo", "revenue": 21867000, "revenueEstimated": null, "fiscalDateEnding": "2019-03-31", "updatedFromDate": "2023-08-25"}, {"date": "2019-05-28", "symbol": "MAASF", "eps": 1.84, "epsEstimated": 0.86, "time": "bmo", "revenue": null, "revenueEstimated": null, "fiscalDateEnding": "2019-03-31", "updatedFromDate": "2023-05-17"}, {"date": "2019-05-28", "symbol": "ARS.L", "eps": null, "epsEstimated": null, "time": "bmo", "revenue": null, "revenueEstimated": null, "fiscalDateEnding": "2019-02-28", "updatedFromDate": "2023-05-17"}, {"date": "2019-05-28", "symbol": "STG", "eps": -1.25, "epsEstimated": -1.13, "time": "bmo", "revenue": 564215000, "revenueEstimated": 966004469.6969696, "fiscalDateEnding": "2019-03-31", "updatedFromDate": "2023-09-29"}, {"date": "2019-05-28", "symbol": "PINK.V", "eps": -0.04228, "epsEstimated": null, "time": "bmo", "revenue": null, "revenueEstimated": null, "fiscalDateEnding": "2019-03-31", "updatedFromDate": "2023-08-25"}, {"date": "2019-05-28", "symbol": "UGDIF", "eps": -0.00246, "epsEstimated": null, "time": "bmo", "revenue": null, "revenueEstimated": null, "fiscalDateEnding": "2019-03-31", "updatedFromDate": "2023-08-25"}, {"date": "2019-05-28", "symbol": "ESIGF", "eps": null, "epsEstimated": null, "time": "bmo", "revenue": null, "revenueEstimated": null, "fiscalDateEnding": "2019-03-31", "updatedFromDate": "2023-05-17"}, {"date": "2019-05-28", "symbol": "SAMOF", "eps": 0.02, "epsEstimated": 0.01, "time": "bmo", "revenue": null, "revenueEstimated": null, "fiscalDateEnding": "2019-03-31", "updatedFromDate": "2023-05-17"}, {"date": "2019-05-28", "symbol": "ZGBEF", "eps": null, "epsEstimated": null, "time": "bmo", "revenue": null, "revenueEstimated": null, "fiscalDateEnding": "2019-03-31", "updatedFromDate": "2023-05-17"}, {"date": "2019-05-28", "symbol": "MOJ.WA", "eps": 0.08914, "epsEstimated": null, "time": "bmo", "revenue": 13437000, "revenueEstimated": null, "fiscalDateEnding": "2019-03-30", "updatedFromDate": "2023-05-17"}, {"date": "2019-05-28", "symbol": "SMEBF", "eps": 0.03, "epsEstimated": null, "time": "bmo", "revenue": null, "revenueEstimated": null, "fiscalDateEnding": "2019-06-30", "updatedFromDate": "2023-05-17"}, {"date": "2019-05-28", "symbol": "EKTAF", "eps": 1.4, "epsEstimated": 1.45, "time": "bmo", "revenue": 3656000000, "revenueEstimated": null, "fiscalDateEnding": "2019-02-28", "updatedFromDate": "2023-10-17"}, {"date": "2019-05-28", "symbol": "BNS.TO", "eps": 1.7, "epsEstimated": 1.74, "time": "bmo", "revenue": 7460000000, "revenueEstimated": 7812599999.999999, "fiscalDateEnding": "2019-04-30", "updatedFromDate": "2023-05-17"}, {"date": "2019-05-28", "symbol": "MRKU.ME", "eps": 0.00776, "epsEstimated": null, "time": "bmo", "revenue": 27374446000, "revenueEstimated": null, "fiscalDateEnding": "2019-02-28", "updatedFromDate": "2023-05-17"}, {"date": "2019-05-28", "symbol": "CMCO", "eps": 0.69, "epsEstimated": 0.61, "time": "bmo", "revenue": 199355000, "revenueEstimated": 191604536.23188406, "fiscalDateEnding": "2019-02-28", "updatedFromDate": "2023-10-10"}, {"date": "2019-05-28", "symbol": "AXXTF", "eps": 0.03, "epsEstimated": 0.0276, "time": "bmo", "revenue": null, "revenueEstimated": null, "fiscalDateEnding": "2019-03-31", "updatedFromDate": "2023-05-17"}, {"date": "2019-05-28", "symbol": "HLFBF", "eps": null, "epsEstimated": null, "time": "bmo", "revenue": null, "revenueEstimated": null, "fiscalDateEnding": "2019-03-31", "updatedFromDate": "2023-05-17"}, {"date": "2019-05-28", "symbol": "VOE.VI", "eps": 0.81, "epsEstimated": 0.84, "time": "bmo", "revenue": 3033600000, "revenueEstimated": null, "fiscalDateEnding": "2019-02-28", "updatedFromDate": "2023-10-17"}, {"date": "2019-05-28", "symbol": "SB-PD", "eps": 0.03, "epsEstimated": 0.014, "time": "bmo", "revenue": null, "revenueEstimated": null, "fiscalDateEnding": "2019-03-31", "updatedFromDate": "2023-05-17"}, {"date": "2019-05-28", "symbol": "MOMO", "eps": 0.61, "epsEstimated": 0.55, "time": "bmo", "revenue": 3722919000, "revenueEstimated": 3310258098.7951803, "fiscalDateEnding": "2019-03-31", "updatedFromDate": "2023-09-29"}, {"date": "2019-05-28", "symbol": "WDAY", "eps": 0.43, "epsEstimated": 0.41, "time": "amc", "revenue": 825055000, "revenueEstimated": 786680348.8372092, "fiscalDateEnding": "2019-04-29", "updatedFromDate": "2023-09-29"}, {"date": "2019-05-28", "symbol": "KSI.TO", "eps": -0.04, "epsEstimated": -0.025, "time": "bmo", "revenue": 414272, "revenueEstimated": null, "fiscalDateEnding": "2019-03-31", "updatedFromDate": "2023-08-17"}, {"date": "2019-05-28", "symbol": "BNS", "eps": 1.28, "epsEstimated": 1.29, "time": "bmo", "revenue": 7460000000, "revenueEstimated": 7851085714, "fiscalDateEnding": "2019-04-30", "updatedFromDate": "2023-09-29"}, {"date": "2019-05-28", "symbol": "NHVCF", "eps": null, "epsEstimated": null, "time": "amc", "revenue": null, "revenueEstimated": null, "fiscalDateEnding": "2019-03-31", "updatedFromDate": "2023-05-17"}, {"date": "2019-05-28", "symbol": "ROMJ.V", "eps": null, "epsEstimated": null, "time": "bmo", "revenue": null, "revenueEstimated": null, "fiscalDateEnding": "2019-03-31", "updatedFromDate": "2023-08-16"}, {"date": "2019-05-28", "symbol": "COSLF", "eps": null, "epsEstimated": null, "time": "bmo", "revenue": null, "revenueEstimated": null, "fiscalDateEnding": "2019-06-30", "updatedFromDate": "2023-05-17"}, {"date": "2019-05-28", "symbol": "UGE.V", "eps": -0.02919, "epsEstimated": null, "time": "bmo", "revenue": 2065556, "revenueEstimated": null, "fiscalDateEnding": "2019-03-31", "updatedFromDate": "2023-10-16"}, {"date": "2019-05-28", "symbol": "CIMDF", "eps": 0.13, "epsEstimated": 0.13, "time": "bmo", "revenue": null, "revenueEstimated": null, "fiscalDateEnding": "2019-03-31", "updatedFromDate": "2023-05-17"}, {"date": "2019-05-28", "symbol": "SLGBF", "eps": null, "epsEstimated": null, "time": "bmo", "revenue": null, "revenueEstimated": null, "fiscalDateEnding": "2019-03-31", "updatedFromDate": "2023-05-17"}, {"date": "2019-05-28", "symbol": "CVALF", "eps": -0.01, "epsEstimated": -0.04, "time": "bmo", "revenue": 13312543, "revenueEstimated": null, "fiscalDateEnding": "2019-03-31", "updatedFromDate": "2023-09-29"}, {"date": "2019-05-28", "symbol": "HEI", "eps": 0.6, "epsEstimated": 0.49, "time": "amc", "revenue": 515648000, "revenueEstimated": 421112533.3333333, "fiscalDateEnding": "2019-04-29", "updatedFromDate": "2023-09-29"}]}