{"result": [{"date": "2019-07-25", "symbol": "TOELF", "eps": 195.68, "epsEstimated": null, "time": "bmo", "revenue": null, "revenueEstimated": null, "fiscalDateEnding": "2019-06-30", "updatedFromDate": "2023-08-16"}, {"date": "2019-07-25", "symbol": "TBPMF", "eps": null, "epsEstimated": null, "time": "bmo", "revenue": null, "revenueEstimated": null, "fiscalDateEnding": "2019-06-30", "updatedFromDate": "2023-05-17"}, {"date": "2019-07-25", "symbol": "AIOSF", "eps": 0.18, "epsEstimated": 0.2, "time": "bmo", "revenue": null, "revenueEstimated": null, "fiscalDateEnding": "2019-06-30", "updatedFromDate": "2023-05-17"}, {"date": "2019-07-25", "symbol": "N2IU.SI", "eps": 0.02, "epsEstimated": 0.02, "time": "bmo", "revenue": 108926000, "revenueEstimated": null, "fiscalDateEnding": "2019-04-25", "updatedFromDate": "2023-10-17"}, {"date": "2019-07-25", "symbol": "HTBI", "eps": 0.45, "epsEstimated": 0.41, "time": "bmo", "revenue": 33796000, "revenueEstimated": 30498829, "fiscalDateEnding": "2019-06-29", "updatedFromDate": "2023-10-16"}, {"date": "2019-07-25", "symbol": "ELME", "eps": 0.01, "epsEstimated": 0.04, "time": "amc", "revenue": 76820000, "revenueEstimated": 593016000, "fiscalDateEnding": "2019-06-30", "updatedFromDate": "2023-09-29"}, {"date": "2019-07-25", "symbol": "CARM.PA", "eps": null, "epsEstimated": null, "time": "amc", "revenue": null, "revenueEstimated": null, "fiscalDateEnding": "2019-04-25", "updatedFromDate": "2023-05-17"}, {"date": "2019-07-25", "symbol": "BJBR.JK", "eps": 38.67, "epsEstimated": null, "time": "bmo", "revenue": 1690123000000, "revenueEstimated": null, "fiscalDateEnding": "2019-06-29", "updatedFromDate": "2023-05-17"}, {"date": "2019-07-25", "symbol": "CNOB", "eps": 0.57, "epsEstimated": 0.58, "time": "bmo", "revenue": 47472000, "revenueEstimated": 95813964.91228071, "fiscalDateEnding": "2019-06-29", "updatedFromDate": "2023-09-29"}, {"date": "2019-07-25", "symbol": "SHBI", "eps": 0.33, "epsEstimated": 0.32, "time": "bmo", "revenue": 14902000, "revenueEstimated": 14450424.242424242, "fiscalDateEnding": "2019-06-29", "updatedFromDate": "2023-09-29"}, {"date": "2019-07-25", "symbol": "MNRO", "eps": 0.68, "epsEstimated": 0.66, "time": "bmo", "revenue": 317063000, "revenueEstimated": 312330716.41791046, "fiscalDateEnding": "2019-06-28", "updatedFromDate": "2023-09-29"}, {"date": "2019-07-25", "symbol": "HYPE3.SA", "eps": 0.53, "epsEstimated": 0.43, "time": "bmo", "revenue": 973457000, "revenueEstimated": null, "fiscalDateEnding": "2019-06-30", "updatedFromDate": "2023-05-17"}, {"date": "2019-07-25", "symbol": "094480.KQ", "eps": null, "epsEstimated": null, "time": "bmo", "revenue": null, "revenueEstimated": null, "fiscalDateEnding": "2019-06-30", "updatedFromDate": "2023-05-17"}, {"date": "2019-07-25", "symbol": "SCHL", "eps": 1.14, "epsEstimated": 0.85, "time": "amc", "revenue": 470700000, "revenueEstimated": 800190000, "fiscalDateEnding": "2019-05-30", "updatedFromDate": "2023-09-29"}, {"date": "2019-07-25", "symbol": "GSIT", "eps": -0.01, "epsEstimated": -0.004, "time": "amc", "revenue": 13019000, "revenueEstimated": 26038000, "fiscalDateEnding": "2019-06-29", "updatedFromDate": "2023-09-29"}, {"date": "2019-07-25", "symbol": "HLI", "eps": 0.67, "epsEstimated": 0.55, "time": "amc", "revenue": 250349000, "revenueEstimated": 205510373.13432837, "fiscalDateEnding": "2019-06-29", "updatedFromDate": "2023-09-29"}, {"date": "2019-07-25", "symbol": "055550.KS", "eps": 2035, "epsEstimated": 1882.25, "time": "bmo", "revenue": 5166497000000, "revenueEstimated": null, "fiscalDateEnding": "2019-04-25", "updatedFromDate": "2023-05-17"}, {"date": "2019-07-25", "symbol": "MGNT.ME", "eps": null, "epsEstimated": 59.59, "time": "bmo", "revenue": null, "revenueEstimated": null, "fiscalDateEnding": "2019-04-25", "updatedFromDate": "2023-08-16"}, {"date": "2019-07-25", "symbol": "DOW", "eps": 0.86, "epsEstimated": 0.84, "time": "bmo", "revenue": 11014000000, "revenueEstimated": 10757860465.116278, "fiscalDateEnding": "2019-06-29", "updatedFromDate": "2023-09-29"}, {"date": "2019-07-25", "symbol": "USNZY", "eps": 0.03, "epsEstimated": 0.02222, "time": "bmo", "revenue": 3694049000, "revenueEstimated": null, "fiscalDateEnding": "2019-06-30", "updatedFromDate": "2023-09-29"}, {"date": "2019-07-25", "symbol": "RRC", "eps": 0.02, "epsEstimated": 0.01515, "time": "amc", "revenue": 656184000, "revenueEstimated": 1466052000, "fiscalDateEnding": "2019-06-29", "updatedFromDate": "2023-09-29"}, {"date": "2019-07-25", "symbol": "SAM", "eps": 2.36, "epsEstimated": 1.95, "time": "amc", "revenue": 318407000, "revenueEstimated": 471022500, "fiscalDateEnding": "2019-06-28", "updatedFromDate": "2023-09-29"}, {"date": "2019-07-25", "symbol": "INTC", "eps": 1.06, "epsEstimated": 0.89, "time": "amc", "revenue": 16505000000, "revenueEstimated": 13857971698.113207, "fiscalDateEnding": "2019-06-28", "updatedFromDate": "2023-09-29"}, {"date": "2019-07-25", "symbol": "BESI.AS", "eps": 0.25, "epsEstimated": 0.25, "time": "bmo", "revenue": 92708000, "revenueEstimated": null, "fiscalDateEnding": "2019-06-29", "updatedFromDate": "2023-05-17"}, {"date": "2019-07-25", "symbol": "BAX", "eps": 0.89, "epsEstimated": 0.81, "time": "bmo", "revenue": 2840000000, "revenueEstimated": 2579258426.966292, "fiscalDateEnding": "2019-06-29", "updatedFromDate": "2023-09-29"}, {"date": "2019-07-25", "symbol": "VRSN", "eps": 1.33, "epsEstimated": 1.29, "time": "amc", "revenue": 306289000, "revenueEstimated": 297077300.7518797, "fiscalDateEnding": "2019-06-29", "updatedFromDate": "2023-09-29"}, {"date": "2019-07-25", "symbol": "SUBC.OL", "eps": 0.09, "epsEstimated": 0.08, "time": "bmo", "revenue": 957900000, "revenueEstimated": null, "fiscalDateEnding": "2019-06-30", "updatedFromDate": "2023-05-17"}, {"date": "2019-07-25", "symbol": "2337.TW", "eps": 0.14, "epsEstimated": 0.14, "time": "bmo", "revenue": 7479377000, "revenueEstimated": null, "fiscalDateEnding": "2019-06-29", "updatedFromDate": "2023-05-17"}, {"date": "2019-07-25", "symbol": "SAH", "eps": 0.62, "epsEstimated": 0.47, "time": "bmo", "revenue": 2614081000, "revenueEstimated": 1981642048.3870966, "fiscalDateEnding": "2019-06-29", "updatedFromDate": "2023-09-29"}, {"date": "2019-07-25", "symbol": "HTBK", "eps": 0.26, "epsEstimated": 0.27, "time": "bmo", "revenue": 33681000, "revenueEstimated": 34976423.07692308, "fiscalDateEnding": "2019-06-29", "updatedFromDate": "2023-09-29"}, {"date": "2019-07-25", "symbol": "AXE", "eps": 2.05, "epsEstimated": 1.56, "time": "bmo", "revenue": 2262600000, "revenueEstimated": 1721783414.6341467, "fiscalDateEnding": "2019-06-27", "updatedFromDate": "2023-05-17"}, {"date": "2019-07-25", "symbol": "6146.T", "eps": 160, "epsEstimated": 183.08, "time": "bmo", "revenue": 35654000000, "revenueEstimated": null, "fiscalDateEnding": "2019-04-25", "updatedFromDate": "2023-10-17"}, {"date": "2019-07-25", "symbol": "GSB", "eps": 0.21, "epsEstimated": null, "time": "amc", "revenue": 10269000, "revenueEstimated": null, "fiscalDateEnding": "2019-06-29", "updatedFromDate": "2023-09-29"}, {"date": "2019-07-25", "symbol": "PRO", "eps": -0.07, "epsEstimated": -0.1, "time": "amc", "revenue": 63878000, "revenueEstimated": 91254285.7142857, "fiscalDateEnding": "2019-06-29", "updatedFromDate": "2023-09-29"}, {"date": "2019-07-25", "symbol": "M1GU.SI", "eps": null, "epsEstimated": null, "time": "bmo", "revenue": null, "revenueEstimated": null, "fiscalDateEnding": "2019-06-30", "updatedFromDate": "2023-05-17"}, {"date": "2019-07-25", "symbol": "ADVOF", "eps": 0.03, "epsEstimated": 0.11, "time": "bmo", "revenue": null, "revenueEstimated": 680000, "fiscalDateEnding": "2019-06-30", "updatedFromDate": "2023-09-29"}, {"date": "2019-07-25", "symbol": "QGPLF", "eps": null, "epsEstimated": null, "time": "bmo", "revenue": null, "revenueEstimated": null, "fiscalDateEnding": "2019-06-30", "updatedFromDate": "2023-05-17"}, {"date": "2019-07-25", "symbol": "MGM", "eps": 0.23, "epsEstimated": 0.25, "time": "amc", "revenue": 3223243000, "revenueEstimated": 10072634374.999998, "fiscalDateEnding": "2019-06-29", "updatedFromDate": "2023-09-29"}, {"date": "2019-07-25", "symbol": "ARE.TO", "eps": 0.31, "epsEstimated": 0.21, "time": "bmo", "revenue": 867317000, "revenueEstimated": 587537322.5806451, "fiscalDateEnding": "2019-06-29", "updatedFromDate": "2023-05-17"}, {"date": "2019-07-25", "symbol": "ISTR", "eps": 0.47, "epsEstimated": 0.47, "time": "bmo", "revenue": 18084000, "revenueEstimated": 18073000, "fiscalDateEnding": "2019-06-29", "updatedFromDate": "2023-09-29"}, {"date": "2019-07-25", "symbol": "AMZN", "eps": 0.26, "epsEstimated": 0.28, "time": "amc", "revenue": 63404000000, "revenueEstimated": 67655226053.639854, "fiscalDateEnding": "2019-06-29", "updatedFromDate": "2023-09-29"}, {"date": "2019-07-25", "symbol": "IBCP", "eps": 0.46, "epsEstimated": 0.47, "time": "bmo", "revenue": 39381000, "revenueEstimated": 41544934.78260869, "fiscalDateEnding": "2019-06-29", "updatedFromDate": "2023-09-29"}, {"date": "2019-07-25", "symbol": "6504.T", "eps": 17.7, "epsEstimated": null, "time": "bmo", "revenue": 288872000000, "revenueEstimated": null, "fiscalDateEnding": "2019-04-25", "updatedFromDate": "2023-10-17"}, {"date": "2019-07-25", "symbol": "UTL", "eps": 0.27, "epsEstimated": 0.02455, "time": "bmo", "revenue": 84400000, "revenueEstimated": 9377777.777777782, "fiscalDateEnding": "2019-06-29", "updatedFromDate": "2023-09-29"}, {"date": "2019-07-25", "symbol": "2303.TW", "eps": 0.14, "epsEstimated": 0.09, "time": "bmo", "revenue": 36031184000, "revenueEstimated": null, "fiscalDateEnding": "2019-06-29", "updatedFromDate": "2023-05-17"}, {"date": "2019-07-25", "symbol": "GCO.MC", "eps": 0.918, "epsEstimated": null, "time": "bmo", "revenue": 944043000, "revenueEstimated": null, "fiscalDateEnding": "2019-06-29", "updatedFromDate": "2023-05-17"}, {"date": "2019-07-25", "symbol": "8566.T", "eps": 73.68, "epsEstimated": null, "time": "bmo", "revenue": 83091000000, "revenueEstimated": null, "fiscalDateEnding": "2019-04-25", "updatedFromDate": "2023-10-17"}, {"date": "2019-07-25", "symbol": "VODAF", "eps": null, "epsEstimated": null, "time": "bmo", "revenue": null, "revenueEstimated": null, "fiscalDateEnding": "2019-12-31", "updatedFromDate": "2023-10-17"}, {"date": "2019-07-25", "symbol": "TTNNF", "eps": 6.47, "epsEstimated": null, "time": "bmo", "revenue": null, "revenueEstimated": null, "fiscalDateEnding": "2019-12-31", "updatedFromDate": "2023-05-17"}, {"date": "2019-07-25", "symbol": "ACO-X.TO", "eps": 0.68, "epsEstimated": 0.61, "time": "bmo", "revenue": 1103000000, "revenueEstimated": null, "fiscalDateEnding": "2019-06-29", "updatedFromDate": "2023-05-17"}, {"date": "2019-07-25", "symbol": "CXP", "eps": 0.41, "epsEstimated": 0.03, "time": "amc", "revenue": 72730000, "revenueEstimated": 5321707.317073167, "fiscalDateEnding": "2019-06-29", "updatedFromDate": "2023-05-17"}, {"date": "2019-07-25", "symbol": "OSPN", "eps": 0.01, "epsEstimated": 0.06, "time": "amc", "revenue": 56234000, "revenueEstimated": 281170000, "fiscalDateEnding": "2019-06-29", "updatedFromDate": "2023-09-29"}, {"date": "2019-07-25", "symbol": "LAZ", "eps": 0.73, "epsEstimated": 0.63, "time": "bmo", "revenue": 650801000, "revenueEstimated": 561650178.0821918, "fiscalDateEnding": "2019-06-29", "updatedFromDate": "2023-09-29"}, {"date": "2019-07-25", "symbol": "5659.T", "eps": 46.22, "epsEstimated": null, "time": "bmo", "revenue": 8730000000, "revenueEstimated": null, "fiscalDateEnding": "2019-04-25", "updatedFromDate": "2023-10-17"}, {"date": "2019-07-25", "symbol": "035420.KS", "eps": 545, "epsEstimated": 747.82, "time": "bmo", "revenue": 1664815000080, "revenueEstimated": null, "fiscalDateEnding": "2019-04-25", "updatedFromDate": "2023-05-17"}, {"date": "2019-07-25", "symbol": "MMM", "eps": 2.2, "epsEstimated": 2.05, "time": "bmo", "revenue": 8171000000, "revenueEstimated": 7864107981.220657, "fiscalDateEnding": "2019-06-29", "updatedFromDate": "2023-09-29"}, {"date": "2019-07-25", "symbol": "CVA", "eps": -0.16, "epsEstimated": -0.06, "time": "amc", "revenue": 467000000, "revenueEstimated": 175125000, "fiscalDateEnding": "2019-06-29", "updatedFromDate": "2023-05-17"}, {"date": "2019-07-25", "symbol": "000720.KS", "eps": 1298, "epsEstimated": 1310.88, "time": "bmo", "revenue": 4087761000000, "revenueEstimated": null, "fiscalDateEnding": "2019-04-25", "updatedFromDate": "2023-05-17"}, {"date": "2019-07-25", "symbol": "EHTH", "eps": 0.1, "epsEstimated": -0.41, "time": "amc", "revenue": 65767000, "revenueEstimated": 236761199.99999997, "fiscalDateEnding": "2019-06-29", "updatedFromDate": "2023-09-29"}, {"date": "2019-07-25", "symbol": "NPTVF", "eps": 33.05, "epsEstimated": null, "time": "bmo", "revenue": null, "revenueEstimated": null, "fiscalDateEnding": "2019-12-31", "updatedFromDate": "2023-05-17"}, {"date": "2019-07-25", "symbol": "BKT.MC", "eps": 0.12, "epsEstimated": 0.14, "time": "bmo", "revenue": 554380000, "revenueEstimated": null, "fiscalDateEnding": "2019-06-29", "updatedFromDate": "2023-05-17"}, {"date": "2019-07-25", "symbol": "MSBI", "eps": 0.67, "epsEstimated": 0.65, "time": "amc", "revenue": 65048000, "revenueEstimated": 63106268.65671642, "fiscalDateEnding": "2019-06-29", "updatedFromDate": "2023-09-29"}, {"date": "2019-07-25", "symbol": "FETM", "eps": 0.7, "epsEstimated": null, "time": "amc", "revenue": 10743000, "revenueEstimated": null, "fiscalDateEnding": "2019-06-30", "updatedFromDate": "2023-09-29"}, {"date": "2019-07-25", "symbol": "EXPE", "eps": 1.77, "epsEstimated": 1.7, "time": "amc", "revenue": 3153000000, "revenueEstimated": 2974864406.7796607, "fiscalDateEnding": "2019-06-29", "updatedFromDate": "2023-09-29"}, {"date": "2019-07-25", "symbol": "LYV", "eps": 0.41, "epsEstimated": 0.4, "time": "amc", "revenue": 3157009000, "revenueEstimated": 3080008780.4878054, "fiscalDateEnding": "2019-06-29", "updatedFromDate": "2023-09-29"}, {"date": "2019-07-25", "symbol": "GPL", "eps": -0.02, "epsEstimated": -0.00231, "time": "amc", "revenue": 45278000, "revenueEstimated": null, "fiscalDateEnding": "2019-06-29", "updatedFromDate": "2023-05-17"}, {"date": "2019-07-25", "symbol": "SYK", "eps": 1.98, "epsEstimated": 1.93, "time": "amc", "revenue": 3650000000, "revenueEstimated": 3576262626.262626, "fiscalDateEnding": "2019-06-29", "updatedFromDate": "2023-09-29"}, {"date": "2019-07-25", "symbol": "SMSI", "eps": 0.09, "epsEstimated": 0.01, "time": "amc", "revenue": 10854000, "revenueEstimated": 1205999.9999999993, "fiscalDateEnding": "2019-06-29", "updatedFromDate": "2023-09-29"}, {"date": "2019-07-25", "symbol": "6645.T", "eps": 41.59, "epsEstimated": 51.25, "time": "bmo", "revenue": 179679000000, "revenueEstimated": null, "fiscalDateEnding": "2019-04-25", "updatedFromDate": "2023-10-17"}, {"date": "2019-07-25", "symbol": "YITYF", "eps": 0.04, "epsEstimated": 0.1, "time": "bmo", "revenue": null, "revenueEstimated": 1007250000, "fiscalDateEnding": "2019-06-30", "updatedFromDate": "2023-05-17"}, {"date": "2019-07-25", "symbol": "4286.T", "eps": 17.13, "epsEstimated": null, "time": "bmo", "revenue": 3977459000, "revenueEstimated": null, "fiscalDateEnding": "2019-04-25", "updatedFromDate": "2023-05-17"}, {"date": "2019-07-25", "symbol": "CARE", "eps": 0.3, "epsEstimated": 0.27, "time": "bmo", "revenue": 31438000, "revenueEstimated": 27944888, "fiscalDateEnding": "2019-06-30", "updatedFromDate": "2023-09-29"}, {"date": "2019-07-25", "symbol": "TECK", "eps": 0.6, "epsEstimated": 0.64, "time": "bmo", "revenue": 3138000000, "revenueEstimated": 3292962962.962963, "fiscalDateEnding": "2019-06-30", "updatedFromDate": "2023-09-29"}, {"date": "2019-07-25", "symbol": "TLPFF", "eps": null, "epsEstimated": null, "time": "bmo", "revenue": null, "revenueEstimated": null, "fiscalDateEnding": "2019-06-30", "updatedFromDate": "2023-05-17"}, {"date": "2019-07-25", "symbol": "VETO.PA", "eps": null, "epsEstimated": null, "time": "bmo", "revenue": null, "revenueEstimated": null, "fiscalDateEnding": "2019-04-25", "updatedFromDate": "2023-05-17"}, {"date": "2019-07-25", "symbol": "HERDEZ.MX", "eps": 0.74, "epsEstimated": 0.7, "time": "bmo", "revenue": null, "revenueEstimated": null, "fiscalDateEnding": "2019-06-30", "updatedFromDate": "2023-05-17"}, {"date": "2019-07-25", "symbol": "FNRN", "eps": 0.23, "epsEstimated": null, "time": "amc", "revenue": 13449000, "revenueEstimated": null, "fiscalDateEnding": "2019-06-29", "updatedFromDate": "2023-09-29"}, {"date": "2019-07-25", "symbol": "ENVA", "eps": 0.81, "epsEstimated": 0.64, "time": "amc", "revenue": 285700000, "revenueEstimated": 204993580.24691358, "fiscalDateEnding": "2019-06-29", "updatedFromDate": "2023-09-29"}, {"date": "2019-07-25", "symbol": "UNVR.JK", "eps": 51.2, "epsEstimated": 49.65, "time": "bmo", "revenue": 10792616000000, "revenueEstimated": null, "fiscalDateEnding": "2019-06-29", "updatedFromDate": "2023-05-17"}, {"date": "2019-07-25", "symbol": "CVE.TO", "eps": 0.22, "epsEstimated": 0.34, "time": "bmo", "revenue": 5927000000, "revenueEstimated": null, "fiscalDateEnding": "2019-06-29", "updatedFromDate": "2023-05-17"}, {"date": "2019-07-25", "symbol": "TLLGF", "eps": 0.05, "epsEstimated": 0.05, "time": "bmo", "revenue": null, "revenueEstimated": null, "fiscalDateEnding": "2019-06-30", "updatedFromDate": "2023-05-17"}, {"date": "2019-07-25", "symbol": "GFINBURO.MX", "eps": 0.35, "epsEstimated": 0.63, "time": "bmo", "revenue": null, "revenueEstimated": null, "fiscalDateEnding": "2019-06-30", "updatedFromDate": "2023-05-17"}, {"date": "2019-07-25", "symbol": "002732.SZ", "eps": 0.3556, "epsEstimated": null, "time": "bmo", "revenue": 417496625.85, "revenueEstimated": null, "fiscalDateEnding": "2019-06-29", "updatedFromDate": "2023-05-17"}, {"date": "2019-07-25", "symbol": "WRLD", "eps": 0.97, "epsEstimated": 1.87, "time": "bmo", "revenue": 134039000, "revenueEstimated": 266893301.64948457, "fiscalDateEnding": "2019-06-29", "updatedFromDate": "2023-09-29"}, {"date": "2019-07-25", "symbol": "HONE", "eps": 0.07, "epsEstimated": 0.06, "time": "bmo", "revenue": 41097000, "revenueEstimated": 40662999, "fiscalDateEnding": "2019-06-30", "updatedFromDate": "2023-09-29"}, {"date": "2019-07-25", "symbol": "EURMF", "eps": null, "epsEstimated": null, "time": "bmo", "revenue": null, "revenueEstimated": null, "fiscalDateEnding": "2019-06-30", "updatedFromDate": "2023-05-17"}, {"date": "2019-07-25", "symbol": "BY", "eps": 0.41, "epsEstimated": 0.4, "time": "amc", "revenue": 66538000, "revenueEstimated": 66957073.170731716, "fiscalDateEnding": "2019-06-29", "updatedFromDate": "2023-09-29"}, {"date": "2019-07-25", "symbol": "PEB-PF", "eps": 0.4, "epsEstimated": 0.33, "time": "bmo", "revenue": null, "revenueEstimated": null, "fiscalDateEnding": "2019-06-30", "updatedFromDate": "2023-05-17"}, {"date": "2019-07-25", "symbol": "HZO", "eps": 0.84, "epsEstimated": 0.83, "time": "bmo", "revenue": 383494000, "revenueEstimated": 378928595.2380953, "fiscalDateEnding": "2019-06-29", "updatedFromDate": "2023-09-29"}, {"date": "2019-07-25", "symbol": "TBBK", "eps": 0.2, "epsEstimated": 0.18, "time": "amc", "revenue": 54288000, "revenueEstimated": 48859199.99999999, "fiscalDateEnding": "2019-06-29", "updatedFromDate": "2023-09-29"}, {"date": "2019-07-25", "symbol": "2270.SR", "eps": 2.33, "epsEstimated": null, "time": "bmo", "revenue": 561313000, "revenueEstimated": null, "fiscalDateEnding": "2019-04-25", "updatedFromDate": "2023-10-17"}, {"date": "2019-07-25", "symbol": "5857.T", "eps": 43.76, "epsEstimated": null, "time": "bmo", "revenue": 36455000000, "revenueEstimated": null, "fiscalDateEnding": "2019-04-25", "updatedFromDate": "2023-10-17"}, {"date": "2019-07-25", "symbol": "YIT.HE", "eps": 0.04, "epsEstimated": 0.11, "time": "bmo", "revenue": 756500000, "revenueEstimated": null, "fiscalDateEnding": "2019-06-30", "updatedFromDate": "2023-05-17"}, {"date": "2019-07-25", "symbol": "ASB-PE", "eps": 0.52, "epsEstimated": 0.49, "time": "bmo", "revenue": 308165000, "revenueEstimated": null, "fiscalDateEnding": "2019-06-29", "updatedFromDate": "2023-05-17"}, {"date": "2019-07-25", "symbol": "GEST.MC", "eps": 0.1, "epsEstimated": 0.13, "time": "bmo", "revenue": 2343602000, "revenueEstimated": null, "fiscalDateEnding": "2019-06-30", "updatedFromDate": "2023-05-17"}, {"date": "2019-07-25", "symbol": "JNPR", "eps": 0.4, "epsEstimated": 0.4, "time": "amc", "revenue": 1102500000, "revenueEstimated": 1102500000, "fiscalDateEnding": "2019-06-29", "updatedFromDate": "2023-09-29"}, {"date": "2019-07-25", "symbol": "SHVLF", "eps": -0.03787, "epsEstimated": null, "time": "bmo", "revenue": 6897000, "revenueEstimated": null, "fiscalDateEnding": "2019-04-30", "updatedFromDate": "2023-05-17"}, {"date": "2019-07-25", "symbol": "FUNO11.MX", "eps": 1.02, "epsEstimated": 0.6, "time": "bmo", "revenue": null, "revenueEstimated": null, "fiscalDateEnding": "2019-06-30", "updatedFromDate": "2023-05-17"}, {"date": "2019-07-25", "symbol": "ROK", "eps": 2.4, "epsEstimated": 2.29, "time": "bmo", "revenue": 1665100000, "revenueEstimated": 1595720833.3333333, "fiscalDateEnding": "2019-06-29", "updatedFromDate": "2023-09-29"}, {"date": "2019-07-25", "symbol": "2540.T", "eps": 12.19, "epsEstimated": null, "time": "bmo", "revenue": 2694176000, "revenueEstimated": null, "fiscalDateEnding": "2019-04-25", "updatedFromDate": "2023-10-17"}, {"date": "2019-07-25", "symbol": "WRE", "eps": 0.01, "epsEstimated": 0.04, "time": "amc", "revenue": 76820000, "revenueEstimated": 593016000, "fiscalDateEnding": "2019-06-29", "updatedFromDate": "2023-08-16"}, {"date": "2019-07-25", "symbol": "KKR", "eps": 0.39, "epsEstimated": 0.34, "time": "bmo", "revenue": 1179864000, "revenueEstimated": 1108684205.128205, "fiscalDateEnding": "2019-06-29", "updatedFromDate": "2023-09-29"}, {"date": "2019-07-25", "symbol": "EQNR", "eps": 0.34, "epsEstimated": 0.41, "time": "bmo", "revenue": 16897000000, "revenueEstimated": null, "fiscalDateEnding": "2019-06-30", "updatedFromDate": "2023-09-29"}, {"date": "2019-07-25", "symbol": "PATK", "eps": 1.18, "epsEstimated": 1.1, "time": "bmo", "revenue": 613218000, "revenueEstimated": 571643898.3050848, "fiscalDateEnding": "2019-06-29", "updatedFromDate": "2023-09-29"}, {"date": "2019-07-25", "symbol": "7976.T", "eps": 18.9, "epsEstimated": null, "time": "bmo", "revenue": 14761000000, "revenueEstimated": null, "fiscalDateEnding": "2019-06-29", "updatedFromDate": "2023-05-17"}, {"date": "2019-07-25", "symbol": "NESTE.HE", "eps": 0.4, "epsEstimated": 0.44, "time": "bmo", "revenue": 4057000000, "revenueEstimated": null, "fiscalDateEnding": "2019-06-29", "updatedFromDate": "2023-05-17"}, {"date": "2019-07-25", "symbol": "DSGR", "eps": 0.14, "epsEstimated": 0.49, "time": "bmo", "revenue": 96097000, "revenueEstimated": null, "fiscalDateEnding": "2019-06-29", "updatedFromDate": "2023-09-29"}, {"date": "2019-07-25", "symbol": "SCR.SW", "eps": 0.8, "epsEstimated": 0.8, "time": "bmo", "revenue": null, "revenueEstimated": null, "fiscalDateEnding": "2019-04-25", "updatedFromDate": "2023-05-17"}, {"date": "2019-07-25", "symbol": "ORI", "eps": 0.45, "epsEstimated": 0.48, "time": "bmo", "revenue": 1644400000, "revenueEstimated": 1594560000, "fiscalDateEnding": "2019-06-29", "updatedFromDate": "2023-09-29"}, {"date": "2019-07-25", "symbol": "STEL", "eps": 0.57, "epsEstimated": 0.47, "time": "bmo", "revenue": 41169000, "revenueEstimated": 34303403.5087719, "fiscalDateEnding": "2019-06-30", "updatedFromDate": "2023-09-29"}, {"date": "2019-07-25", "symbol": "CEMEXCPO.MX", "eps": 0.19, "epsEstimated": 0.64, "time": "bmo", "revenue": null, "revenueEstimated": null, "fiscalDateEnding": "2019-06-30", "updatedFromDate": "2023-05-17"}, {"date": "2019-07-25", "symbol": "BSMXB.MX", "eps": 0.82, "epsEstimated": 0.77, "time": "bmo", "revenue": null, "revenueEstimated": null, "fiscalDateEnding": "2019-06-30", "updatedFromDate": "2023-05-17"}, {"date": "2019-07-25", "symbol": "1212.SR", "eps": 0.2, "epsEstimated": null, "time": "bmo", "revenue": 485730440, "revenueEstimated": null, "fiscalDateEnding": "2019-06-30", "updatedFromDate": "2023-05-17"}, {"date": "2019-07-25", "symbol": "6561.TWO", "eps": 1.91, "epsEstimated": 2.04, "time": "bmo", "revenue": 596752000, "revenueEstimated": null, "fiscalDateEnding": "2019-06-29", "updatedFromDate": "2023-08-16"}, {"date": "2019-07-25", "symbol": "034020.KS", "eps": 307.73, "epsEstimated": 362.85, "time": "bmo", "revenue": 3977644842690, "revenueEstimated": null, "fiscalDateEnding": "2019-06-30", "updatedFromDate": "2023-08-17"}, {"date": "2019-07-25", "symbol": "BUD", "eps": 1.16, "epsEstimated": 1.1, "time": "bmo", "revenue": 13599000000, "revenueEstimated": 13201381818, "fiscalDateEnding": "2019-06-30", "updatedFromDate": "2023-09-29"}, {"date": "2019-07-25", "symbol": "CTTOF", "eps": null, "epsEstimated": 0.02, "time": "bmo", "revenue": null, "revenueEstimated": null, "fiscalDateEnding": "2019-06-30", "updatedFromDate": "2023-05-17"}, {"date": "2019-07-25", "symbol": "GPI", "eps": 2.83, "epsEstimated": 2.76, "time": "bmo", "revenue": 3005689000, "revenueEstimated": 2931354063.60424, "fiscalDateEnding": "2019-06-29", "updatedFromDate": "2023-09-29"}, {"date": "2019-07-25", "symbol": "MAP.MC", "eps": 0.06, "epsEstimated": 0.06, "time": "bmo", "revenue": 5421370000, "revenueEstimated": null, "fiscalDateEnding": "2019-04-25", "updatedFromDate": "2023-05-17"}, {"date": "2019-07-25", "symbol": "EQT", "eps": 0.09, "epsEstimated": 0.03, "time": "bmo", "revenue": 902617000, "revenueEstimated": 291167111.1111112, "fiscalDateEnding": "2019-06-29", "updatedFromDate": "2023-09-29"}, {"date": "2019-07-25", "symbol": "BILI-A.ST", "eps": 2.27, "epsEstimated": 1.97, "time": "bmo", "revenue": 7426000000, "revenueEstimated": null, "fiscalDateEnding": "2019-06-29", "updatedFromDate": "2023-05-17"}, {"date": "2019-07-25", "symbol": "OCFC", "eps": 0.51, "epsEstimated": 0.55, "time": "amc", "revenue": 73394000, "revenueEstimated": 79111058.8235294, "fiscalDateEnding": "2019-06-29", "updatedFromDate": "2023-09-29"}, {"date": "2019-07-25", "symbol": "MAS", "eps": 0.88, "epsEstimated": 0.82, "time": "bmo", "revenue": 2275000000, "revenueEstimated": 1713613636.3636363, "fiscalDateEnding": "2019-06-29", "updatedFromDate": "2023-09-29"}, {"date": "2019-07-25", "symbol": "GENTERA.MX", "eps": 0.44, "epsEstimated": 0.48, "time": "bmo", "revenue": null, "revenueEstimated": null, "fiscalDateEnding": "2019-06-30", "updatedFromDate": "2023-05-17"}, {"date": "2019-07-25", "symbol": "OVBC", "eps": 0.65, "epsEstimated": null, "time": "bmo", "revenue": 12656000, "revenueEstimated": null, "fiscalDateEnding": "2019-06-29", "updatedFromDate": "2023-09-29"}, {"date": "2019-07-25", "symbol": "IFCNF", "eps": 4.84, "epsEstimated": 5.25, "time": "bmo", "revenue": null, "revenueEstimated": null, "fiscalDateEnding": "2019-06-30", "updatedFromDate": "2023-05-17"}, {"date": "2019-07-25", "symbol": "SIVBP", "eps": 6.08, "epsEstimated": 5.06, "time": "bmo", "revenue": 844124000, "revenueEstimated": 673964616, "fiscalDateEnding": "2019-06-29", "updatedFromDate": "2023-05-17"}, {"date": "2019-07-25", "symbol": "BMEXF", "eps": 0.82, "epsEstimated": 0.77, "time": "bmo", "revenue": null, "revenueEstimated": null, "fiscalDateEnding": "2019-06-30", "updatedFromDate": "2023-05-17"}, {"date": "2019-07-25", "symbol": "MXTOF", "eps": 0.59, "epsEstimated": 0.48, "time": "bmo", "revenue": null, "revenueEstimated": null, "fiscalDateEnding": "2019-06-30", "updatedFromDate": "2023-05-17"}, {"date": "2019-07-25", "symbol": "MONOF", "eps": 5.66, "epsEstimated": 5.66, "time": "bmo", "revenue": null, "revenueEstimated": null, "fiscalDateEnding": "2019-06-30", "updatedFromDate": "2023-05-17"}, {"date": "2019-07-25", "symbol": "JRONF", "eps": 0.17, "epsEstimated": 0.16, "time": "bmo", "revenue": null, "revenueEstimated": null, "fiscalDateEnding": "2019-06-30", "updatedFromDate": "2023-05-17"}, {"date": "2019-07-25", "symbol": "HSY", "eps": 1.31, "epsEstimated": 1.18, "time": "bmo", "revenue": 1767217000, "revenueEstimated": 1591844320.610687, "fiscalDateEnding": "2019-06-29", "updatedFromDate": "2023-09-29"}, {"date": "2019-07-25", "symbol": "HUSKF", "eps": 0.32, "epsEstimated": 0.26, "time": "bmo", "revenue": null, "revenueEstimated": 2705625, "fiscalDateEnding": "2019-03-31", "updatedFromDate": "2023-05-17"}, {"date": "2019-07-25", "symbol": "OMRNY", "eps": 0.35, "epsEstimated": null, "time": "bmo", "revenue": 179679000000, "revenueEstimated": null, "fiscalDateEnding": "2019-04-25", "updatedFromDate": "2023-10-17"}, {"date": "2019-07-25", "symbol": "LKFN", "eps": 0.85, "epsEstimated": 0.81, "time": "bmo", "revenue": 47425000, "revenueEstimated": 47646105.88235294, "fiscalDateEnding": "2019-06-29", "updatedFromDate": "2023-09-29"}, {"date": "2019-07-25", "symbol": "EIX", "eps": 1.58, "epsEstimated": 1.15, "time": "amc", "revenue": 2812000000, "revenueEstimated": 2011113924.0506327, "fiscalDateEnding": "2019-06-29", "updatedFromDate": "2023-09-29"}, {"date": "2019-07-25", "symbol": "PFBOF", "eps": 0.44, "epsEstimated": 0.25, "time": "bmo", "revenue": null, "revenueEstimated": null, "fiscalDateEnding": "2019-06-30", "updatedFromDate": "2023-05-17"}, {"date": "2019-07-25", "symbol": "WVFC", "eps": 0.35, "epsEstimated": null, "time": "bmo", "revenue": 1577000, "revenueEstimated": null, "fiscalDateEnding": "2019-04-25", "updatedFromDate": "2023-10-16"}, {"date": "2019-07-25", "symbol": "RCL", "eps": 2.54, "epsEstimated": 2.45, "time": "bmo", "revenue": 2806631000, "revenueEstimated": 2707183444.88189, "fiscalDateEnding": "2019-06-29", "updatedFromDate": "2023-09-29"}, {"date": "2019-07-25", "symbol": "CU.TO", "eps": 0.46, "epsEstimated": 0.42, "time": "bmo", "revenue": 902000000, "revenueEstimated": null, "fiscalDateEnding": "2019-06-29", "updatedFromDate": "2023-05-17"}, {"date": "2019-07-25", "symbol": "BPRN", "eps": 0.41, "epsEstimated": 0.51, "time": "bmo", "revenue": 11092000, "revenueEstimated": 13266901, "fiscalDateEnding": "2019-06-30", "updatedFromDate": "2023-09-29"}, {"date": "2019-07-25", "symbol": "KIM", "eps": 0.2, "epsEstimated": 0.17, "time": "bmo", "revenue": 284873000, "revenueEstimated": 242142050, "fiscalDateEnding": "2019-06-29", "updatedFromDate": "2023-09-29"}, {"date": "2019-07-25", "symbol": "WIPKF", "eps": 0.48, "epsEstimated": 0.45, "time": "bmo", "revenue": null, "revenueEstimated": null, "fiscalDateEnding": "2019-06-30", "updatedFromDate": "2023-05-17"}, {"date": "2019-07-25", "symbol": "NVG.LS", "eps": 0.064, "epsEstimated": null, "time": "bmo", "revenue": 432257536, "revenueEstimated": null, "fiscalDateEnding": "2019-06-29", "updatedFromDate": "2023-05-17"}, {"date": "2019-07-25", "symbol": "KEX", "eps": 0.79, "epsEstimated": 0.79, "time": "bmo", "revenue": 771042000, "revenueEstimated": 771042000, "fiscalDateEnding": "2019-06-29", "updatedFromDate": "2023-09-29"}, {"date": "2019-07-25", "symbol": "NEM", "eps": 0.12, "epsEstimated": 0.23, "time": "bmo", "revenue": 2257000000, "revenueEstimated": 4325916666.666667, "fiscalDateEnding": "2019-06-29", "updatedFromDate": "2023-09-29"}, {"date": "2019-07-25", "symbol": "DEC.PA", "eps": 0.3117, "epsEstimated": null, "time": "bmo", "revenue": 871900000, "revenueEstimated": null, "fiscalDateEnding": "2019-04-25", "updatedFromDate": "2023-05-17"}, {"date": "2019-07-25", "symbol": "CX", "eps": 0.06, "epsEstimated": 0.11, "time": "bmo", "revenue": 3523070000, "revenueEstimated": 4451402618, "fiscalDateEnding": "2019-06-30", "updatedFromDate": "2023-09-29"}, {"date": "2019-07-25", "symbol": "HBIO", "eps": 0.04, "epsEstimated": 0.04, "time": "amc", "revenue": 29584000, "revenueEstimated": 29584000, "fiscalDateEnding": "2019-06-29", "updatedFromDate": "2023-09-29"}, {"date": "2019-07-25", "symbol": "LPLA", "eps": 1.85, "epsEstimated": 1.73, "time": "amc", "revenue": 501784000, "revenueEstimated": 1299610600, "fiscalDateEnding": "2019-06-29", "updatedFromDate": "2023-09-29"}, {"date": "2019-07-25", "symbol": "5959.T", "eps": 19.31, "epsEstimated": null, "time": "bmo", "revenue": 16382000000, "revenueEstimated": null, "fiscalDateEnding": "2019-06-29", "updatedFromDate": "2023-05-17"}, {"date": "2019-07-25", "symbol": "OSSR.CO", "eps": 0.05, "epsEstimated": 0.05, "time": "bmo", "revenue": 179063000, "revenueEstimated": null, "fiscalDateEnding": "2019-06-29", "updatedFromDate": "2023-07-24"}, {"date": "2019-07-25", "symbol": "TCBK", "eps": 0.75, "epsEstimated": 0.73, "time": "bmo", "revenue": 77893000, "revenueEstimated": 75664986.66666666, "fiscalDateEnding": "2019-06-29", "updatedFromDate": "2023-11-24"}, {"date": "2019-07-25", "symbol": "SEII", "eps": -153, "epsEstimated": null, "time": "bmo", "revenue": 1677364, "revenueEstimated": null, "fiscalDateEnding": "2019-04-25", "updatedFromDate": "2023-09-29"}, {"date": "2019-07-25", "symbol": "MITK", "eps": 0.12, "epsEstimated": 0.1, "time": "amc", "revenue": 21906000, "revenueEstimated": 20080500, "fiscalDateEnding": "2019-06-29", "updatedFromDate": "2023-09-29"}, {"date": "2019-07-25", "symbol": "ABI.BR", "eps": 1.16, "epsEstimated": 1.2, "time": "bmo", "revenue": 13963000000, "revenueEstimated": null, "fiscalDateEnding": "2019-06-29", "updatedFromDate": "2023-05-17"}, {"date": "2019-07-25", "symbol": "TRTN-PD", "eps": 1.15, "epsEstimated": 1.12, "time": "bmo", "revenue": 368660000, "revenueEstimated": null, "fiscalDateEnding": "2019-04-25", "updatedFromDate": "2023-10-16"}, {"date": "2019-07-25", "symbol": "JMT.LS", "eps": 0.17, "epsEstimated": 0.16, "time": "bmo", "revenue": 4661231000, "revenueEstimated": null, "fiscalDateEnding": "2019-06-29", "updatedFromDate": "2023-05-17"}, {"date": "2019-07-25", "symbol": "RROS.ST", "eps": 0.505, "epsEstimated": null, "time": "bmo", "revenue": 582000000, "revenueEstimated": null, "fiscalDateEnding": "2019-06-29", "updatedFromDate": "2023-08-16"}, {"date": "2019-07-25", "symbol": "PFPT", "eps": 0.41, "epsEstimated": 0.36, "time": "amc", "revenue": 214439000, "revenueEstimated": 188287902.4390244, "fiscalDateEnding": "2019-06-29", "updatedFromDate": "2023-05-17"}, {"date": "2019-07-25", "symbol": "BESIY", "eps": 0.28, "epsEstimated": null, "time": "bmo", "revenue": 356195000, "revenueEstimated": null, "fiscalDateEnding": "2019-06-30", "updatedFromDate": "2023-09-29"}, {"date": "2019-07-25", "symbol": "PID.PA", "eps": -0.81697, "epsEstimated": null, "time": "bmo", "revenue": 26999500, "revenueEstimated": null, "fiscalDateEnding": "2019-04-25", "updatedFromDate": "2023-10-16"}, {"date": "2019-07-25", "symbol": "BVN", "eps": 0.04, "epsEstimated": 0.07, "time": "amc", "revenue": 216145000, "revenueEstimated": null, "fiscalDateEnding": "2019-06-30", "updatedFromDate": "2023-09-29"}, {"date": "2019-07-25", "symbol": "GLPGF", "eps": -0.86, "epsEstimated": -1.13, "time": "bmo", "revenue": null, "revenueEstimated": null, "fiscalDateEnding": "2019-06-30", "updatedFromDate": "2023-05-17"}, {"date": "2019-07-25", "symbol": "SIVB", "eps": 6.08, "epsEstimated": 5.06, "time": "amc", "revenue": 799015000, "revenueEstimated": 718347726.9736841, "fiscalDateEnding": "2019-04-25", "updatedFromDate": "2023-05-17"}, {"date": "2019-07-25", "symbol": "ELCPF", "eps": null, "epsEstimated": null, "time": "bmo", "revenue": null, "revenueEstimated": null, "fiscalDateEnding": "2019-06-30", "updatedFromDate": "2023-05-17"}, {"date": "2019-07-25", "symbol": "052690.KS", "eps": 140, "epsEstimated": 113, "time": "bmo", "revenue": 82114423680, "revenueEstimated": null, "fiscalDateEnding": "2019-04-25", "updatedFromDate": "2023-05-17"}, {"date": "2019-07-25", "symbol": "CBAOF", "eps": 0.66, "epsEstimated": 0.73, "time": "bmo", "revenue": null, "revenueEstimated": null, "fiscalDateEnding": "2019-06-30", "updatedFromDate": "2023-05-17"}, {"date": "2019-07-25", "symbol": "FBASF", "eps": 1.02, "epsEstimated": 0.6, "time": "bmo", "revenue": null, "revenueEstimated": null, "fiscalDateEnding": "2019-06-30", "updatedFromDate": "2023-05-17"}, {"date": "2019-07-25", "symbol": "NHH.MC", "eps": 0.14, "epsEstimated": 0.12, "time": "bmo", "revenue": 1708078000, "revenueEstimated": null, "fiscalDateEnding": "2019-04-25", "updatedFromDate": "2023-05-17"}, {"date": "2019-07-25", "symbol": "GLOP", "eps": 0.25, "epsEstimated": 0.38, "time": "bmo", "revenue": 91805000, "revenueEstimated": 127631341, "fiscalDateEnding": "2019-06-29", "updatedFromDate": "2023-09-29"}, {"date": "2019-07-25", "symbol": "SRYB", "eps": 0.28, "epsEstimated": null, "time": "bmo", "revenue": null, "revenueEstimated": null, "fiscalDateEnding": "2019-04-25", "updatedFromDate": "2023-09-29"}, {"date": "2019-07-25", "symbol": "AMANF", "eps": null, "epsEstimated": null, "time": "bmo", "revenue": null, "revenueEstimated": null, "fiscalDateEnding": "2019-12-31", "updatedFromDate": "2023-05-17"}, {"date": "2019-07-25", "symbol": "GCNJF", "eps": null, "epsEstimated": null, "time": "bmo", "revenue": null, "revenueEstimated": null, "fiscalDateEnding": "2019-06-30", "updatedFromDate": "2023-05-17"}, {"date": "2019-07-25", "symbol": "AB", "eps": 0.56, "epsEstimated": 0.58, "time": "bmo", "revenue": 59023000, "revenueEstimated": 61130964.285714276, "fiscalDateEnding": "2019-06-29", "updatedFromDate": "2023-09-29"}, {"date": "2019-07-25", "symbol": "VOD.JO", "eps": 2.41, "epsEstimated": null, "time": "bmo", "revenue": 22686500000, "revenueEstimated": null, "fiscalDateEnding": "2019-04-25", "updatedFromDate": "2023-10-17"}, {"date": "2019-07-25", "symbol": "IEX", "eps": 1.5, "epsEstimated": 1.49, "time": "amc", "revenue": 642099000, "revenueEstimated": 637818340, "fiscalDateEnding": "2019-06-29", "updatedFromDate": "2023-09-29"}, {"date": "2019-07-25", "symbol": "TTE.L", "eps": 1.05, "epsEstimated": 1.25, "time": "bmo", "revenue": 45202000000, "revenueEstimated": null, "fiscalDateEnding": "2019-06-29", "updatedFromDate": "2023-05-17"}, {"date": "2019-07-25", "symbol": "FBIZ", "eps": 0.75, "epsEstimated": 0.47, "time": "bmo", "revenue": 20569000, "revenueEstimated": 28230080, "fiscalDateEnding": "2019-06-29", "updatedFromDate": "2023-09-29"}, {"date": "2019-07-25", "symbol": "BWB", "eps": 0.26, "epsEstimated": 0.24, "time": "bmo", "revenue": 19272000, "revenueEstimated": 17789538.46153846, "fiscalDateEnding": "2019-06-29", "updatedFromDate": "2023-09-29"}, {"date": "2019-07-25", "symbol": "GUI.PA", "eps": null, "epsEstimated": null, "time": "bmo", "revenue": null, "revenueEstimated": null, "fiscalDateEnding": "2019-04-25", "updatedFromDate": "2023-05-17"}, {"date": "2019-07-25", "symbol": "7201.T", "eps": 1.63, "epsEstimated": 14.69, "time": "bmo", "revenue": 2995821000000, "revenueEstimated": null, "fiscalDateEnding": "2019-04-25", "updatedFromDate": "2023-10-17"}, {"date": "2019-07-25", "symbol": "AEPPZ", "eps": 1, "epsEstimated": 0.97, "time": "bmo", "revenue": 3573600000, "revenueEstimated": 3463076288, "fiscalDateEnding": "2019-06-30", "updatedFromDate": "2023-05-17"}, {"date": "2019-07-25", "symbol": "BTPS.JK", "eps": 41.71, "epsEstimated": null, "time": "bmo", "revenue": 951353000000, "revenueEstimated": null, "fiscalDateEnding": "2019-06-29", "updatedFromDate": "2023-05-17"}, {"date": "2019-07-25", "symbol": "SCR.PA", "eps": 0.8, "epsEstimated": 0.79, "time": "bmo", "revenue": null, "revenueEstimated": null, "fiscalDateEnding": "2019-04-25", "updatedFromDate": "2023-05-17"}, {"date": "2019-07-25", "symbol": "UBSI", "eps": 0.66, "epsEstimated": 0.64, "time": "bmo", "revenue": 191325000, "revenueEstimated": 184579878.78787878, "fiscalDateEnding": "2019-06-29", "updatedFromDate": "2023-09-29"}, {"date": "2019-07-25", "symbol": "AFL", "eps": 1.13, "epsEstimated": 1.07, "time": "amc", "revenue": 5511000000, "revenueEstimated": 4449495575.22124, "fiscalDateEnding": "2019-06-29", "updatedFromDate": "2023-09-29"}, {"date": "2019-07-25", "symbol": "SILC", "eps": 0.38, "epsEstimated": 0.33, "time": "bmo", "revenue": 25402000, "revenueEstimated": 22059631.57894737, "fiscalDateEnding": "2019-06-30", "updatedFromDate": "2023-09-29"}, {"date": "2019-07-25", "symbol": "AEP", "eps": 1, "epsEstimated": 0.97, "time": "bmo", "revenue": 3573600000, "revenueEstimated": 3466392000, "fiscalDateEnding": "2019-06-29", "updatedFromDate": "2023-09-29"}, {"date": "2019-07-25", "symbol": "FMBH", "eps": 0.66, "epsEstimated": 0.73, "time": "bmo", "revenue": 44901000, "revenueEstimated": 49663227.272727266, "fiscalDateEnding": "2019-06-29", "updatedFromDate": "2023-09-29"}, {"date": "2019-07-25", "symbol": "FLEX", "eps": 0.27, "epsEstimated": 0.27, "time": "amc", "revenue": 6175939000, "revenueEstimated": 6175939000, "fiscalDateEnding": "2019-06-27", "updatedFromDate": "2023-09-29"}, {"date": "2019-07-25", "symbol": "FRME", "eps": 0.83, "epsEstimated": 0.81, "time": "bmo", "revenue": 106892000, "revenueEstimated": 104316289.15662652, "fiscalDateEnding": "2019-06-29", "updatedFromDate": "2023-09-29"}, {"date": "2019-07-25", "symbol": "GRPOF", "eps": 0.13, "epsEstimated": 0.24, "time": "bmo", "revenue": null, "revenueEstimated": null, "fiscalDateEnding": "2019-06-30", "updatedFromDate": "2023-05-17"}, {"date": "2019-07-25", "symbol": "RECSI.OL", "eps": null, "epsEstimated": null, "time": "bmo", "revenue": null, "revenueEstimated": null, "fiscalDateEnding": "2019-06-30", "updatedFromDate": "2023-05-17"}, {"date": "2019-07-25", "symbol": "FMX", "eps": 0.82, "epsEstimated": 0.8, "time": "amc", "revenue": 128213000000, "revenueEstimated": 92250817073, "fiscalDateEnding": "2019-06-30", "updatedFromDate": "2023-09-29"}, {"date": "2019-07-25", "symbol": "7518.T", "eps": 17.93, "epsEstimated": 14.2, "time": "bmo", "revenue": 63324000000, "revenueEstimated": null, "fiscalDateEnding": "2019-04-25", "updatedFromDate": "2023-10-17"}, {"date": "2019-07-25", "symbol": "DECK", "eps": -0.67, "epsEstimated": -1.15, "time": "amc", "revenue": 276839000, "revenueEstimated": 462775641.7910448, "fiscalDateEnding": "2019-06-29", "updatedFromDate": "2023-09-29"}, {"date": "2019-07-25", "symbol": "TAL", "eps": 0.03, "epsEstimated": 0.13, "time": "bmo", "revenue": 702770000, "revenueEstimated": 1267242709, "fiscalDateEnding": "2019-05-31", "updatedFromDate": "2023-09-29"}, {"date": "2019-07-25", "symbol": "UNA.AS", "eps": null, "epsEstimated": null, "time": "bmo", "revenue": null, "revenueEstimated": null, "fiscalDateEnding": "2019-04-25", "updatedFromDate": "2023-05-17"}, {"date": "2019-07-25", "symbol": "ACNDF", "eps": null, "epsEstimated": null, "time": "bmo", "revenue": null, "revenueEstimated": null, "fiscalDateEnding": "2019-06-30", "updatedFromDate": "2023-05-17"}, {"date": "2019-07-25", "symbol": "OPOF", "eps": 0.31, "epsEstimated": null, "time": "bmo", "revenue": 12104000, "revenueEstimated": null, "fiscalDateEnding": "2019-06-29", "updatedFromDate": "2023-09-29"}, {"date": "2019-07-25", "symbol": "LRE.L", "eps": null, "epsEstimated": 0.16, "time": "bmo", "revenue": null, "revenueEstimated": null, "fiscalDateEnding": "2019-04-25", "updatedFromDate": "2023-05-17"}, {"date": "2019-07-25", "symbol": "8871.T", "eps": 142.06, "epsEstimated": null, "time": "bmo", "revenue": 4015000000, "revenueEstimated": null, "fiscalDateEnding": "2019-04-25", "updatedFromDate": "2023-10-17"}, {"date": "2019-07-25", "symbol": "ALTA", "eps": 0.58, "epsEstimated": 0.57, "time": "bmo", "revenue": 31318000, "revenueEstimated": 10486034.48275862, "fiscalDateEnding": "2019-06-29", "updatedFromDate": "2023-05-17"}, {"date": "2019-07-25", "symbol": "WM", "eps": 1.11, "epsEstimated": 1.08, "time": "bmo", "revenue": 3946000000, "revenueEstimated": 3839351351.3513513, "fiscalDateEnding": "2019-06-29", "updatedFromDate": "2023-09-29"}, {"date": "2019-07-25", "symbol": "SCVPF", "eps": 5.87, "epsEstimated": 6.99, "time": "bmo", "revenue": null, "revenueEstimated": null, "fiscalDateEnding": "2019-06-30", "updatedFromDate": "2023-08-16"}, {"date": "2019-07-25", "symbol": "SWDCF", "eps": 0.09, "epsEstimated": 0.09, "time": "bmo", "revenue": null, "revenueEstimated": null, "fiscalDateEnding": "2019-06-30", "updatedFromDate": "2023-05-17"}, {"date": "2019-07-25", "symbol": "2760.T", "eps": 39.45, "epsEstimated": null, "time": "bmo", "revenue": 36932000000, "revenueEstimated": null, "fiscalDateEnding": "2019-04-25", "updatedFromDate": "2023-10-17"}, {"date": "2019-07-25", "symbol": "FFBW", "eps": 0.05, "epsEstimated": null, "time": "bmo", "revenue": 2351000, "revenueEstimated": null, "fiscalDateEnding": "2019-06-30", "updatedFromDate": "2023-09-29"}, {"date": "2019-07-25", "symbol": "RS", "eps": 2.71, "epsEstimated": 2.58, "time": "bmo", "revenue": 2883500000, "revenueEstimated": 2745177121.771218, "fiscalDateEnding": "2019-06-29", "updatedFromDate": "2023-09-29"}, {"date": "2019-07-25", "symbol": "CFP.TO", "eps": -0.36, "epsEstimated": -0.28, "time": "bmo", "revenue": 1313000000, "revenueEstimated": null, "fiscalDateEnding": "2019-06-29", "updatedFromDate": "2023-05-17"}, {"date": "2019-07-25", "symbol": "3257.TW", "eps": 0.06935, "epsEstimated": null, "time": "bmo", "revenue": 138777000, "revenueEstimated": null, "fiscalDateEnding": "2019-06-29", "updatedFromDate": "2023-05-17"}, {"date": "2019-07-25", "symbol": "SRP.PA", "eps": null, "epsEstimated": null, "time": "bmo", "revenue": null, "revenueEstimated": null, "fiscalDateEnding": "2019-06-30", "updatedFromDate": "2023-05-17"}, {"date": "2019-07-25", "symbol": "NK.PA", "eps": 0.3386, "epsEstimated": null, "time": "bmo", "revenue": 1139400000, "revenueEstimated": null, "fiscalDateEnding": "2019-06-30", "updatedFromDate": "2023-05-17"}, {"date": "2019-07-25", "symbol": "MAREL.IC", "eps": 0.0511, "epsEstimated": null, "time": "bmo", "revenue": 326500000, "revenueEstimated": null, "fiscalDateEnding": "2019-06-29", "updatedFromDate": "2023-05-17"}, {"date": "2019-07-25", "symbol": "CARO", "eps": 0.73, "epsEstimated": 0.71, "time": "bmo", "revenue": 58530000, "revenueEstimated": 53849123.28767123, "fiscalDateEnding": "2019-04-25", "updatedFromDate": "2023-05-17"}, {"date": "2019-07-25", "symbol": "FLRY3.SA", "eps": 0.23, "epsEstimated": 0.3, "time": "bmo", "revenue": null, "revenueEstimated": null, "fiscalDateEnding": "2019-06-30", "updatedFromDate": "2023-05-17"}, {"date": "2019-07-25", "symbol": "GUZOF", "eps": 0.74, "epsEstimated": 0.7, "time": "bmo", "revenue": null, "revenueEstimated": 15532432.432432432, "fiscalDateEnding": "2019-06-30", "updatedFromDate": "2023-05-17"}, {"date": "2019-07-25", "symbol": "SBBSF", "eps": null, "epsEstimated": null, "time": "bmo", "revenue": null, "revenueEstimated": null, "fiscalDateEnding": "2019-06-30", "updatedFromDate": "2023-05-17"}, {"date": "2019-07-25", "symbol": "108670.KS", "eps": 2678, "epsEstimated": 731.32, "time": "bmo", "revenue": 836189000000, "revenueEstimated": null, "fiscalDateEnding": "2019-06-29", "updatedFromDate": "2023-08-16"}, {"date": "2019-07-25", "symbol": "ALLIX.PA", "eps": null, "epsEstimated": null, "time": "bmo", "revenue": null, "revenueEstimated": null, "fiscalDateEnding": "2019-06-30", "updatedFromDate": "2023-05-17"}, {"date": "2019-07-25", "symbol": "CLZNF", "eps": null, "epsEstimated": 0.38, "time": "bmo", "revenue": null, "revenueEstimated": null, "fiscalDateEnding": "2019-06-30", "updatedFromDate": "2023-08-16"}, {"date": "2019-07-25", "symbol": "CMZOF", "eps": null, "epsEstimated": null, "time": "bmo", "revenue": null, "revenueEstimated": null, "fiscalDateEnding": "2019-06-30", "updatedFromDate": "2023-05-17"}, {"date": "2019-07-25", "symbol": "OUKPF", "eps": 0.07, "epsEstimated": 0.06, "time": "bmo", "revenue": null, "revenueEstimated": null, "fiscalDateEnding": "2019-06-30", "updatedFromDate": "2023-05-17"}, {"date": "2019-07-25", "symbol": "EVBN", "eps": 0.88, "epsEstimated": 0.82, "time": "amc", "revenue": 17864000, "revenueEstimated": 16646000, "fiscalDateEnding": "2019-06-29", "updatedFromDate": "2023-09-29"}, {"date": "2019-07-25", "symbol": "9368.T", "eps": 14.22, "epsEstimated": null, "time": "bmo", "revenue": 14137535000, "revenueEstimated": null, "fiscalDateEnding": "2019-04-25", "updatedFromDate": "2023-10-17"}, {"date": "2019-07-25", "symbol": "AOTOF", "eps": null, "epsEstimated": null, "time": "bmo", "revenue": null, "revenueEstimated": null, "fiscalDateEnding": "2019-06-30", "updatedFromDate": "2023-05-17"}, {"date": "2019-07-25", "symbol": "NTUS", "eps": 0.34, "epsEstimated": 0.3, "time": "bmo", "revenue": 125539000, "revenueEstimated": 110769705.88235292, "fiscalDateEnding": "2019-06-29", "updatedFromDate": "2023-05-17"}, {"date": "2019-07-25", "symbol": "MPCMF", "eps": 0.02, "epsEstimated": 0.02, "time": "bmo", "revenue": null, "revenueEstimated": 20777000000, "fiscalDateEnding": "2019-12-31", "updatedFromDate": "2023-05-17"}, {"date": "2019-07-25", "symbol": "TPH", "eps": 0.18, "epsEstimated": 0.15, "time": "bmo", "revenue": 698714000, "revenueEstimated": 582261666.6666667, "fiscalDateEnding": "2019-06-29", "updatedFromDate": "2023-09-29"}, {"date": "2019-07-25", "symbol": "CFPUF", "eps": 0.16, "epsEstimated": 0.27, "time": "bmo", "revenue": null, "revenueEstimated": null, "fiscalDateEnding": "2019-06-30", "updatedFromDate": "2023-08-16"}, {"date": "2019-07-25", "symbol": "TILE", "eps": 0.51, "epsEstimated": 0.49, "time": "amc", "revenue": 357507000, "revenueEstimated": 343487117.6470588, "fiscalDateEnding": "2019-06-29", "updatedFromDate": "2023-11-28"}, {"date": "2019-07-25", "symbol": "MHK", "eps": 2.89, "epsEstimated": 2.87, "time": "amc", "revenue": 2584485000, "revenueEstimated": 2566599290.657439, "fiscalDateEnding": "2019-06-28", "updatedFromDate": "2023-11-28"}, {"date": "2019-07-25", "symbol": "CLN.SW", "eps": null, "epsEstimated": 0.38, "time": "bmo", "revenue": null, "revenueEstimated": null, "fiscalDateEnding": "2019-04-25", "updatedFromDate": "2023-08-16"}, {"date": "2019-07-25", "symbol": "PBDIF", "eps": 88.11, "epsEstimated": 104.89, "time": "bmo", "revenue": null, "revenueEstimated": null, "fiscalDateEnding": "2019-06-30", "updatedFromDate": "2023-08-16"}, {"date": "2019-07-25", "symbol": "ODFL", "eps": 1.44, "epsEstimated": 1.41, "time": "bmo", "revenue": 1060666000, "revenueEstimated": 1038568791.6666666, "fiscalDateEnding": "2019-06-29", "updatedFromDate": "2023-12-01"}, {"date": "2019-07-25", "symbol": "WERN", "eps": 0.63, "epsEstimated": 0.64, "time": "amc", "revenue": 627533000, "revenueEstimated": 637493841.2698412, "fiscalDateEnding": "2019-06-29", "updatedFromDate": "2023-09-29"}, {"date": "2019-07-25", "symbol": "GMPUF", "eps": 0.1, "epsEstimated": 0.13, "time": "bmo", "revenue": null, "revenueEstimated": null, "fiscalDateEnding": "2019-06-30", "updatedFromDate": "2023-05-17"}, {"date": "2019-07-25", "symbol": "SMCP.PA", "eps": null, "epsEstimated": null, "time": "bmo", "revenue": null, "revenueEstimated": null, "fiscalDateEnding": "2019-06-30", "updatedFromDate": "2023-05-17"}, {"date": "2019-07-25", "symbol": "AUY", "eps": 0.02, "epsEstimated": 0.01808, "time": "amc", "revenue": 357800000, "revenueEstimated": 463500000, "fiscalDateEnding": "2019-04-25", "updatedFromDate": "2023-09-29"}, {"date": "2019-07-25", "symbol": "WHTAF", "eps": null, "epsEstimated": null, "time": "bmo", "revenue": null, "revenueEstimated": null, "fiscalDateEnding": "2019-06-30", "updatedFromDate": "2023-05-17"}, {"date": "2019-07-25", "symbol": "CAF.PA", "eps": null, "epsEstimated": null, "time": "bmo", "revenue": null, "revenueEstimated": null, "fiscalDateEnding": "2019-04-25", "updatedFromDate": "2023-05-17"}, {"date": "2019-07-25", "symbol": "IDR.MC", "eps": 0.08, "epsEstimated": 0.18, "time": "bmo", "revenue": 810600000, "revenueEstimated": null, "fiscalDateEnding": "2019-06-29", "updatedFromDate": "2023-05-17"}, {"date": "2019-07-25", "symbol": "SFFYF", "eps": 0.63, "epsEstimated": 0.54, "time": "bmo", "revenue": null, "revenueEstimated": null, "fiscalDateEnding": "2019-06-30", "updatedFromDate": "2023-05-17"}, {"date": "2019-07-25", "symbol": "TCO", "eps": 0.1, "epsEstimated": 0.13, "time": "bmo", "revenue": null, "revenueEstimated": 210085200, "fiscalDateEnding": "2019-06-30", "updatedFromDate": "2023-05-17"}, {"date": "2019-07-25", "symbol": "MTRN", "eps": 0.88, "epsEstimated": 0.77, "time": "bmo", "revenue": 297843000, "revenueEstimated": 260612625, "fiscalDateEnding": "2019-06-27", "updatedFromDate": "2023-09-29"}, {"date": "2019-07-25", "symbol": "SCYR.MC", "eps": 0.07279, "epsEstimated": null, "time": "bmo", "revenue": 1036809000, "revenueEstimated": null, "fiscalDateEnding": "2019-06-29", "updatedFromDate": "2023-05-17"}, {"date": "2019-07-25", "symbol": "SMP", "eps": 0.92, "epsEstimated": 0.81, "time": "bmo", "revenue": 305172000, "revenueEstimated": 268684043.4782609, "fiscalDateEnding": "2019-06-29", "updatedFromDate": "2023-09-29"}, {"date": "2019-07-25", "symbol": "STMEF", "eps": 0.18, "epsEstimated": 0.17, "time": "bmo", "revenue": null, "revenueEstimated": null, "fiscalDateEnding": "2019-06-30", "updatedFromDate": "2023-05-17"}, {"date": "2019-07-25", "symbol": "AIMC", "eps": 0.71, "epsEstimated": 0.79, "time": "bmo", "revenue": 466500000, "revenueEstimated": 519063380.2816902, "fiscalDateEnding": "2019-06-29", "updatedFromDate": "2023-05-17"}, {"date": "2019-07-25", "symbol": "OUKPY", "eps": 0.07, "epsEstimated": 0.06, "time": "bmo", "revenue": 326600000, "revenueEstimated": null, "fiscalDateEnding": "2019-06-29", "updatedFromDate": "2023-05-17"}, {"date": "2019-07-25", "symbol": "MCBC", "eps": 0.24, "epsEstimated": 0.21, "time": "bmo", "revenue": 20722000, "revenueEstimated": 18421375, "fiscalDateEnding": "2019-06-29", "updatedFromDate": "2023-09-29"}, {"date": "2019-07-25", "symbol": "006220.KS", "eps": 232, "epsEstimated": null, "time": "bmo", "revenue": 35320000000, "revenueEstimated": null, "fiscalDateEnding": "2019-09-29", "updatedFromDate": "2023-05-17"}, {"date": "2019-07-25", "symbol": "IVZ", "eps": 0.65, "epsEstimated": 0.57, "time": "bmo", "revenue": 1439400000, "revenueEstimated": 1306532307.6923075, "fiscalDateEnding": "2019-06-29", "updatedFromDate": "2023-09-29"}, {"date": "2019-07-25", "symbol": "PD.TO", "eps": -1.4, "epsEstimated": -1.9, "time": "bmo", "revenue": 359424000, "revenueEstimated": null, "fiscalDateEnding": "2019-06-30", "updatedFromDate": "2023-10-16"}, {"date": "2019-07-25", "symbol": "RO.SW", "eps": null, "epsEstimated": null, "time": "bmo", "revenue": null, "revenueEstimated": null, "fiscalDateEnding": "2019-04-25", "updatedFromDate": "2023-05-17"}, {"date": "2019-07-25", "symbol": "CXMSF", "eps": 0.19, "epsEstimated": 0.64, "time": "bmo", "revenue": null, "revenueEstimated": null, "fiscalDateEnding": "2019-06-30", "updatedFromDate": "2023-05-17"}, {"date": "2019-07-25", "symbol": "2002.T", "eps": 14.91, "epsEstimated": 17.6, "time": "bmo", "revenue": 175514000000, "revenueEstimated": null, "fiscalDateEnding": "2019-04-25", "updatedFromDate": "2023-10-17"}, {"date": "2019-07-25", "symbol": "4002.SR", "eps": 0.9, "epsEstimated": 1.85, "time": "bmo", "revenue": 443286687, "revenueEstimated": null, "fiscalDateEnding": "2019-04-25", "updatedFromDate": "2023-05-17"}, {"date": "2019-07-25", "symbol": "VESTA.MX", "eps": 0.08, "epsEstimated": 0.026, "time": "bmo", "revenue": null, "revenueEstimated": null, "fiscalDateEnding": "2019-06-30", "updatedFromDate": "2023-05-17"}, {"date": "2019-07-25", "symbol": "BAS.F", "eps": 0.82, "epsEstimated": 1.06, "time": "bmo", "revenue": 15158000000, "revenueEstimated": null, "fiscalDateEnding": "2019-06-29", "updatedFromDate": "2023-05-17"}, {"date": "2019-07-25", "symbol": "TSSLF", "eps": null, "epsEstimated": null, "time": "bmo", "revenue": null, "revenueEstimated": null, "fiscalDateEnding": "2019-06-30", "updatedFromDate": "2023-05-17"}, {"date": "2019-07-25", "symbol": "PAGDF", "eps": null, "epsEstimated": null, "time": "bmo", "revenue": null, "revenueEstimated": null, "fiscalDateEnding": "2019-09-30", "updatedFromDate": "2023-10-16"}, {"date": "2019-07-25", "symbol": "6967.T", "eps": -5.83, "epsEstimated": 3.72, "time": "bmo", "revenue": 40826000000, "revenueEstimated": null, "fiscalDateEnding": "2019-04-25", "updatedFromDate": "2023-10-17"}, {"date": "2019-07-25", "symbol": "GRA", "eps": 1.16, "epsEstimated": 1.14, "time": "bmo", "revenue": 513600000, "revenueEstimated": 504744827.58620685, "fiscalDateEnding": "2019-06-29", "updatedFromDate": "2023-05-17"}, {"date": "2019-07-25", "symbol": "1928.HK", "eps": 0.06, "epsEstimated": 0.06, "time": "bmo", "revenue": null, "revenueEstimated": null, "fiscalDateEnding": "2019-04-25", "updatedFromDate": "2023-08-16"}, {"date": "2019-07-25", "symbol": "CTT.LS", "eps": 0.04, "epsEstimated": 0.02, "time": "bmo", "revenue": 173613142, "revenueEstimated": null, "fiscalDateEnding": "2019-06-29", "updatedFromDate": "2023-08-16"}, {"date": "2019-07-25", "symbol": "BDMN.JK", "eps": 88.11, "epsEstimated": 104.89, "time": "bmo", "revenue": 4410319000000, "revenueEstimated": null, "fiscalDateEnding": "2019-06-29", "updatedFromDate": "2023-08-16"}, {"date": "2019-07-25", "symbol": "ACLLF", "eps": 0.68, "epsEstimated": 0.61, "time": "bmo", "revenue": null, "revenueEstimated": null, "fiscalDateEnding": "2019-06-30", "updatedFromDate": "2023-08-16"}, {"date": "2019-07-25", "symbol": "010120.KS", "eps": 890, "epsEstimated": 1240.45, "time": "bmo", "revenue": 580839590440, "revenueEstimated": null, "fiscalDateEnding": "2019-06-29", "updatedFromDate": "2023-08-16"}, {"date": "2019-07-25", "symbol": "RENE.LS", "eps": 0.06, "epsEstimated": 0.18, "time": "bmo", "revenue": 174453000, "revenueEstimated": null, "fiscalDateEnding": "2019-06-29", "updatedFromDate": "2023-08-16"}, {"date": "2019-07-25", "symbol": "AVEN.ST", "eps": 0.03404, "epsEstimated": null, "time": "bmo", "revenue": 73831000, "revenueEstimated": null, "fiscalDateEnding": "2019-06-29", "updatedFromDate": "2023-08-16"}, {"date": "2019-07-25", "symbol": "TOEAF", "eps": null, "epsEstimated": null, "time": "bmo", "revenue": null, "revenueEstimated": null, "fiscalDateEnding": "2019-12-31", "updatedFromDate": "2023-08-16"}, {"date": "2019-07-25", "symbol": "MAREL.AS", "eps": 0.0511, "epsEstimated": null, "time": "bmo", "revenue": 326500000, "revenueEstimated": null, "fiscalDateEnding": "2019-06-29", "updatedFromDate": "2023-08-16"}, {"date": "2019-07-25", "symbol": "002810.SZ", "eps": 0.1665, "epsEstimated": null, "time": "bmo", "revenue": 299691630.3, "revenueEstimated": null, "fiscalDateEnding": "2019-06-29", "updatedFromDate": "2023-08-16"}, {"date": "2019-07-25", "symbol": "CCO.TO", "eps": -0.04, "epsEstimated": -0.0375, "time": "bmo", "revenue": 387769000, "revenueEstimated": null, "fiscalDateEnding": "2019-06-29", "updatedFromDate": "2023-08-16"}, {"date": "2019-07-25", "symbol": "GLPG.AS", "eps": -0.86, "epsEstimated": -1.13, "time": "bmo", "revenue": 58738000, "revenueEstimated": null, "fiscalDateEnding": "2019-06-29", "updatedFromDate": "2023-08-16"}, {"date": "2019-07-25", "symbol": "218410.KQ", "eps": 356.12, "epsEstimated": null, "time": "bmo", "revenue": null, "revenueEstimated": null, "fiscalDateEnding": "2019-06-30", "updatedFromDate": "2023-08-16"}, {"date": "2019-07-25", "symbol": "CDSL.NS", "eps": 2.74, "epsEstimated": null, "time": "bmo", "revenue": 598844000, "revenueEstimated": null, "fiscalDateEnding": "2019-04-25", "updatedFromDate": "2023-10-17"}, {"date": "2019-07-25", "symbol": "UNIFINA.MX", "eps": 1.32, "epsEstimated": 1.31, "time": "bmo", "revenue": null, "revenueEstimated": null, "fiscalDateEnding": "2019-06-30", "updatedFromDate": "2023-08-16"}, {"date": "2019-07-25", "symbol": "004000.KS", "eps": 1569, "epsEstimated": 1815.11, "time": "bmo", "revenue": 330243502080, "revenueEstimated": null, "fiscalDateEnding": "2019-06-29", "updatedFromDate": "2023-08-16"}, {"date": "2019-07-25", "symbol": "MCVEF", "eps": 0.05, "epsEstimated": 0.04255, "time": "bmo", "revenue": null, "revenueEstimated": null, "fiscalDateEnding": "2019-06-30", "updatedFromDate": "2023-08-16"}, {"date": "2019-07-25", "symbol": "000150.KS", "eps": 2173.27, "epsEstimated": 2823.65, "time": "bmo", "revenue": 4988279231430, "revenueEstimated": null, "fiscalDateEnding": "2019-06-29", "updatedFromDate": "2023-08-16"}, {"date": "2019-07-25", "symbol": "GPOVF", "eps": null, "epsEstimated": null, "time": "bmo", "revenue": null, "revenueEstimated": null, "fiscalDateEnding": "2019-06-30", "updatedFromDate": "2023-08-16"}, {"date": "2019-07-25", "symbol": "GBOOY", "eps": 3.03, "epsEstimated": 3.04, "time": "bmo", "revenue": 30730000000, "revenueEstimated": null, "fiscalDateEnding": "2019-06-30", "updatedFromDate": "2023-09-29"}, {"date": "2019-07-25", "symbol": "COFA.PA", "eps": 0.28, "epsEstimated": null, "time": "bmo", "revenue": 383963000, "revenueEstimated": null, "fiscalDateEnding": "2019-06-30", "updatedFromDate": "2023-08-25"}, {"date": "2019-07-25", "symbol": "VKCO.IL", "eps": 10.19, "epsEstimated": 10.19, "time": "bmo", "revenue": 19667000000, "revenueEstimated": null, "fiscalDateEnding": "2019-06-29", "updatedFromDate": "2023-08-16"}, {"date": "2019-07-25", "symbol": "CDUAF", "eps": 0.46, "epsEstimated": 0.42, "time": "bmo", "revenue": null, "revenueEstimated": null, "fiscalDateEnding": "2019-06-30", "updatedFromDate": "2023-08-16"}, {"date": "2019-07-25", "symbol": "267250.KS", "eps": 1240.2, "epsEstimated": 2223.8, "time": "bmo", "revenue": 6823766061000, "revenueEstimated": null, "fiscalDateEnding": "2019-06-29", "updatedFromDate": "2023-08-16"}, {"date": "2019-07-25", "symbol": "SUBCY", "eps": 0.09, "epsEstimated": 0.11, "time": "bmo", "revenue": 957900000, "revenueEstimated": null, "fiscalDateEnding": "2019-06-30", "updatedFromDate": "2023-09-29"}, {"date": "2019-07-25", "symbol": "ECOR3.SA", "eps": 0.11, "epsEstimated": 0.17, "time": "bmo", "revenue": 972839000, "revenueEstimated": null, "fiscalDateEnding": "2019-06-29", "updatedFromDate": "2023-08-16"}, {"date": "2019-07-25", "symbol": "TLGO.MC", "eps": 0.05, "epsEstimated": 0.05, "time": "bmo", "revenue": 107727000, "revenueEstimated": null, "fiscalDateEnding": "2019-04-25", "updatedFromDate": "2023-08-16"}, {"date": "2019-07-25", "symbol": "TRAXIONA.MX", "eps": 0.13, "epsEstimated": 0.24, "time": "bmo", "revenue": null, "revenueEstimated": null, "fiscalDateEnding": "2019-06-30", "updatedFromDate": "2023-08-16"}, {"date": "2019-07-25", "symbol": "2413.T", "eps": 7.24, "epsEstimated": 8.15, "time": "bmo", "revenue": 34654000000, "revenueEstimated": null, "fiscalDateEnding": "2019-04-25", "updatedFromDate": "2023-10-17"}, {"date": "2019-07-25", "symbol": "002384.SZ", "eps": 0.13, "epsEstimated": 0.14, "time": "bmo", "revenue": 5486984723.75, "revenueEstimated": null, "fiscalDateEnding": "2019-06-29", "updatedFromDate": "2023-08-16"}, {"date": "2019-07-25", "symbol": "WIN.SW", "eps": 0.06, "epsEstimated": -0.14, "time": "bmo", "revenue": 1150200000, "revenueEstimated": null, "fiscalDateEnding": "2019-06-29", "updatedFromDate": "2023-08-16"}, {"date": "2019-07-25", "symbol": "GNCA", "eps": -0.42, "epsEstimated": -0.66, "time": "bmo", "revenue": null, "revenueEstimated": null, "fiscalDateEnding": "2019-06-29", "updatedFromDate": "2023-08-16"}, {"date": "2019-07-25", "symbol": "GCARSOA1.MX", "eps": null, "epsEstimated": null, "time": "bmo", "revenue": null, "revenueEstimated": null, "fiscalDateEnding": "2019-06-30", "updatedFromDate": "2023-08-16"}, {"date": "2019-07-25", "symbol": "KGAUF", "eps": 0.01841, "epsEstimated": null, "time": "bmo", "revenue": 294300000, "revenueEstimated": null, "fiscalDateEnding": "2019-06-30", "updatedFromDate": "2023-08-25"}, {"date": "2019-07-25", "symbol": "MNXBF", "eps": 3.2, "epsEstimated": null, "time": "bmo", "revenue": 13163000000, "revenueEstimated": null, "fiscalDateEnding": "2019-06-30", "updatedFromDate": "2023-08-25"}, {"date": "2019-07-25", "symbol": "VOSSF", "eps": null, "epsEstimated": null, "time": "bmo", "revenue": null, "revenueEstimated": null, "fiscalDateEnding": "2019-06-30", "updatedFromDate": "2023-08-16"}, {"date": "2019-07-25", "symbol": "GTT.PA", "eps": 1.16, "epsEstimated": null, "time": "bmo", "revenue": 82793500, "revenueEstimated": null, "fiscalDateEnding": "2019-04-25", "updatedFromDate": "2023-08-16"}, {"date": "2019-07-25", "symbol": "SZCRF", "eps": 0.8, "epsEstimated": 0.8, "time": "bmo", "revenue": null, "revenueEstimated": null, "fiscalDateEnding": "2019-06-30", "updatedFromDate": "2023-08-16"}, {"date": "2019-07-25", "symbol": "FRAGUAB.MX", "eps": 3.99, "epsEstimated": 3.9, "time": "bmo", "revenue": null, "revenueEstimated": null, "fiscalDateEnding": "2019-06-30", "updatedFromDate": "2023-08-16"}, {"date": "2019-07-25", "symbol": "VIV.PA", "eps": null, "epsEstimated": 0.24, "time": "bmo", "revenue": null, "revenueEstimated": null, "fiscalDateEnding": "2019-04-25", "updatedFromDate": "2023-08-16"}, {"date": "2019-07-25", "symbol": "CFPZF", "eps": -0.36, "epsEstimated": -0.28, "time": "bmo", "revenue": null, "revenueEstimated": null, "fiscalDateEnding": "2019-06-30", "updatedFromDate": "2023-08-16"}, {"date": "2019-07-25", "symbol": "GPLDF", "eps": -0.2, "epsEstimated": -0.025, "time": "amc", "revenue": null, "revenueEstimated": null, "fiscalDateEnding": "2019-06-30", "updatedFromDate": "2023-08-16"}, {"date": "2019-07-25", "symbol": "CBTX", "eps": 0.57, "epsEstimated": 0.47, "time": "bmo", "revenue": 41536000, "revenueEstimated": 34303403.50877193, "fiscalDateEnding": "2019-06-29", "updatedFromDate": "2023-08-16"}, {"date": "2019-07-25", "symbol": "HOTEL.MX", "eps": 0.04, "epsEstimated": 0.06, "time": "bmo", "revenue": null, "revenueEstimated": null, "fiscalDateEnding": "2019-06-30", "updatedFromDate": "2023-08-16"}, {"date": "2019-07-25", "symbol": "WHTCF", "eps": null, "epsEstimated": null, "time": "bmo", "revenue": null, "revenueEstimated": null, "fiscalDateEnding": "2019-06-30", "updatedFromDate": "2023-08-16"}, {"date": "2019-07-25", "symbol": "GNCAQ", "eps": -0.42, "epsEstimated": -0.66, "time": "bmo", "revenue": null, "revenueEstimated": null, "fiscalDateEnding": "2019-06-30", "updatedFromDate": "2023-08-16"}, {"date": "2019-07-25", "symbol": "2317.T", "eps": 12.62, "epsEstimated": 12.4, "time": "bmo", "revenue": 17217000000, "revenueEstimated": null, "fiscalDateEnding": "2019-04-25", "updatedFromDate": "2023-10-16"}, {"date": "2019-07-25", "symbol": "5110.SR", "eps": 0.1893, "epsEstimated": null, "time": "bmo", "revenue": 16520265000, "revenueEstimated": null, "fiscalDateEnding": "2019-06-29", "updatedFromDate": "2023-08-16"}, {"date": "2019-07-25", "symbol": "GFNORTEO.MX", "eps": 3.03, "epsEstimated": 3.07, "time": "bmo", "revenue": 30730000000, "revenueEstimated": null, "fiscalDateEnding": "2019-06-29", "updatedFromDate": "2023-08-16"}, {"date": "2019-07-25", "symbol": "MT.MI", "eps": null, "epsEstimated": null, "time": "bmo", "revenue": null, "revenueEstimated": null, "fiscalDateEnding": "2019-06-30", "updatedFromDate": "2023-08-16"}, {"date": "2019-07-25", "symbol": "MPFRF", "eps": 0.06, "epsEstimated": 0.06, "time": "bmo", "revenue": null, "revenueEstimated": 20777000000, "fiscalDateEnding": "2019-06-30", "updatedFromDate": "2023-08-16"}, {"date": "2019-07-25", "symbol": "BRE2.ST", "eps": 0.01, "epsEstimated": 0.00833, "time": "bmo", "revenue": 164497000, "revenueEstimated": null, "fiscalDateEnding": "2019-06-29", "updatedFromDate": "2023-08-16"}, {"date": "2019-07-25", "symbol": "HXGBY", "eps": 0.52, "epsEstimated": 0.46, "time": "bmo", "revenue": 976000000, "revenueEstimated": null, "fiscalDateEnding": "2019-06-29", "updatedFromDate": "2023-08-16"}, {"date": "2019-07-25", "symbol": "3563.TW", "eps": 7.25, "epsEstimated": 7.61, "time": "bmo", "revenue": 779880000, "revenueEstimated": null, "fiscalDateEnding": "2019-06-29", "updatedFromDate": "2023-08-16"}, {"date": "2019-07-25", "symbol": "6581.TW", "eps": 2.93, "epsEstimated": 2.75, "time": "bmo", "revenue": 572127000, "revenueEstimated": null, "fiscalDateEnding": "2019-06-29", "updatedFromDate": "2023-08-16"}, {"date": "2019-07-25", "symbol": "GZPZF", "eps": null, "epsEstimated": null, "time": "bmo", "revenue": null, "revenueEstimated": null, "fiscalDateEnding": "2019-06-30", "updatedFromDate": "2023-08-16"}, {"date": "2019-07-25", "symbol": "TEFOF", "eps": 0.19, "epsEstimated": 0.19, "time": "bmo", "revenue": null, "revenueEstimated": null, "fiscalDateEnding": "2019-06-30", "updatedFromDate": "2023-08-16"}, {"date": "2019-07-25", "symbol": "NDEKF", "eps": 65.55, "epsEstimated": 31.7, "time": "bmo", "revenue": null, "revenueEstimated": 90527075.51487416, "fiscalDateEnding": "2019-12-31", "updatedFromDate": "2023-08-16"}, {"date": "2019-07-25", "symbol": "AEGXF", "eps": 0.31, "epsEstimated": 0.21, "time": "bmo", "revenue": null, "revenueEstimated": 53787096.77419355, "fiscalDateEnding": "2019-06-30", "updatedFromDate": "2023-08-16"}, {"date": "2019-07-25", "symbol": "KAEPF", "eps": 51.03, "epsEstimated": 33.31, "time": "bmo", "revenue": 822951000000, "revenueEstimated": 606859143484.5, "fiscalDateEnding": "2019-04-25", "updatedFromDate": "2023-10-17"}, {"date": "2019-07-25", "symbol": "ALPIX.PA", "eps": null, "epsEstimated": null, "time": "bmo", "revenue": null, "revenueEstimated": null, "fiscalDateEnding": "2019-04-25", "updatedFromDate": "2023-08-16"}, {"date": "2019-07-25", "symbol": "TEF.MC", "eps": 0.17, "epsEstimated": 0.17, "time": "bmo", "revenue": 12142000000, "revenueEstimated": null, "fiscalDateEnding": "2019-06-29", "updatedFromDate": "2023-08-16"}, {"date": "2019-07-25", "symbol": "PHARM.AS", "eps": 0.01, "epsEstimated": 0.012, "time": "bmo", "revenue": 42711000, "revenueEstimated": null, "fiscalDateEnding": "2019-06-29", "updatedFromDate": "2023-08-16"}, {"date": "2019-07-25", "symbol": "WWE", "eps": 0.11, "epsEstimated": 0.03833, "time": "bmo", "revenue": 268809000, "revenueEstimated": 97748727.27272725, "fiscalDateEnding": "2019-06-29", "updatedFromDate": "2023-09-29"}, {"date": "2019-07-25", "symbol": "THRM", "eps": 0.47, "epsEstimated": 0.48, "time": "bmo", "revenue": 243326000, "revenueEstimated": 253680297.87234044, "fiscalDateEnding": "2019-06-29", "updatedFromDate": "2023-09-29"}, {"date": "2019-07-25", "symbol": "TOWN", "eps": 0.48, "epsEstimated": 0.52, "time": "bmo", "revenue": 144537000, "revenueEstimated": 155655230, "fiscalDateEnding": "2019-06-30", "updatedFromDate": "2023-09-29"}, {"date": "2019-07-25", "symbol": "GOOGL", "eps": 0.71, "epsEstimated": 0.56, "time": "amc", "revenue": 38944000000, "revenueEstimated": 30968838845.88318, "fiscalDateEnding": "2019-06-29", "updatedFromDate": "2023-09-29"}, {"date": "2019-07-25", "symbol": "FII", "eps": 0.62, "epsEstimated": 0.6, "time": "bmo", "revenue": 321479000, "revenueEstimated": 310763033, "fiscalDateEnding": "2019-06-29", "updatedFromDate": "2023-05-17"}, {"date": "2019-07-25", "symbol": "LNTQF", "eps": null, "epsEstimated": null, "time": "bmo", "revenue": null, "revenueEstimated": null, "fiscalDateEnding": "2019-06-30", "updatedFromDate": "2023-05-17"}, {"date": "2019-07-25", "symbol": "IMYSF", "eps": null, "epsEstimated": null, "time": "bmo", "revenue": null, "revenueEstimated": null, "fiscalDateEnding": "2019-06-30", "updatedFromDate": "2023-05-17"}, {"date": "2019-07-25", "symbol": "CRQDF", "eps": null, "epsEstimated": 1.28, "time": "bmo", "revenue": null, "revenueEstimated": null, "fiscalDateEnding": "2019-06-30", "updatedFromDate": "2023-05-17"}, {"date": "2019-07-25", "symbol": "EMN", "eps": 1.99, "epsEstimated": 2.09, "time": "amc", "revenue": 2363000000, "revenueEstimated": 2481743718.5929646, "fiscalDateEnding": "2019-06-29", "updatedFromDate": "2023-09-29"}, {"date": "2019-07-25", "symbol": "ABB", "eps": 0.34, "epsEstimated": 0.26, "time": "bmo", "revenue": 7171000000, "revenueEstimated": 4876280000, "fiscalDateEnding": "2019-06-30", "updatedFromDate": "2023-09-29"}, {"date": "2019-07-25", "symbol": "LOGM", "eps": 1.17, "epsEstimated": 1.13, "time": "bmo", "revenue": 313064000, "revenueEstimated": 302360957.26495725, "fiscalDateEnding": "2019-06-29", "updatedFromDate": "2023-05-17"}, {"date": "2019-07-25", "symbol": "WTBA", "eps": 0.41, "epsEstimated": 0.42, "time": "bmo", "revenue": 17923000, "revenueEstimated": 18476926.82926829, "fiscalDateEnding": "2019-06-29", "updatedFromDate": "2023-09-29"}, {"date": "2019-07-25", "symbol": "GWB", "eps": 0.47, "epsEstimated": 0.63, "time": "bmo", "revenue": 116395000, "revenueEstimated": 156018829.78723404, "fiscalDateEnding": "2019-06-29", "updatedFromDate": "2023-05-17"}, {"date": "2019-07-25", "symbol": "GPFOF", "eps": 0.35, "epsEstimated": 0.63, "time": "bmo", "revenue": null, "revenueEstimated": null, "fiscalDateEnding": "2019-06-30", "updatedFromDate": "2023-05-17"}, {"date": "2019-07-25", "symbol": "1775.T", "eps": 24.77, "epsEstimated": null, "time": "bmo", "revenue": 28219000000, "revenueEstimated": null, "fiscalDateEnding": "2019-04-25", "updatedFromDate": "2023-10-17"}, {"date": "2019-07-25", "symbol": "LICT", "eps": 393.1, "epsEstimated": null, "time": "amc", "revenue": null, "revenueEstimated": null, "fiscalDateEnding": "2019-06-30", "updatedFromDate": "2023-09-29"}, {"date": "2019-07-25", "symbol": "WRDEF", "eps": null, "epsEstimated": null, "time": "bmo", "revenue": null, "revenueEstimated": null, "fiscalDateEnding": "2019-06-30", "updatedFromDate": "2023-05-17"}, {"date": "2019-07-25", "symbol": "LNTH", "eps": 0.27, "epsEstimated": 0.27, "time": "bmo", "revenue": 85705000, "revenueEstimated": 85705000, "fiscalDateEnding": "2019-06-29", "updatedFromDate": "2023-09-29"}, {"date": "2019-07-25", "symbol": "INEA.PA", "eps": null, "epsEstimated": null, "time": "bmo", "revenue": null, "revenueEstimated": null, "fiscalDateEnding": "2019-04-25", "updatedFromDate": "2023-05-17"}, {"date": "2019-07-25", "symbol": "NRILY", "eps": 0.18, "epsEstimated": null, "time": "bmo", "revenue": 138328000000, "revenueEstimated": null, "fiscalDateEnding": "2019-04-25", "updatedFromDate": "2023-10-17"}, {"date": "2019-07-25", "symbol": "FHB", "eps": 0.54, "epsEstimated": 0.53, "time": "amc", "revenue": 186722000, "revenueEstimated": 190786259.25925925, "fiscalDateEnding": "2019-06-29", "updatedFromDate": "2023-09-29"}, {"date": "2019-07-25", "symbol": "ORC", "eps": 1.1, "epsEstimated": 1.2, "time": "amc", "revenue": 6354000, "revenueEstimated": 98691428.57142855, "fiscalDateEnding": "2019-06-29", "updatedFromDate": "2023-09-29"}, {"date": "2019-07-25", "symbol": "KCR.HE", "eps": 0.54, "epsEstimated": 0.52, "time": "bmo", "revenue": 794000000, "revenueEstimated": null, "fiscalDateEnding": "2019-06-29", "updatedFromDate": "2023-05-17"}, {"date": "2019-07-25", "symbol": "BKIMF", "eps": 0.12, "epsEstimated": 0.14, "time": "bmo", "revenue": null, "revenueEstimated": null, "fiscalDateEnding": "2019-06-30", "updatedFromDate": "2023-05-17"}, {"date": "2019-07-25", "symbol": "ABB.ST", "eps": 0.34, "epsEstimated": 0.14, "time": "bmo", "revenue": 7171000000, "revenueEstimated": null, "fiscalDateEnding": "2019-06-29", "updatedFromDate": "2023-05-17"}, {"date": "2019-07-25", "symbol": "MCS", "eps": 0.58, "epsEstimated": 0.61, "time": "bmo", "revenue": 232500000, "revenueEstimated": 244525862.06896552, "fiscalDateEnding": "2019-06-26", "updatedFromDate": "2023-09-29"}, {"date": "2019-07-25", "symbol": "FTV", "eps": 0.9, "epsEstimated": 0.89, "time": "amc", "revenue": 1864700000, "revenueEstimated": 1864700000, "fiscalDateEnding": "2019-06-27", "updatedFromDate": "2023-09-29"}, {"date": "2019-07-25", "symbol": "RTN", "eps": 2.92, "epsEstimated": 2.64, "time": "bmo", "revenue": 7159000000, "revenueEstimated": 6472520547.945206, "fiscalDateEnding": "2019-06-29", "updatedFromDate": "2023-05-17"}, {"date": "2019-07-25", "symbol": "TGS.OL", "eps": 0.22, "epsEstimated": 0.36, "time": "bmo", "revenue": 104831000, "revenueEstimated": null, "fiscalDateEnding": "2019-06-29", "updatedFromDate": "2023-05-17"}, {"date": "2019-07-25", "symbol": "PHGUF", "eps": 0.01, "epsEstimated": 0.00857, "time": "bmo", "revenue": null, "revenueEstimated": null, "fiscalDateEnding": "2019-06-30", "updatedFromDate": "2023-09-29"}, {"date": "2019-07-25", "symbol": "CY", "eps": 0.25, "epsEstimated": 0.24, "time": "bmo", "revenue": 532221000, "revenueEstimated": 510932160, "fiscalDateEnding": "2019-06-29", "updatedFromDate": "2023-05-17"}, {"date": "2019-07-25", "symbol": "TLPFY", "eps": null, "epsEstimated": null, "time": "bmo", "revenue": null, "revenueEstimated": null, "fiscalDateEnding": "2019-06-30", "updatedFromDate": "2023-05-17"}, {"date": "2019-07-25", "symbol": "CLUB", "eps": -0.05, "epsEstimated": -0.02, "time": "bmo", "revenue": 118704000, "revenueEstimated": 47481600, "fiscalDateEnding": "2019-06-29", "updatedFromDate": "2023-05-17"}, {"date": "2019-07-25", "symbol": "6702.T", "eps": 35, "epsEstimated": -30.14, "time": "bmo", "revenue": 1105769000000, "revenueEstimated": null, "fiscalDateEnding": "2019-04-25", "updatedFromDate": "2023-10-17"}, {"date": "2019-07-25", "symbol": "VVI", "eps": 1.44, "epsEstimated": 1.37, "time": "amc", "revenue": 402279000, "revenueEstimated": 663988520.8333334, "fiscalDateEnding": "2019-06-29", "updatedFromDate": "2023-09-29"}, {"date": "2019-07-25", "symbol": "FJTSY", "eps": 0.06, "epsEstimated": null, "time": "bmo", "revenue": 1105769000000, "revenueEstimated": null, "fiscalDateEnding": "2019-04-25", "updatedFromDate": "2023-10-17"}, {"date": "2019-07-25", "symbol": "MIKN.SW", "eps": null, "epsEstimated": null, "time": "bmo", "revenue": null, "revenueEstimated": null, "fiscalDateEnding": "2019-04-25", "updatedFromDate": "2023-05-17"}, {"date": "2019-07-25", "symbol": "010130.KS", "eps": 10448, "epsEstimated": 10260.7, "time": "bmo", "revenue": 1742742210640, "revenueEstimated": null, "fiscalDateEnding": "2019-06-29", "updatedFromDate": "2023-05-17"}, {"date": "2019-07-25", "symbol": "GPAEF", "eps": 2.35, "epsEstimated": 2.42, "time": "bmo", "revenue": null, "revenueEstimated": 657004.2553191489, "fiscalDateEnding": "2019-06-30", "updatedFromDate": "2023-05-17"}, {"date": "2019-07-25", "symbol": "204320.KS", "eps": 664, "epsEstimated": 650.71, "time": "bmo", "revenue": 1463570396170, "revenueEstimated": null, "fiscalDateEnding": "2019-06-29", "updatedFromDate": "2023-05-17"}, {"date": "2019-07-25", "symbol": "AAL", "eps": 1.82, "epsEstimated": 1.8, "time": "bmo", "revenue": 11960000000, "revenueEstimated": 11828571428.571428, "fiscalDateEnding": "2019-06-29", "updatedFromDate": "2023-09-29"}, {"date": "2019-07-25", "symbol": "002565.SZ", "eps": 0.01981, "epsEstimated": null, "time": "bmo", "revenue": 350486047.32, "revenueEstimated": null, "fiscalDateEnding": "2019-06-29", "updatedFromDate": "2023-05-17"}, {"date": "2019-07-25", "symbol": "002288.SZ", "eps": 0.03203, "epsEstimated": null, "time": "bmo", "revenue": 403175514.06, "revenueEstimated": null, "fiscalDateEnding": "2019-06-29", "updatedFromDate": "2023-05-17"}, {"date": "2019-07-25", "symbol": "024110.KS", "eps": 596, "epsEstimated": 757.16, "time": "bmo", "revenue": 1298067000000, "revenueEstimated": null, "fiscalDateEnding": "2019-04-25", "updatedFromDate": "2023-05-17"}, {"date": "2019-07-25", "symbol": "NOK", "eps": 0.06, "epsEstimated": 0.02664, "time": "bmo", "revenue": 5694000000, "revenueEstimated": 6263400000, "fiscalDateEnding": "2019-06-30", "updatedFromDate": "2023-09-29"}, {"date": "2019-07-25", "symbol": "002056.SZ", "eps": 0.1283, "epsEstimated": null, "time": "bmo", "revenue": 1682992205.86, "revenueEstimated": null, "fiscalDateEnding": "2019-06-29", "updatedFromDate": "2023-05-17"}, {"date": "2019-07-25", "symbol": "AJG", "eps": 0.65, "epsEstimated": 0.61, "time": "amc", "revenue": 1657800000, "revenueEstimated": 1555781538.4615386, "fiscalDateEnding": "2019-06-29", "updatedFromDate": "2023-09-29"}, {"date": "2019-07-25", "symbol": "ISMAF", "eps": 0.08, "epsEstimated": 0.18, "time": "bmo", "revenue": null, "revenueEstimated": null, "fiscalDateEnding": "2019-06-30", "updatedFromDate": "2023-05-17"}, {"date": "2019-07-25", "symbol": "CPG", "eps": 0.2, "epsEstimated": 0.16, "time": "bmo", "revenue": 812600000, "revenueEstimated": 714499931.8125, "fiscalDateEnding": "2019-06-30", "updatedFromDate": "2023-09-29"}, {"date": "2019-07-25", "symbol": "FEMSAUBD.MX", "eps": 0.39, "epsEstimated": 1.67, "time": "bmo", "revenue": 128213000000, "revenueEstimated": null, "fiscalDateEnding": "2019-06-29", "updatedFromDate": "2023-05-17"}, {"date": "2019-07-25", "symbol": "7222.T", "eps": 13.75, "epsEstimated": null, "time": "bmo", "revenue": 124781000000, "revenueEstimated": null, "fiscalDateEnding": "2019-04-25", "updatedFromDate": "2023-10-17"}, {"date": "2019-07-25", "symbol": "CMPRF", "eps": 0.44, "epsEstimated": 0.48, "time": "bmo", "revenue": null, "revenueEstimated": 39709090.90909091, "fiscalDateEnding": "2019-06-30", "updatedFromDate": "2023-05-17"}, {"date": "2019-07-25", "symbol": "MNOV", "eps": -0.09, "epsEstimated": -0.14, "time": "bmo", "revenue": null, "revenueEstimated": null, "fiscalDateEnding": "2019-04-25", "updatedFromDate": "2023-10-10"}, {"date": "2019-07-25", "symbol": "ALVIV.PA", "eps": null, "epsEstimated": null, "time": "bmo", "revenue": null, "revenueEstimated": null, "fiscalDateEnding": "2019-04-25", "updatedFromDate": "2023-05-17"}, {"date": "2019-07-25", "symbol": "HXGBF", "eps": 0.07, "epsEstimated": 0.07, "time": "bmo", "revenue": 976000000, "revenueEstimated": null, "fiscalDateEnding": "2019-06-29", "updatedFromDate": "2023-05-17"}, {"date": "2019-07-25", "symbol": "TTE.PA", "eps": 1.05, "epsEstimated": 1.21, "time": "bmo", "revenue": 45202000000, "revenueEstimated": null, "fiscalDateEnding": "2019-06-29", "updatedFromDate": "2023-05-17"}, {"date": "2019-07-25", "symbol": "ORAN", "eps": null, "epsEstimated": null, "time": "bmo", "revenue": null, "revenueEstimated": null, "fiscalDateEnding": "2019-04-25", "updatedFromDate": "2023-05-17"}, {"date": "2019-07-25", "symbol": "VC", "eps": 0.28, "epsEstimated": 0.36, "time": "bmo", "revenue": 733000000, "revenueEstimated": 942428571.4285713, "fiscalDateEnding": "2019-06-29", "updatedFromDate": "2023-09-29"}, {"date": "2019-07-25", "symbol": "STC", "eps": 0.81, "epsEstimated": 0.89, "time": "bmo", "revenue": 472075000, "revenueEstimated": 512571876.54320985, "fiscalDateEnding": "2019-06-29", "updatedFromDate": "2023-09-29"}, {"date": "2019-07-25", "symbol": "LAWS", "eps": 0.14, "epsEstimated": 0.49, "time": "bmo", "revenue": 96097000, "revenueEstimated": 336339499.99999994, "fiscalDateEnding": "2019-06-29", "updatedFromDate": "2023-05-17"}, {"date": "2019-07-25", "symbol": "TAUKF", "eps": 0.31, "epsEstimated": 0.29, "time": "bmo", "revenue": null, "revenueEstimated": 16238129.032258064, "fiscalDateEnding": "2019-06-30", "updatedFromDate": "2023-05-17"}, {"date": "2019-07-25", "symbol": "MPB", "eps": 0.52, "epsEstimated": 0.53, "time": "bmo", "revenue": 20626000, "revenueEstimated": 21022653.846153844, "fiscalDateEnding": "2019-06-29", "updatedFromDate": "2023-09-29"}, {"date": "2019-07-25", "symbol": "OKIEF", "eps": -4.26, "epsEstimated": 6.91, "time": "bmo", "revenue": null, "revenueEstimated": null, "fiscalDateEnding": "2019-12-31", "updatedFromDate": "2023-05-17"}, {"date": "2019-07-25", "symbol": "4552.T", "eps": 3, "epsEstimated": null, "time": "bmo", "revenue": 6704000000, "revenueEstimated": null, "fiscalDateEnding": "2019-04-25", "updatedFromDate": "2023-10-17"}, {"date": "2019-07-25", "symbol": "ERIE", "eps": 1.68, "epsEstimated": 1.67, "time": "amc", "revenue": 656958000, "revenueEstimated": 643854583.3333334, "fiscalDateEnding": "2019-06-29", "updatedFromDate": "2023-09-29"}, {"date": "2019-07-25", "symbol": "UHS", "eps": 2.76, "epsEstimated": 2.5, "time": "amc", "revenue": 2855168000, "revenueEstimated": 2586202898.5507245, "fiscalDateEnding": "2019-06-29", "updatedFromDate": "2023-09-29"}, {"date": "2019-07-25", "symbol": "CLUBQ", "eps": -0.05, "epsEstimated": -0.02, "time": "bmo", "revenue": 118704000, "revenueEstimated": null, "fiscalDateEnding": "2019-06-29", "updatedFromDate": "2023-05-17"}, {"date": "2019-07-25", "symbol": "CREAL.MX", "eps": null, "epsEstimated": 1.28, "time": "bmo", "revenue": null, "revenueEstimated": null, "fiscalDateEnding": "2019-06-30", "updatedFromDate": "2023-08-17"}, {"date": "2019-07-25", "symbol": "7276.T", "eps": 86.85, "epsEstimated": 95.26, "time": "bmo", "revenue": 196527000000, "revenueEstimated": null, "fiscalDateEnding": "2019-04-25", "updatedFromDate": "2023-10-17"}, {"date": "2019-07-25", "symbol": "LKQ", "eps": 0.65, "epsEstimated": 0.64, "time": "bmo", "revenue": 3248173000, "revenueEstimated": 3248173000, "fiscalDateEnding": "2019-06-29", "updatedFromDate": "2023-09-29"}, {"date": "2019-07-25", "symbol": "BANC", "eps": 0.23, "epsEstimated": 0.17, "time": "bmo", "revenue": 62490000, "revenueEstimated": 46188260.86956521, "fiscalDateEnding": "2019-06-29", "updatedFromDate": "2023-09-29"}, {"date": "2019-07-25", "symbol": "MXL", "eps": 0.22, "epsEstimated": 0.21, "time": "amc", "revenue": 82507000, "revenueEstimated": 78756681.81818181, "fiscalDateEnding": "2019-06-29", "updatedFromDate": "2023-09-29"}, {"date": "2019-07-25", "symbol": "SCVUF", "eps": 5.87, "epsEstimated": 6.99, "time": "bmo", "revenue": null, "revenueEstimated": null, "fiscalDateEnding": "2019-06-30", "updatedFromDate": "2023-05-17"}, {"date": "2019-07-25", "symbol": "HFWA", "eps": 0.43, "epsEstimated": 0.49, "time": "bmo", "revenue": 58100000, "revenueEstimated": 131407744.18604651, "fiscalDateEnding": "2019-06-29", "updatedFromDate": "2023-09-29"}, {"date": "2019-07-25", "symbol": "VIVHY", "eps": null, "epsEstimated": null, "time": "amc", "revenue": null, "revenueEstimated": null, "fiscalDateEnding": "2019-04-25", "updatedFromDate": "2023-09-29"}, {"date": "2019-07-25", "symbol": "VLO", "eps": 1.51, "epsEstimated": 1.37, "time": "bmo", "revenue": 28933000000, "revenueEstimated": 26250470198.6755, "fiscalDateEnding": "2019-06-29", "updatedFromDate": "2023-09-29"}, {"date": "2019-07-25", "symbol": "CTS", "eps": 0.4, "epsEstimated": 0.38, "time": "bmo", "revenue": 120684000, "revenueEstimated": 114649800, "fiscalDateEnding": "2019-06-29", "updatedFromDate": "2023-09-29"}, {"date": "2019-07-25", "symbol": "NOKIA-SEK.ST", "eps": 0.05, "epsEstimated": 0.033, "time": "bmo", "revenue": null, "revenueEstimated": null, "fiscalDateEnding": "2019-06-30", "updatedFromDate": "2023-08-01"}, {"date": "2019-07-25", "symbol": "ROP", "eps": 3.07, "epsEstimated": 3.05, "time": "bmo", "revenue": 1330300000, "revenueEstimated": 1321633550.4885993, "fiscalDateEnding": "2019-06-29", "updatedFromDate": "2023-09-29"}, {"date": "2019-07-25", "symbol": "COFB.BR", "eps": 1.79, "epsEstimated": null, "time": "bmo", "revenue": 65819000, "revenueEstimated": null, "fiscalDateEnding": "2019-06-30", "updatedFromDate": "2023-05-17"}, {"date": "2019-07-25", "symbol": "UPNRF", "eps": 0.18, "epsEstimated": 0.21, "time": "bmo", "revenue": null, "revenueEstimated": null, "fiscalDateEnding": "2019-06-30", "updatedFromDate": "2023-05-17"}, {"date": "2019-07-25", "symbol": "TTM", "eps": null, "epsEstimated": null, "time": "bmo", "revenue": null, "revenueEstimated": null, "fiscalDateEnding": "2019-06-29", "updatedFromDate": "2023-05-17"}, {"date": "2019-07-25", "symbol": "FI", "eps": 0.82, "epsEstimated": 0.8, "time": "bmo", "revenue": 1512000000, "revenueEstimated": 129711666.66666667, "fiscalDateEnding": "2019-06-30", "updatedFromDate": "2023-09-29"}, {"date": "2019-07-25", "symbol": "SPM.MI", "eps": 0.03, "epsEstimated": 0.032, "time": "bmo", "revenue": 2229000000, "revenueEstimated": null, "fiscalDateEnding": "2019-04-25", "updatedFromDate": "2023-08-17"}, {"date": "2019-07-25", "symbol": "CFR", "eps": 1.72, "epsEstimated": 1.72, "time": "bmo", "revenue": 336069000, "revenueEstimated": 336069000, "fiscalDateEnding": "2019-06-29", "updatedFromDate": "2023-09-29"}, {"date": "2019-07-25", "symbol": "ABLZF", "eps": 0.34, "epsEstimated": 0.14, "time": "bmo", "revenue": null, "revenueEstimated": 971764.7058823529, "fiscalDateEnding": "2019-06-30", "updatedFromDate": "2023-05-17"}, {"date": "2019-07-25", "symbol": "STMMI.MI", "eps": 0.18, "epsEstimated": 0.19, "time": "bmo", "revenue": null, "revenueEstimated": null, "fiscalDateEnding": "2019-06-30", "updatedFromDate": "2023-06-27"}, {"date": "2019-07-25", "symbol": "BONEX.ST", "eps": -0.92555, "epsEstimated": null, "time": "bmo", "revenue": 37320000, "revenueEstimated": null, "fiscalDateEnding": "2019-06-29", "updatedFromDate": "2023-05-17"}, {"date": "2019-07-25", "symbol": "FET", "eps": -1.6, "epsEstimated": -1, "time": "amc", "revenue": 245600000, "revenueEstimated": 170418300.00000003, "fiscalDateEnding": "2019-06-29", "updatedFromDate": "2023-09-29"}, {"date": "2019-07-25", "symbol": "VLY", "eps": 0.23, "epsEstimated": 0.23, "time": "bmo", "revenue": 247837000, "revenueEstimated": 247837000, "fiscalDateEnding": "2019-06-29", "updatedFromDate": "2023-09-29"}, {"date": "2019-07-25", "symbol": "6305.T", "eps": 64.17, "epsEstimated": 80.91, "time": "bmo", "revenue": 244159000000, "revenueEstimated": null, "fiscalDateEnding": "2019-04-25", "updatedFromDate": "2023-10-16"}, {"date": "2019-07-25", "symbol": "RCPHF", "eps": 1.22, "epsEstimated": 1.3, "time": "bmo", "revenue": null, "revenueEstimated": null, "fiscalDateEnding": "2019-06-30", "updatedFromDate": "2023-05-17"}, {"date": "2019-07-25", "symbol": "NHHEF", "eps": 0.14, "epsEstimated": 0.12, "time": "bmo", "revenue": null, "revenueEstimated": null, "fiscalDateEnding": "2019-06-30", "updatedFromDate": "2023-05-17"}, {"date": "2019-07-25", "symbol": "TMUS", "eps": 1.09, "epsEstimated": 0.97, "time": "bmo", "revenue": 10979000000, "revenueEstimated": 9770302752.293577, "fiscalDateEnding": "2019-06-29", "updatedFromDate": "2023-09-29"}, {"date": "2019-07-25", "symbol": "TEF", "eps": 0.21, "epsEstimated": null, "time": "bmo", "revenue": 12142000000, "revenueEstimated": null, "fiscalDateEnding": "2019-06-30", "updatedFromDate": "2023-09-29"}, {"date": "2019-07-25", "symbol": "ALKS", "eps": 0.09, "epsEstimated": -0.1, "time": "bmo", "revenue": 279872000, "revenueEstimated": 373162666.6666667, "fiscalDateEnding": "2019-06-29", "updatedFromDate": "2023-09-29"}, {"date": "2019-07-25", "symbol": "1590.TW", "eps": 4.09, "epsEstimated": 4.27, "time": "bmo", "revenue": 4403161000, "revenueEstimated": null, "fiscalDateEnding": "2019-06-29", "updatedFromDate": "2023-05-17"}, {"date": "2019-07-25", "symbol": "4307.T", "eps": 20.52, "epsEstimated": 16.73, "time": "bmo", "revenue": 138328000000, "revenueEstimated": null, "fiscalDateEnding": "2019-04-25", "updatedFromDate": "2023-10-17"}, {"date": "2019-07-25", "symbol": "STM", "eps": 0.18, "epsEstimated": 0.18, "time": "bmo", "revenue": 2173000000, "revenueEstimated": 2173000000, "fiscalDateEnding": "2019-06-30", "updatedFromDate": "2023-09-29"}, {"date": "2019-07-25", "symbol": "SURVF", "eps": 0.02, "epsEstimated": 0.01636, "time": "bmo", "revenue": 91939000, "revenueEstimated": null, "fiscalDateEnding": "2019-04-25", "updatedFromDate": "2023-08-25"}, {"date": "2019-07-25", "symbol": "SBUX", "eps": 0.78, "epsEstimated": 0.72, "time": "amc", "revenue": 6823000000, "revenueEstimated": 6298153846.153846, "fiscalDateEnding": "2019-06-29", "updatedFromDate": "2023-09-29"}, {"date": "2019-07-25", "symbol": "WPK.TO", "eps": 0.48, "epsEstimated": 0.45, "time": "bmo", "revenue": 219618000, "revenueEstimated": null, "fiscalDateEnding": "2019-06-29", "updatedFromDate": "2023-05-17"}, {"date": "2019-07-25", "symbol": "MOFG", "eps": 0.72, "epsEstimated": 0.73, "time": "bmo", "revenue": 43628000, "revenueEstimated": 44233944.44444444, "fiscalDateEnding": "2019-06-29", "updatedFromDate": "2023-09-29"}, {"date": "2019-07-25", "symbol": "WST", "eps": 0.89, "epsEstimated": 0.72, "time": "bmo", "revenue": 469700000, "revenueEstimated": 379982022.4719101, "fiscalDateEnding": "2019-06-29", "updatedFromDate": "2023-09-29"}, {"date": "2019-07-25", "symbol": "QFG.BR", "eps": 0.3228, "epsEstimated": null, "time": "bmo", "revenue": 3821501, "revenueEstimated": null, "fiscalDateEnding": "2019-06-30", "updatedFromDate": "2023-10-16"}, {"date": "2019-07-25", "symbol": "ITSHF", "eps": null, "epsEstimated": null, "time": "bmo", "revenue": null, "revenueEstimated": null, "fiscalDateEnding": "2019-06-30", "updatedFromDate": "2023-05-17"}, {"date": "2019-07-25", "symbol": "IHT", "eps": -0.02, "epsEstimated": null, "time": "bmo", "revenue": 2093018, "revenueEstimated": null, "fiscalDateEnding": "2019-04-29", "updatedFromDate": "2023-09-29"}, {"date": "2019-07-25", "symbol": "TEP.PA", "eps": 1.7, "epsEstimated": null, "time": "bmo", "revenue": 1338750000, "revenueEstimated": null, "fiscalDateEnding": "2019-04-25", "updatedFromDate": "2023-05-17"}, {"date": "2019-07-25", "symbol": "AZN.L", "eps": 0.73, "epsEstimated": 0.63, "time": "bmo", "revenue": 5823000000, "revenueEstimated": null, "fiscalDateEnding": "2019-06-29", "updatedFromDate": "2023-05-17"}, {"date": "2019-07-25", "symbol": "VTR.PA", "eps": null, "epsEstimated": null, "time": "bmo", "revenue": null, "revenueEstimated": null, "fiscalDateEnding": "2019-06-30", "updatedFromDate": "2023-07-04"}, {"date": "2019-07-25", "symbol": "SHOFF", "eps": null, "epsEstimated": null, "time": "bmo", "revenue": null, "revenueEstimated": null, "fiscalDateEnding": "2019-06-30", "updatedFromDate": "2023-05-17"}, {"date": "2019-07-25", "symbol": "PTEN", "eps": -0.17, "epsEstimated": -0.21, "time": "bmo", "revenue": 675765000, "revenueEstimated": 834768529.4117646, "fiscalDateEnding": "2019-06-29", "updatedFromDate": "2023-09-29"}, {"date": "2019-07-25", "symbol": "GLPG", "eps": -0.97, "epsEstimated": -0.84, "time": "bmo", "revenue": 58738000, "revenueEstimated": 51872519, "fiscalDateEnding": "2019-06-30", "updatedFromDate": "2023-09-29"}, {"date": "2019-07-25", "symbol": "DLX", "eps": 1.64, "epsEstimated": 1.5, "time": "bmo", "revenue": 494000000, "revenueEstimated": 908279268.292683, "fiscalDateEnding": "2019-06-29", "updatedFromDate": "2023-09-29"}, {"date": "2019-07-25", "symbol": "STMPA.PA", "eps": 0.18, "epsEstimated": 0.17, "time": "bmo", "revenue": null, "revenueEstimated": null, "fiscalDateEnding": "2019-06-30", "updatedFromDate": "2023-07-05"}, {"date": "2019-07-25", "symbol": "8165.T", "eps": 23.04, "epsEstimated": null, "time": "bmo", "revenue": 22936000000, "revenueEstimated": null, "fiscalDateEnding": "2019-06-29", "updatedFromDate": "2023-05-17"}, {"date": "2019-07-25", "symbol": "GAPB.MX", "eps": 2.35, "epsEstimated": 2.42, "time": "bmo", "revenue": null, "revenueEstimated": null, "fiscalDateEnding": "2019-06-30", "updatedFromDate": "2023-05-17"}, {"date": "2019-07-25", "symbol": "SCKT", "eps": 0.02, "epsEstimated": null, "time": "amc", "revenue": 5060000, "revenueEstimated": null, "fiscalDateEnding": "2019-06-29", "updatedFromDate": "2023-09-29"}, {"date": "2019-07-25", "symbol": "COLM", "eps": 0.23, "epsEstimated": 0.01171, "time": "amc", "revenue": 526210000, "revenueEstimated": 15476764.705882356, "fiscalDateEnding": "2019-06-29", "updatedFromDate": "2023-09-29"}, {"date": "2019-07-25", "symbol": "CPG.TO", "eps": 0.36, "epsEstimated": 0.19, "time": "bmo", "revenue": 812600000, "revenueEstimated": null, "fiscalDateEnding": "2019-06-29", "updatedFromDate": "2023-05-17"}, {"date": "2019-07-25", "symbol": "TSCO", "eps": 1.8, "epsEstimated": 1.8, "time": "bmo", "revenue": 2353782000, "revenueEstimated": 2353782000, "fiscalDateEnding": "2019-06-28", "updatedFromDate": "2023-09-29"}, {"date": "2019-07-25", "symbol": "002020.SZ", "eps": 0.2337, "epsEstimated": null, "time": "bmo", "revenue": 965165359.93, "revenueEstimated": null, "fiscalDateEnding": "2019-06-29", "updatedFromDate": "2023-05-17"}, {"date": "2019-07-25", "symbol": "ISMAY", "eps": 0.05, "epsEstimated": null, "time": "bmo", "revenue": 810600000, "revenueEstimated": null, "fiscalDateEnding": "2019-06-30", "updatedFromDate": "2023-09-29"}, {"date": "2019-07-25", "symbol": "NGT.TO", "eps": -0.03255, "epsEstimated": null, "time": "bmo", "revenue": 2257000000, "revenueEstimated": null, "fiscalDateEnding": "2019-06-29", "updatedFromDate": "2023-05-17"}, {"date": "2019-07-25", "symbol": "NWG.ST", "eps": 2.77, "epsEstimated": 3.19, "time": "bmo", "revenue": 889000000, "revenueEstimated": null, "fiscalDateEnding": "2019-06-29", "updatedFromDate": "2023-05-17"}, {"date": "2019-07-25", "symbol": "MTUAF", "eps": 2.47, "epsEstimated": 2.4, "time": "bmo", "revenue": null, "revenueEstimated": null, "fiscalDateEnding": "2019-06-30", "updatedFromDate": "2023-05-17"}, {"date": "2019-07-25", "symbol": "FHI", "eps": 0.62, "epsEstimated": 0.6, "time": "bmo", "revenue": 321479000, "revenueEstimated": 608253870.967742, "fiscalDateEnding": "2019-06-29", "updatedFromDate": "2023-09-29"}, {"date": "2019-07-25", "symbol": "SPFI", "eps": 0.37, "epsEstimated": 0.37, "time": "bmo", "revenue": 38540000, "revenueEstimated": 38540000, "fiscalDateEnding": "2019-06-29", "updatedFromDate": "2023-09-29"}, {"date": "2019-07-25", "symbol": "ALK", "eps": 2.17, "epsEstimated": 2.13, "time": "amc", "revenue": 2288000000, "revenueEstimated": 2245824884.792627, "fiscalDateEnding": "2019-06-29", "updatedFromDate": "2023-09-29"}, {"date": "2019-07-25", "symbol": "IFCN.SW", "eps": 4.84, "epsEstimated": 5.25, "time": "bmo", "revenue": null, "revenueEstimated": null, "fiscalDateEnding": "2019-04-25", "updatedFromDate": "2023-05-17"}, {"date": "2019-07-25", "symbol": "FWRD", "eps": 0.78, "epsEstimated": 0.79, "time": "amc", "revenue": 345756000, "revenueEstimated": 306770166.6666666, "fiscalDateEnding": "2019-06-29", "updatedFromDate": "2023-09-29"}, {"date": "2019-07-25", "symbol": "CPT", "eps": 0.43, "epsEstimated": 0.45, "time": "amc", "revenue": 255761000, "revenueEstimated": 527785116.2790698, "fiscalDateEnding": "2019-06-29", "updatedFromDate": "2023-09-29"}, {"date": "2019-07-25", "symbol": "GLOP-PC", "eps": 0.25, "epsEstimated": 0.41, "time": "bmo", "revenue": null, "revenueEstimated": null, "fiscalDateEnding": "2019-06-30", "updatedFromDate": "2023-05-17"}, {"date": "2019-07-25", "symbol": "CO.PA", "eps": -3.31714, "epsEstimated": null, "time": "bmo", "revenue": 8827500000, "revenueEstimated": null, "fiscalDateEnding": "2019-04-25", "updatedFromDate": "2023-05-17"}, {"date": "2019-07-25", "symbol": "KIM-PM", "eps": 0.2, "epsEstimated": 0.17, "time": "bmo", "revenue": 282871000, "revenueEstimated": null, "fiscalDateEnding": "2019-09-29", "updatedFromDate": "2023-10-16"}, {"date": "2019-07-25", "symbol": "BDOUF", "eps": 2.36, "epsEstimated": 2.28, "time": "bmo", "revenue": null, "revenueEstimated": 72650847.45762712, "fiscalDateEnding": "2019-06-30", "updatedFromDate": "2023-05-17"}, {"date": "2019-07-25", "symbol": "VLRS", "eps": 0.06, "epsEstimated": 0.01523, "time": "amc", "revenue": 432804498.662758, "revenueEstimated": 8329248999, "fiscalDateEnding": "2019-06-30", "updatedFromDate": "2023-09-29"}, {"date": "2019-07-25", "symbol": "TRTN", "eps": 1.15, "epsEstimated": 1.12, "time": "bmo", "revenue": 368660000, "revenueEstimated": 352337391.3043479, "fiscalDateEnding": "2019-04-25", "updatedFromDate": "2023-10-10"}, {"date": "2019-07-25", "symbol": "ALLAN.PA", "eps": null, "epsEstimated": null, "time": "bmo", "revenue": null, "revenueEstimated": null, "fiscalDateEnding": "2019-06-30", "updatedFromDate": "2023-05-17"}, {"date": "2019-07-25", "symbol": "CCJ", "eps": -0.03, "epsEstimated": -0.02812, "time": "bmo", "revenue": 387769000, "revenueEstimated": 387769000, "fiscalDateEnding": "2019-06-30", "updatedFromDate": "2023-09-29"}, {"date": "2019-07-25", "symbol": "EDP.LS", "eps": 0.08, "epsEstimated": 0.08, "time": "bmo", "revenue": 3362840000, "revenueEstimated": null, "fiscalDateEnding": "2019-06-29", "updatedFromDate": "2023-05-17"}, {"date": "2019-07-25", "symbol": "GETVF", "eps": 0.24, "epsEstimated": 0.18, "time": "bmo", "revenue": null, "revenueEstimated": null, "fiscalDateEnding": "2019-06-30", "updatedFromDate": "2023-05-17"}, {"date": "2019-07-25", "symbol": "MMSI", "eps": 0.42, "epsEstimated": 0.5, "time": "amc", "revenue": 255532000, "revenueEstimated": 304204761.9047619, "fiscalDateEnding": "2019-06-29", "updatedFromDate": "2023-09-29"}, {"date": "2019-07-25", "symbol": "TFII", "eps": 0.9, "epsEstimated": 0.8, "time": "bmo", "revenue": 1019039457.647776, "revenueEstimated": 1172163238, "fiscalDateEnding": "2019-06-30", "updatedFromDate": "2023-09-29"}, {"date": "2019-07-25", "symbol": "BC", "eps": 1.45, "epsEstimated": 1.39, "time": "bmo", "revenue": 1163500000, "revenueEstimated": 1131403448.275862, "fiscalDateEnding": "2019-06-28", "updatedFromDate": "2023-09-29"}, {"date": "2019-07-25", "symbol": "HEHSF", "eps": 0.03, "epsEstimated": null, "time": "bmo", "revenue": null, "revenueEstimated": null, "fiscalDateEnding": "2019-06-30", "updatedFromDate": "2023-05-17"}, {"date": "2019-07-25", "symbol": "000660.KS", "eps": 783, "epsEstimated": 807.96, "time": "bmo", "revenue": 6838766000000, "revenueEstimated": null, "fiscalDateEnding": "2019-04-25", "updatedFromDate": "2023-05-17"}, {"date": "2019-07-25", "symbol": "AKBNK.IS", "eps": 0.26, "epsEstimated": 0.21, "time": "bmo", "revenue": 5018896000, "revenueEstimated": null, "fiscalDateEnding": "2019-06-29", "updatedFromDate": "2023-05-17"}, {"date": "2019-07-25", "symbol": "NBA.LS", "eps": null, "epsEstimated": null, "time": "bmo", "revenue": null, "revenueEstimated": null, "fiscalDateEnding": "2019-04-25", "updatedFromDate": "2023-05-17"}, {"date": "2019-07-25", "symbol": "TBNK", "eps": 0.54, "epsEstimated": 0.5, "time": "bmo", "revenue": 15935000, "revenueEstimated": 14754629.629629629, "fiscalDateEnding": "2019-06-29", "updatedFromDate": "2023-09-29"}, {"date": "2019-07-25", "symbol": "POL", "eps": 0.74, "epsEstimated": 0.73, "time": "bmo", "revenue": 10545880, "revenueEstimated": null, "fiscalDateEnding": "2019-06-30", "updatedFromDate": "2023-09-29"}, {"date": "2019-07-25", "symbol": "ORAP.PA", "eps": null, "epsEstimated": null, "time": "bmo", "revenue": null, "revenueEstimated": null, "fiscalDateEnding": "2019-04-25", "updatedFromDate": "2023-05-17"}, {"date": "2019-07-25", "symbol": "AZN", "eps": 0.37, "epsEstimated": 0.32, "time": "bmo", "revenue": 5823000000, "revenueEstimated": 4464300000, "fiscalDateEnding": "2019-06-30", "updatedFromDate": "2023-09-29"}, {"date": "2019-07-25", "symbol": "CFMOF", "eps": null, "epsEstimated": null, "time": "bmo", "revenue": null, "revenueEstimated": null, "fiscalDateEnding": "2019-06-30", "updatedFromDate": "2023-05-17"}, {"date": "2019-07-25", "symbol": "PRG", "eps": 0.93, "epsEstimated": 0.87, "time": "bmo", "revenue": 968141000, "revenueEstimated": null, "fiscalDateEnding": "2019-06-30", "updatedFromDate": "2023-09-29"}, {"date": "2019-07-25", "symbol": "AAN", "eps": 0.93, "epsEstimated": 0.87, "time": "bmo", "revenue": 968141000, "revenueEstimated": 905680290.3225806, "fiscalDateEnding": "2019-06-29", "updatedFromDate": "2023-09-29"}, {"date": "2019-07-25", "symbol": "CRI", "eps": 0.95, "epsEstimated": 0.81, "time": "bmo", "revenue": 734384000, "revenueEstimated": 1258008442.1052632, "fiscalDateEnding": "2019-06-28", "updatedFromDate": "2023-09-29"}, {"date": "2019-07-25", "symbol": "LEON.SW", "eps": null, "epsEstimated": null, "time": "bmo", "revenue": null, "revenueEstimated": null, "fiscalDateEnding": "2019-04-25", "updatedFromDate": "2023-05-17"}, {"date": "2019-07-25", "symbol": "FOR", "eps": 0.16, "epsEstimated": 0.06, "time": "amc", "revenue": 88200000, "revenueEstimated": 33075000, "fiscalDateEnding": "2019-06-29", "updatedFromDate": "2023-09-29"}, {"date": "2019-07-25", "symbol": "FAF", "eps": 1.58, "epsEstimated": 1.38, "time": "bmo", "revenue": 1498620000, "revenueEstimated": 1233732227.8481011, "fiscalDateEnding": "2019-06-29", "updatedFromDate": "2023-09-29"}, {"date": "2019-07-25", "symbol": "TERRA13.MX", "eps": 0.66, "epsEstimated": 0.73, "time": "bmo", "revenue": null, "revenueEstimated": null, "fiscalDateEnding": "2019-06-30", "updatedFromDate": "2023-05-17"}, {"date": "2019-07-25", "symbol": "051900.KS", "eps": 12424, "epsEstimated": 12886.03, "time": "bmo", "revenue": 1964865666600, "revenueEstimated": null, "fiscalDateEnding": "2019-04-25", "updatedFromDate": "2023-05-17"}, {"date": "2019-07-25", "symbol": "FCN", "eps": 1.73, "epsEstimated": 0.97, "time": "bmo", "revenue": 606119000, "revenueEstimated": 487160335.125, "fiscalDateEnding": "2019-06-29", "updatedFromDate": "2023-09-29"}, {"date": "2019-07-25", "symbol": "CMS", "eps": 0.33, "epsEstimated": 0.36, "time": "bmo", "revenue": 1445000000, "revenueEstimated": 1576363636.3636363, "fiscalDateEnding": "2019-06-29", "updatedFromDate": "2023-09-29"}, {"date": "2019-07-25", "symbol": "PDS", "eps": -0.8, "epsEstimated": -1.6, "time": "bmo", "revenue": 359424000, "revenueEstimated": 462116571.4285714, "fiscalDateEnding": "2019-06-30", "updatedFromDate": "2023-09-29"}, {"date": "2019-07-25", "symbol": "6176.TW", "eps": 3.2, "epsEstimated": 1.82, "time": "bmo", "revenue": 12979942000, "revenueEstimated": null, "fiscalDateEnding": "2019-06-29", "updatedFromDate": "2023-05-17"}, {"date": "2019-07-25", "symbol": "USAK", "eps": 0.03, "epsEstimated": 0.24, "time": "amc", "revenue": 133622000, "revenueEstimated": 1068976000, "fiscalDateEnding": "2019-06-29", "updatedFromDate": "2023-05-17"}, {"date": "2019-07-25", "symbol": "GISSAA.MX", "eps": null, "epsEstimated": null, "time": "bmo", "revenue": null, "revenueEstimated": null, "fiscalDateEnding": "2019-06-30", "updatedFromDate": "2023-05-17"}, {"date": "2019-07-25", "symbol": "4519.T", "eps": 20.84, "epsEstimated": 14.8, "time": "bmo", "revenue": 165997000000, "revenueEstimated": null, "fiscalDateEnding": "2019-06-29", "updatedFromDate": "2023-08-16"}, {"date": "2019-07-25", "symbol": "LUV", "eps": 1.37, "epsEstimated": 1.34, "time": "bmo", "revenue": 5909000000, "revenueEstimated": 5779605839.416059, "fiscalDateEnding": "2019-06-29", "updatedFromDate": "2023-09-29"}, {"date": "2019-07-25", "symbol": "TL5.MC", "eps": 0.24, "epsEstimated": 0.18, "time": "bmo", "revenue": 178200000, "revenueEstimated": null, "fiscalDateEnding": "2019-04-25", "updatedFromDate": "2023-05-17"}, {"date": "2019-07-25", "symbol": "BWA", "eps": 1, "epsEstimated": 1, "time": "bmo", "revenue": 2551000000, "revenueEstimated": 2551000000, "fiscalDateEnding": "2019-06-29", "updatedFromDate": "2023-09-29"}, {"date": "2019-07-25", "symbol": "UFFRF", "eps": 1.32, "epsEstimated": 1.31, "time": "bmo", "revenue": null, "revenueEstimated": 101845588.23529412, "fiscalDateEnding": "2019-06-30", "updatedFromDate": "2023-05-17"}, {"date": "2019-07-25", "symbol": "4726.T", "eps": 26.29, "epsEstimated": null, "time": "bmo", "revenue": 17408000000, "revenueEstimated": null, "fiscalDateEnding": "2019-04-25", "updatedFromDate": "2023-10-17"}, {"date": "2019-07-25", "symbol": "VMC", "eps": 1.48, "epsEstimated": 1.47, "time": "bmo", "revenue": 1327682000, "revenueEstimated": 1318711175.6756756, "fiscalDateEnding": "2019-06-29", "updatedFromDate": "2023-09-29"}, {"date": "2019-07-25", "symbol": "CVE", "eps": 0.16, "epsEstimated": 0.23, "time": "bmo", "revenue": 5927000000, "revenueEstimated": 8913863636.363636, "fiscalDateEnding": "2019-06-30", "updatedFromDate": "2023-09-29"}, {"date": "2019-07-25", "symbol": "LOOMIS.ST", "eps": 5.57, "epsEstimated": 5.53, "time": "bmo", "revenue": 5204000000, "revenueEstimated": null, "fiscalDateEnding": "2019-06-29", "updatedFromDate": "2023-05-17"}, {"date": "2019-07-25", "symbol": "FNAC.PA", "eps": null, "epsEstimated": null, "time": "bmo", "revenue": null, "revenueEstimated": null, "fiscalDateEnding": "2019-04-25", "updatedFromDate": "2023-05-17"}, {"date": "2019-07-25", "symbol": "SAPMF", "eps": 1.43, "epsEstimated": 0.95, "time": "bmo", "revenue": null, "revenueEstimated": 820000.0000000001, "fiscalDateEnding": "2019-04-25", "updatedFromDate": "2023-08-25"}, {"date": "2019-07-25", "symbol": "PAC", "eps": 1.18, "epsEstimated": 1.31, "time": "bmo", "revenue": 3657411000, "revenueEstimated": 3880764343, "fiscalDateEnding": "2019-06-30", "updatedFromDate": "2023-09-29"}, {"date": "2019-07-25", "symbol": "ULVR.L", "eps": null, "epsEstimated": null, "time": "bmo", "revenue": null, "revenueEstimated": null, "fiscalDateEnding": "2019-04-25", "updatedFromDate": "2023-05-17"}, {"date": "2019-07-25", "symbol": "FMXUF", "eps": 0.39, "epsEstimated": 1.67, "time": "bmo", "revenue": null, "revenueEstimated": null, "fiscalDateEnding": "2019-06-30", "updatedFromDate": "2023-05-17"}, {"date": "2019-07-25", "symbol": "BNDSF", "eps": 0.05, "epsEstimated": 0.02041, "time": "bmo", "revenue": null, "revenueEstimated": null, "fiscalDateEnding": "2019-06-30", "updatedFromDate": "2023-05-17"}, {"date": "2019-07-25", "symbol": "GRUPF", "eps": null, "epsEstimated": null, "time": "bmo", "revenue": null, "revenueEstimated": null, "fiscalDateEnding": "2019-06-30", "updatedFromDate": "2023-05-17"}, {"date": "2019-07-25", "symbol": "4919.TW", "eps": 0.82, "epsEstimated": 0.96, "time": "bmo", "revenue": 2584298000, "revenueEstimated": null, "fiscalDateEnding": "2019-06-29", "updatedFromDate": "2023-05-17"}, {"date": "2019-07-25", "symbol": "SAM.TO", "eps": 0.00044, "epsEstimated": null, "time": "bmo", "revenue": 6275000, "revenueEstimated": null, "fiscalDateEnding": "2019-04-25", "updatedFromDate": "2023-10-16"}, {"date": "2019-07-25", "symbol": "RSMDF", "eps": 0.1, "epsEstimated": 0.09, "time": "bmo", "revenue": 704964000, "revenueEstimated": null, "fiscalDateEnding": "2019-06-29", "updatedFromDate": "2023-08-25"}, {"date": "2019-07-25", "symbol": "AZN.ST", "eps": 0.73, "epsEstimated": 0.63, "time": "bmo", "revenue": 5823000000, "revenueEstimated": null, "fiscalDateEnding": "2019-06-29", "updatedFromDate": "2023-05-17"}, {"date": "2019-07-25", "symbol": "MSUXF", "eps": 15.2, "epsEstimated": 21.75, "time": "bmo", "revenue": 313337000000, "revenueEstimated": 34055921.05263158, "fiscalDateEnding": "2019-04-25", "updatedFromDate": "2023-10-16"}, {"date": "2019-07-25", "symbol": "WHART.BK", "eps": 0.203, "epsEstimated": null, "time": "bmo", "revenue": 563761600, "revenueEstimated": null, "fiscalDateEnding": "2019-06-30", "updatedFromDate": "2023-08-25"}, {"date": "2019-07-25", "symbol": "SSLLF", "eps": 1.98, "epsEstimated": 1.97, "time": "bmo", "revenue": null, "revenueEstimated": null, "fiscalDateEnding": "2019-06-30", "updatedFromDate": "2023-05-17"}, {"date": "2019-07-25", "symbol": "CU-X.TO", "eps": 0.46, "epsEstimated": 0.42, "time": "bmo", "revenue": null, "revenueEstimated": null, "fiscalDateEnding": "2019-06-30", "updatedFromDate": "2023-05-17"}, {"date": "2019-07-25", "symbol": "INT", "eps": 0.58, "epsEstimated": 0.54, "time": "amc", "revenue": 9459400000, "revenueEstimated": 8807027586.206898, "fiscalDateEnding": "2019-06-29", "updatedFromDate": "2023-09-29"}, {"date": "2019-07-25", "symbol": "BBDC4.SA", "eps": 0.66, "epsEstimated": 0.64, "time": "bmo", "revenue": null, "revenueEstimated": null, "fiscalDateEnding": "2019-06-30", "updatedFromDate": "2023-05-17"}, {"date": "2019-07-25", "symbol": "ALEATIC.MX", "eps": 0.92, "epsEstimated": 2.94, "time": "bmo", "revenue": null, "revenueEstimated": null, "fiscalDateEnding": "2019-06-30", "updatedFromDate": "2023-05-31"}, {"date": "2019-07-25", "symbol": "AUTLANB.MX", "eps": null, "epsEstimated": null, "time": "bmo", "revenue": null, "revenueEstimated": null, "fiscalDateEnding": "2019-06-30", "updatedFromDate": "2023-05-31"}, {"date": "2019-07-25", "symbol": "CMOCTEZ.MX", "eps": null, "epsEstimated": null, "time": "bmo", "revenue": null, "revenueEstimated": null, "fiscalDateEnding": "2019-06-30", "updatedFromDate": "2023-05-31"}, {"date": "2019-07-25", "symbol": "NEXJF", "eps": -0.1, "epsEstimated": -0.05, "time": "amc", "revenue": null, "revenueEstimated": null, "fiscalDateEnding": "2019-06-30", "updatedFromDate": "2023-05-17"}, {"date": "2019-07-25", "symbol": "VCRA", "eps": 0.07, "epsEstimated": 0.00583, "time": "amc", "revenue": 44759000, "revenueEstimated": 6394142.8571428545, "fiscalDateEnding": "2019-06-29", "updatedFromDate": "2023-05-17"}, {"date": "2019-07-25", "symbol": "A3M.MC", "eps": 0.18, "epsEstimated": 0.2, "time": "bmo", "revenue": 183764000, "revenueEstimated": null, "fiscalDateEnding": "2019-04-25", "updatedFromDate": "2023-05-17"}, {"date": "2019-07-25", "symbol": "FINAMEXO.MX", "eps": null, "epsEstimated": null, "time": "bmo", "revenue": null, "revenueEstimated": null, "fiscalDateEnding": "2019-06-30", "updatedFromDate": "2023-05-31"}, {"date": "2019-07-25", "symbol": "009540.KS", "eps": 2598, "epsEstimated": -243.9, "time": "bmo", "revenue": 3642733346000, "revenueEstimated": null, "fiscalDateEnding": "2019-04-25", "updatedFromDate": "2023-05-17"}, {"date": "2019-07-25", "symbol": "GFAMSAA.MX", "eps": null, "epsEstimated": null, "time": "bmo", "revenue": null, "revenueEstimated": null, "fiscalDateEnding": "2019-06-30", "updatedFromDate": "2023-05-31"}, {"date": "2019-07-25", "symbol": "AGYS", "eps": -0.07, "epsEstimated": -0.09, "time": "amc", "revenue": 39659000, "revenueEstimated": 38389000, "fiscalDateEnding": "2019-04-25", "updatedFromDate": "2023-10-10"}, {"date": "2019-07-25", "symbol": "PRLB", "eps": 0.71, "epsEstimated": 0.7, "time": "bmo", "revenue": 115932000, "revenueEstimated": 114299154.92957747, "fiscalDateEnding": "2019-06-29", "updatedFromDate": "2023-09-29"}, {"date": "2019-07-25", "symbol": "6210.T", "eps": 8.6, "epsEstimated": null, "time": "bmo", "revenue": 6845000000, "revenueEstimated": null, "fiscalDateEnding": "2019-04-25", "updatedFromDate": "2023-10-17"}, {"date": "2019-07-25", "symbol": "VESTF", "eps": 0.08, "epsEstimated": 0.026, "time": "bmo", "revenue": null, "revenueEstimated": null, "fiscalDateEnding": "2019-06-30", "updatedFromDate": "2023-05-17"}, {"date": "2019-07-25", "symbol": "002182.SZ", "eps": 0.3563, "epsEstimated": null, "time": "bmo", "revenue": 1273915839.94, "revenueEstimated": null, "fiscalDateEnding": "2019-06-29", "updatedFromDate": "2023-05-17"}, {"date": "2019-07-25", "symbol": "9551.T", "eps": -22.42, "epsEstimated": -28.68, "time": "bmo", "revenue": 72221000000, "revenueEstimated": null, "fiscalDateEnding": "2019-04-25", "updatedFromDate": "2023-10-17"}, {"date": "2019-07-25", "symbol": "RHHBF", "eps": null, "epsEstimated": null, "time": "bmo", "revenue": null, "revenueEstimated": null, "fiscalDateEnding": "2019-06-30", "updatedFromDate": "2023-05-17"}, {"date": "2019-07-25", "symbol": "EQNR.OL", "eps": 0.34, "epsEstimated": 0.37, "time": "bmo", "revenue": 14704000000, "revenueEstimated": null, "fiscalDateEnding": "2019-04-25", "updatedFromDate": "2023-05-17"}, {"date": "2019-07-25", "symbol": "HBAN", "eps": 0.33, "epsEstimated": 0.32, "time": "bmo", "revenue": 1186000000, "revenueEstimated": 1150060606.060606, "fiscalDateEnding": "2019-06-29", "updatedFromDate": "2023-09-29"}, {"date": "2019-07-25", "symbol": "300016.SZ", "eps": null, "epsEstimated": null, "time": "bmo", "revenue": null, "revenueEstimated": null, "fiscalDateEnding": "2019-06-30", "updatedFromDate": "2023-05-31"}, {"date": "2019-07-25", "symbol": "9991.T", "eps": 29.89, "epsEstimated": null, "time": "bmo", "revenue": 29955000000, "revenueEstimated": null, "fiscalDateEnding": "2019-04-25", "updatedFromDate": "2023-10-17"}, {"date": "2019-07-25", "symbol": "VICR", "eps": 0.06, "epsEstimated": 0.11, "time": "amc", "revenue": 63355000, "revenueEstimated": 116150833.33333334, "fiscalDateEnding": "2019-06-29", "updatedFromDate": "2023-09-29"}, {"date": "2019-07-25", "symbol": "603496.SS", "eps": 0.1343, "epsEstimated": null, "time": "bmo", "revenue": 123101374.38, "revenueEstimated": null, "fiscalDateEnding": "2019-06-29", "updatedFromDate": "2023-05-17"}, {"date": "2019-07-25", "symbol": "MRRLF", "eps": null, "epsEstimated": null, "time": "bmo", "revenue": null, "revenueEstimated": null, "fiscalDateEnding": "2019-06-30", "updatedFromDate": "2023-05-17"}, {"date": "2019-07-25", "symbol": "POWI", "eps": 0.28, "epsEstimated": 0.27, "time": "amc", "revenue": 102865000, "revenueEstimated": 99191250, "fiscalDateEnding": "2019-06-29", "updatedFromDate": "2023-09-29"}, {"date": "2019-07-25", "symbol": "TEAM", "eps": 0.2, "epsEstimated": 0.16, "time": "amc", "revenue": 334586000, "revenueEstimated": 250939500, "fiscalDateEnding": "2019-06-30", "updatedFromDate": "2023-09-29"}, {"date": "2019-07-25", "symbol": "MTPOF", "eps": 1.39, "epsEstimated": 1.44, "time": "bmo", "revenue": 25676000000, "revenueEstimated": null, "fiscalDateEnding": "2019-06-29", "updatedFromDate": "2023-08-16"}, {"date": "2019-07-25", "symbol": "COCSF", "eps": 1.66, "epsEstimated": 1.51, "time": "bmo", "revenue": null, "revenueEstimated": null, "fiscalDateEnding": "2019-06-30", "updatedFromDate": "2023-05-17"}, {"date": "2019-07-25", "symbol": "CGPVF", "eps": 0.02, "epsEstimated": 0.0075, "time": "bmo", "revenue": null, "revenueEstimated": null, "fiscalDateEnding": "2019-06-30", "updatedFromDate": "2023-05-17"}, {"date": "2019-07-25", "symbol": "SPSC", "eps": 0.3, "epsEstimated": 0.26, "time": "amc", "revenue": 68529000, "revenueEstimated": 59391800, "fiscalDateEnding": "2019-06-29", "updatedFromDate": "2023-09-29"}, {"date": "2019-07-25", "symbol": "FIX", "eps": 0.69, "epsEstimated": 0.85, "time": "amc", "revenue": 650302000, "revenueEstimated": 850394923.0769229, "fiscalDateEnding": "2019-06-29", "updatedFromDate": "2023-09-29"}, {"date": "2019-07-25", "symbol": "PGINF", "eps": 4.97, "epsEstimated": null, "time": "bmo", "revenue": null, "revenueEstimated": null, "fiscalDateEnding": "2019-06-30", "updatedFromDate": "2023-05-17"}, {"date": "2019-07-25", "symbol": "SNBR", "eps": 0.1, "epsEstimated": 0.02143, "time": "amc", "revenue": 355963000, "revenueEstimated": 76277785.71428572, "fiscalDateEnding": "2019-06-28", "updatedFromDate": "2023-09-29"}, {"date": "2019-07-25", "symbol": "ABBN.SW", "eps": 0.34, "epsEstimated": 0.16, "time": "bmo", "revenue": 7171000000, "revenueEstimated": null, "fiscalDateEnding": "2019-06-29", "updatedFromDate": "2023-05-17"}, {"date": "2019-07-25", "symbol": "METEX.PA", "eps": null, "epsEstimated": null, "time": "bmo", "revenue": null, "revenueEstimated": null, "fiscalDateEnding": "2019-04-25", "updatedFromDate": "2023-05-17"}, {"date": "2019-07-25", "symbol": "ARD", "eps": 0.48, "epsEstimated": 0.47, "time": "bmo", "revenue": 2268000000, "revenueEstimated": 2220750000, "fiscalDateEnding": "2019-06-29", "updatedFromDate": "2023-05-17"}, {"date": "2019-07-25", "symbol": "OCA.NZ", "eps": null, "epsEstimated": null, "time": "bmo", "revenue": null, "revenueEstimated": null, "fiscalDateEnding": "2019-12-31", "updatedFromDate": "2023-10-16"}, {"date": "2019-07-25", "symbol": "ABEV", "eps": 0.04, "epsEstimated": 0.03882, "time": "bmo", "revenue": 12145133000, "revenueEstimated": 12145133000, "fiscalDateEnding": "2019-06-30", "updatedFromDate": "2023-09-29"}, {"date": "2019-07-25", "symbol": "VIVEF", "eps": null, "epsEstimated": null, "time": "bmo", "revenue": null, "revenueEstimated": null, "fiscalDateEnding": "2019-06-30", "updatedFromDate": "2023-05-17"}, {"date": "2019-07-25", "symbol": "AVNT", "eps": 0.74, "epsEstimated": 0.73, "time": "bmo", "revenue": 903800000, "revenueEstimated": 838788743.2432432, "fiscalDateEnding": "2019-06-29", "updatedFromDate": "2023-09-29"}, {"date": "2019-07-25", "symbol": "VOLARA.MX", "eps": 0.12, "epsEstimated": 0.41, "time": "bmo", "revenue": 432804498.662758, "revenueEstimated": null, "fiscalDateEnding": "2019-06-29", "updatedFromDate": "2023-05-17"}, {"date": "2019-07-25", "symbol": "PEB", "eps": 0.41, "epsEstimated": 0.33, "time": "amc", "revenue": 442083000, "revenueEstimated": 364718475, "fiscalDateEnding": "2019-06-29", "updatedFromDate": "2023-09-29"}, {"date": "2019-07-25", "symbol": "SBCF", "eps": 0.45, "epsEstimated": 0.47, "time": "amc", "revenue": 73713000, "revenueEstimated": 76989133.33333333, "fiscalDateEnding": "2019-06-29", "updatedFromDate": "2023-09-29"}, {"date": "2019-07-25", "symbol": "LH", "eps": 2.93, "epsEstimated": 2.92, "time": "bmo", "revenue": 2928500000, "revenueEstimated": 5653538566.5529, "fiscalDateEnding": "2019-04-25", "updatedFromDate": "2023-10-10"}, {"date": "2019-07-25", "symbol": "0OHG.L", "eps": 0.14, "epsEstimated": 0.12, "time": "bmo", "revenue": null, "revenueEstimated": null, "fiscalDateEnding": "2019-06-30", "updatedFromDate": "2023-05-17"}, {"date": "2019-07-25", "symbol": "TFII.TO", "eps": 1.18, "epsEstimated": 1.05, "time": "bmo", "revenue": 1019039457.647776, "revenueEstimated": null, "fiscalDateEnding": "2019-06-30", "updatedFromDate": "2023-10-16"}, {"date": "2019-07-25", "symbol": "GPOVY", "eps": 0.08, "epsEstimated": null, "time": "amc", "revenue": 24234747000, "revenueEstimated": null, "fiscalDateEnding": "2019-06-30", "updatedFromDate": "2023-09-29"}, {"date": "2019-07-25", "symbol": "CSTR", "eps": 0.38, "epsEstimated": 0.3, "time": "amc", "revenue": 24040000, "revenueEstimated": 18978947.36842105, "fiscalDateEnding": "2019-06-29", "updatedFromDate": "2023-09-29"}, {"date": "2019-07-25", "symbol": "CFX.TO", "eps": 0.16, "epsEstimated": 0.27, "time": "bmo", "revenue": 319500000, "revenueEstimated": null, "fiscalDateEnding": "2019-06-29", "updatedFromDate": "2023-05-17"}, {"date": "2019-07-25", "symbol": "EXAE.AT", "eps": 0.03, "epsEstimated": null, "time": "bmo", "revenue": null, "revenueEstimated": null, "fiscalDateEnding": "2019-06-30", "updatedFromDate": "2023-05-17"}, {"date": "2019-07-25", "symbol": "TNET", "eps": 0.7, "epsEstimated": 0.7, "time": "amc", "revenue": 935000000, "revenueEstimated": 935000000, "fiscalDateEnding": "2019-06-29", "updatedFromDate": "2023-09-29"}, {"date": "2019-07-25", "symbol": "RMD", "eps": 0.95, "epsEstimated": 0.92, "time": "amc", "revenue": 704964000, "revenueEstimated": 697543326.3157895, "fiscalDateEnding": "2019-06-29", "updatedFromDate": "2023-09-29"}, {"date": "2019-07-25", "symbol": "HEES", "eps": 0.63, "epsEstimated": 0.58, "time": "bmo", "revenue": 333597000, "revenueEstimated": 307121047.6190476, "fiscalDateEnding": "2019-06-29", "updatedFromDate": "2023-09-29"}, {"date": "2019-07-25", "symbol": "VWAGY", "eps": 0.89, "epsEstimated": null, "time": "bmo", "revenue": 65185000000, "revenueEstimated": null, "fiscalDateEnding": "2019-06-30", "updatedFromDate": "2023-09-29"}, {"date": "2019-07-25", "symbol": "PFG", "eps": 1.52, "epsEstimated": 1.4, "time": "amc", "revenue": 3972600000, "revenueEstimated": 2707434210.5263157, "fiscalDateEnding": "2019-06-29", "updatedFromDate": "2023-09-29"}, {"date": "2019-07-25", "symbol": "ASPS", "eps": 0.36, "epsEstimated": 0.56, "time": "bmo", "revenue": 196535000, "revenueEstimated": 305721111.11111116, "fiscalDateEnding": "2019-06-29", "updatedFromDate": "2023-09-29"}, {"date": "2019-07-25", "symbol": "ASB", "eps": 0.51, "epsEstimated": 0.49, "time": "amc", "revenue": 440756000, "revenueEstimated": 290706634.61538464, "fiscalDateEnding": "2019-04-25", "updatedFromDate": "2023-10-10"}, {"date": "2019-07-25", "symbol": "UN", "eps": null, "epsEstimated": null, "time": "bmo", "revenue": null, "revenueEstimated": null, "fiscalDateEnding": "2019-06-29", "updatedFromDate": "2023-05-17"}, {"date": "2019-07-25", "symbol": "GOOG", "eps": 0.71, "epsEstimated": 0.57, "time": "amc", "revenue": 38944000000, "revenueEstimated": 31051057002.111187, "fiscalDateEnding": "2019-06-29", "updatedFromDate": "2023-09-29"}, {"date": "2019-07-25", "symbol": "KYCCF", "eps": 191.55, "epsEstimated": 245.85, "time": "bmo", "revenue": null, "revenueEstimated": null, "fiscalDateEnding": "2019-12-31", "updatedFromDate": "2023-05-17"}, {"date": "2019-07-25", "symbol": "OPBK", "eps": 0.23, "epsEstimated": 0.24, "time": "bmo", "revenue": 13824000, "revenueEstimated": 14425043.47826087, "fiscalDateEnding": "2019-06-29", "updatedFromDate": "2023-09-29"}, {"date": "2019-07-25", "symbol": "ULH", "eps": 0.7, "epsEstimated": 0.77, "time": "amc", "revenue": 383175000, "revenueEstimated": 421492500.00000006, "fiscalDateEnding": "2019-06-28", "updatedFromDate": "2023-09-29"}, {"date": "2019-07-25", "symbol": "MPFRY", "eps": 0.06, "epsEstimated": 0.06, "time": "bmo", "revenue": null, "revenueEstimated": null, "fiscalDateEnding": "2019-06-30", "updatedFromDate": "2023-05-17"}, {"date": "2019-07-25", "symbol": "002025.SZ", "eps": 0.2533, "epsEstimated": null, "time": "bmo", "revenue": 947833500.94, "revenueEstimated": null, "fiscalDateEnding": "2019-06-29", "updatedFromDate": "2023-05-17"}, {"date": "2019-07-25", "symbol": "CTTRF", "eps": 0.12, "epsEstimated": 0.41, "time": "bmo", "revenue": null, "revenueEstimated": 25795833.333333332, "fiscalDateEnding": "2019-06-30", "updatedFromDate": "2023-05-17"}, {"date": "2019-07-25", "symbol": "PCB", "eps": 0.4, "epsEstimated": 0.4, "time": "bmo", "revenue": 20746000, "revenueEstimated": 20746000, "fiscalDateEnding": "2019-06-29", "updatedFromDate": "2023-09-29"}, {"date": "2019-07-25", "symbol": "DBD", "eps": 0.06, "epsEstimated": -0.15, "time": "bmo", "revenue": 1150200000, "revenueEstimated": 2683800000, "fiscalDateEnding": "2019-06-29", "updatedFromDate": "2023-09-29"}, {"date": "2019-07-25", "symbol": "002014.SZ", "eps": 0.1081, "epsEstimated": null, "time": "bmo", "revenue": 582941997.93, "revenueEstimated": null, "fiscalDateEnding": "2019-06-29", "updatedFromDate": "2023-05-17"}, {"date": "2019-07-25", "symbol": "4206.T", "eps": 42.6, "epsEstimated": null, "time": "bmo", "revenue": 50629000000, "revenueEstimated": null, "fiscalDateEnding": "2019-04-25", "updatedFromDate": "2023-10-17"}, {"date": "2019-07-25", "symbol": "ALLE", "eps": 1.26, "epsEstimated": 1.32, "time": "bmo", "revenue": 731200000, "revenueEstimated": 766019047.6190476, "fiscalDateEnding": "2019-06-29", "updatedFromDate": "2023-09-29"}, {"date": "2019-07-25", "symbol": "ESQ", "eps": 0.45, "epsEstimated": 0.41, "time": "bmo", "revenue": 12222000, "revenueEstimated": 10636311.11111111, "fiscalDateEnding": "2019-04-25", "updatedFromDate": "2023-10-10"}, {"date": "2019-07-25", "symbol": "PBNK", "eps": 0.26, "epsEstimated": null, "time": "bmo", "revenue": null, "revenueEstimated": null, "fiscalDateEnding": "2019-04-25", "updatedFromDate": "2023-09-29"}, {"date": "2019-07-25", "symbol": "CMCSA", "eps": 0.78, "epsEstimated": 0.75, "time": "bmo", "revenue": 26858000000, "revenueEstimated": 25824999999.999996, "fiscalDateEnding": "2019-06-29", "updatedFromDate": "2023-09-29"}, {"date": "2019-07-25", "symbol": "2409.TW", "eps": -0.28, "epsEstimated": -0.18, "time": "bmo", "revenue": 70053000000, "revenueEstimated": null, "fiscalDateEnding": "2019-04-25", "updatedFromDate": "2023-05-17"}, {"date": "2019-07-25", "symbol": "KOF", "eps": 0.87, "epsEstimated": 0.82, "time": "bmo", "revenue": 47978000000, "revenueEstimated": 41747090909, "fiscalDateEnding": "2019-06-30", "updatedFromDate": "2023-09-29"}, {"date": "2019-07-25", "symbol": "NOKIA.HE", "eps": 0.05, "epsEstimated": 0.029, "time": "bmo", "revenue": 5694000000, "revenueEstimated": null, "fiscalDateEnding": "2019-06-29", "updatedFromDate": "2023-05-17"}, {"date": "2019-07-25", "symbol": "RNGR", "eps": 0.11, "epsEstimated": 0.23, "time": "amc", "revenue": 84300000, "revenueEstimated": 183927272.72727272, "fiscalDateEnding": "2019-06-29", "updatedFromDate": "2023-09-29"}, {"date": "2019-07-25", "symbol": "ALWED.PA", "eps": null, "epsEstimated": null, "time": "bmo", "revenue": null, "revenueEstimated": null, "fiscalDateEnding": "2019-04-25", "updatedFromDate": "2023-05-17"}, {"date": "2019-07-25", "symbol": "DUFRY", "eps": -0.01, "epsEstimated": null, "time": "bmo", "revenue": 2501900000, "revenueEstimated": null, "fiscalDateEnding": "2019-04-25", "updatedFromDate": "2023-09-29"}, {"date": "2019-07-25", "symbol": "HTCMY", "eps": 1.17, "epsEstimated": null, "time": "bmo", "revenue": 244159000000, "revenueEstimated": null, "fiscalDateEnding": "2019-04-25", "updatedFromDate": "2023-10-17"}, {"date": "2019-07-25", "symbol": "AMPLI.PA", "eps": -0.07425, "epsEstimated": null, "time": "bmo", "revenue": 22071500, "revenueEstimated": null, "fiscalDateEnding": "2019-04-25", "updatedFromDate": "2023-10-17"}, {"date": "2019-07-25", "symbol": "DSCSY", "eps": 0.05, "epsEstimated": null, "time": "bmo", "revenue": 35654000000, "revenueEstimated": null, "fiscalDateEnding": "2019-04-25", "updatedFromDate": "2023-10-17"}, {"date": "2019-07-25", "symbol": "FRST", "eps": 0.38, "epsEstimated": 0.35, "time": "bmo", "revenue": 23272000, "revenueEstimated": 22248026.315789472, "fiscalDateEnding": "2019-06-29", "updatedFromDate": "2023-09-29"}, {"date": "2019-07-25", "symbol": "BGCP", "eps": 0.17, "epsEstimated": 0.18, "time": "bmo", "revenue": 511335000, "revenueEstimated": 583609764.7058822, "fiscalDateEnding": "2019-06-29", "updatedFromDate": "2023-09-29"}, {"date": "2019-07-25", "symbol": "6274.TWO", "eps": 1.82, "epsEstimated": 1.96, "time": "bmo", "revenue": 4349186000, "revenueEstimated": null, "fiscalDateEnding": "2019-06-29", "updatedFromDate": "2023-05-17"}, {"date": "2019-07-25", "symbol": "DRQ", "eps": 0.03, "epsEstimated": 0.02883, "time": "bmo", "revenue": 103808000, "revenueEstimated": 103808000, "fiscalDateEnding": "2019-06-29", "updatedFromDate": "2023-09-29"}, {"date": "2019-07-25", "symbol": "RSG", "eps": 0.79, "epsEstimated": 0.77, "time": "amc", "revenue": 2605300000, "revenueEstimated": 2539343037.9746833, "fiscalDateEnding": "2019-06-29", "updatedFromDate": "2023-09-29"}, {"date": "2019-07-25", "symbol": "RJF.MC", "eps": 0.0083, "epsEstimated": null, "time": "bmo", "revenue": 43445209, "revenueEstimated": null, "fiscalDateEnding": "2019-06-29", "updatedFromDate": "2023-05-17"}, {"date": "2019-07-25", "symbol": "CEFC", "eps": 0.28, "epsEstimated": null, "time": "bmo", "revenue": null, "revenueEstimated": null, "fiscalDateEnding": "2019-06-30", "updatedFromDate": "2023-09-29"}, {"date": "2019-07-25", "symbol": "DVD", "eps": 0.15, "epsEstimated": null, "time": "bmo", "revenue": 24838000, "revenueEstimated": null, "fiscalDateEnding": "2019-06-29", "updatedFromDate": "2023-09-29"}, {"date": "2019-07-25", "symbol": "FFNW", "eps": 0.33, "epsEstimated": 0.22, "time": "bmo", "revenue": 10585000, "revenueEstimated": 8732623.5, "fiscalDateEnding": "2019-06-29", "updatedFromDate": "2023-09-29"}, {"date": "2019-07-25", "symbol": "NSANY", "eps": 0.07, "epsEstimated": 0.3, "time": "bmo", "revenue": 11574247000000, "revenueEstimated": null, "fiscalDateEnding": "2019-04-25", "updatedFromDate": "2023-10-17"}, {"date": "2019-07-25", "symbol": "2455.TW", "eps": 0.77, "epsEstimated": 0.66, "time": "bmo", "revenue": 697985000, "revenueEstimated": null, "fiscalDateEnding": "2019-04-25", "updatedFromDate": "2023-05-17"}, {"date": "2019-07-25", "symbol": "002158.SZ", "eps": 0.1289, "epsEstimated": null, "time": "bmo", "revenue": 423198013.46, "revenueEstimated": null, "fiscalDateEnding": "2019-06-29", "updatedFromDate": "2023-05-17"}, {"date": "2019-07-25", "symbol": "MORN", "eps": 0.98, "epsEstimated": null, "time": "amc", "revenue": 273900000, "revenueEstimated": null, "fiscalDateEnding": "2019-06-29", "updatedFromDate": "2023-09-29"}, {"date": "2019-07-25", "symbol": "KOFUBL.MX", "eps": 1.66, "epsEstimated": 1.51, "time": "bmo", "revenue": null, "revenueEstimated": null, "fiscalDateEnding": "2019-06-30", "updatedFromDate": "2023-05-17"}, {"date": "2019-07-25", "symbol": "MAT", "eps": -0.25, "epsEstimated": -0.35, "time": "amc", "revenue": 860100000, "revenueEstimated": 2478894400, "fiscalDateEnding": "2019-06-29", "updatedFromDate": "2023-09-29"}, {"date": "2019-07-25", "symbol": "6676.T", "eps": -15.56141, "epsEstimated": null, "time": "bmo", "revenue": 27635000000, "revenueEstimated": null, "fiscalDateEnding": "2019-04-25", "updatedFromDate": "2023-10-17"}, {"date": "2019-07-25", "symbol": "7466.T", "eps": 32.28, "epsEstimated": null, "time": "bmo", "revenue": 11022960000, "revenueEstimated": null, "fiscalDateEnding": "2019-04-25", "updatedFromDate": "2023-10-17"}, {"date": "2019-07-25", "symbol": "CMHFF", "eps": null, "epsEstimated": null, "time": "bmo", "revenue": null, "revenueEstimated": null, "fiscalDateEnding": "2019-06-30", "updatedFromDate": "2023-05-17"}, {"date": "2019-07-25", "symbol": "SVCBF", "eps": 1, "epsEstimated": 1.18, "time": "bmo", "revenue": null, "revenueEstimated": 280368000, "fiscalDateEnding": "2019-06-30", "updatedFromDate": "2023-05-17"}, {"date": "2019-07-25", "symbol": "9081.T", "eps": 115.92, "epsEstimated": null, "time": "bmo", "revenue": 27646000000, "revenueEstimated": null, "fiscalDateEnding": "2019-04-25", "updatedFromDate": "2023-10-17"}, {"date": "2019-07-25", "symbol": "CUBE", "eps": 0.26, "epsEstimated": 0.21, "time": "amc", "revenue": 159017000, "revenueEstimated": 128436807.69230768, "fiscalDateEnding": "2019-06-29", "updatedFromDate": "2023-09-29"}, {"date": "2019-07-25", "symbol": "EMGS.OL", "eps": 0.03863, "epsEstimated": null, "time": "bmo", "revenue": 26913000, "revenueEstimated": null, "fiscalDateEnding": "2019-04-25", "updatedFromDate": "2023-05-17"}, {"date": "2019-07-25", "symbol": "067830.KS", "eps": 89.7, "epsEstimated": null, "time": "bmo", "revenue": 36606329460, "revenueEstimated": null, "fiscalDateEnding": "2019-04-25", "updatedFromDate": "2023-05-17"}, {"date": "2019-07-25", "symbol": "VLYPP", "eps": 0.23, "epsEstimated": 0.23, "time": "bmo", "revenue": 247837000, "revenueEstimated": 49400000, "fiscalDateEnding": "2019-06-29", "updatedFromDate": "2023-05-17"}, {"date": "2019-07-25", "symbol": "ALLDL.PA", "eps": 0.3287, "epsEstimated": null, "time": "bmo", "revenue": 123434250, "revenueEstimated": null, "fiscalDateEnding": "2019-04-25", "updatedFromDate": "2023-10-17"}, {"date": "2019-07-25", "symbol": "BSMX", "eps": 0.22, "epsEstimated": 0.2, "time": "amc", "revenue": 21849000000, "revenueEstimated": 20808571428, "fiscalDateEnding": "2019-06-29", "updatedFromDate": "2023-09-29"}, {"date": "2019-07-25", "symbol": "ARCAD.AS", "eps": null, "epsEstimated": null, "time": "bmo", "revenue": null, "revenueEstimated": null, "fiscalDateEnding": "2019-04-25", "updatedFromDate": "2023-08-16"}, {"date": "2019-07-25", "symbol": "HTH", "eps": 0.62, "epsEstimated": 0.39, "time": "amc", "revenue": 420747000, "revenueEstimated": 241540209.6774194, "fiscalDateEnding": "2019-06-29", "updatedFromDate": "2023-09-29"}, {"date": "2019-07-25", "symbol": "COLB", "eps": 0.71, "epsEstimated": 0.63, "time": "bmo", "revenue": 346307000, "revenueEstimated": 256280056.3380282, "fiscalDateEnding": "2019-06-29", "updatedFromDate": "2023-09-29"}, {"date": "2019-07-25", "symbol": "OCFCP", "eps": 0.51, "epsEstimated": 0.54, "time": "bmo", "revenue": null, "revenueEstimated": null, "fiscalDateEnding": "2019-06-30", "updatedFromDate": "2023-05-17"}, {"date": "2019-07-25", "symbol": "SLB.PA", "eps": 0.35, "epsEstimated": 0.35, "time": "bmo", "revenue": 8269000000, "revenueEstimated": null, "fiscalDateEnding": "2019-06-29", "updatedFromDate": "2023-05-17"}, {"date": "2019-07-25", "symbol": "8864.T", "eps": 15.44, "epsEstimated": null, "time": "bmo", "revenue": 6236441000, "revenueEstimated": null, "fiscalDateEnding": "2019-04-25", "updatedFromDate": "2023-10-17"}, {"date": "2019-07-25", "symbol": "SMMF", "eps": 0.68, "epsEstimated": 0.56, "time": "bmo", "revenue": 25600000, "revenueEstimated": 21471882.352941174, "fiscalDateEnding": "2019-06-29", "updatedFromDate": "2023-09-29"}, {"date": "2019-07-25", "symbol": "AXTA", "eps": 0.52, "epsEstimated": 0.43, "time": "bmo", "revenue": 1157500000, "revenueEstimated": 957163461.5384614, "fiscalDateEnding": "2019-06-29", "updatedFromDate": "2023-09-29"}, {"date": "2019-07-25", "symbol": "ACBI", "eps": 0.29, "epsEstimated": 0.27, "time": "amc", "revenue": 22830000, "revenueEstimated": 21255517.241379313, "fiscalDateEnding": "2019-06-29", "updatedFromDate": "2023-05-17"}, {"date": "2019-07-25", "symbol": "BKNIY", "eps": 0.2, "epsEstimated": null, "time": "bmo", "revenue": 2167294000, "revenueEstimated": null, "fiscalDateEnding": "2019-06-30", "updatedFromDate": "2023-09-29"}, {"date": "2019-07-25", "symbol": "TBP.TO", "eps": -0.01888, "epsEstimated": null, "time": "bmo", "revenue": 1320213, "revenueEstimated": null, "fiscalDateEnding": "2019-05-30", "updatedFromDate": "2023-05-17"}, {"date": "2019-07-25", "symbol": "GBOOF", "eps": 3.03, "epsEstimated": 3.04, "time": "bmo", "revenue": null, "revenueEstimated": null, "fiscalDateEnding": "2019-06-30", "updatedFromDate": "2023-05-17"}, {"date": "2019-07-25", "symbol": "SELER.PA", "eps": null, "epsEstimated": null, "time": "bmo", "revenue": null, "revenueEstimated": null, "fiscalDateEnding": "2019-06-30", "updatedFromDate": "2023-05-17"}, {"date": "2019-07-25", "symbol": "BEEF3.SA", "eps": -0.31, "epsEstimated": 0.28, "time": "bmo", "revenue": 4024369000, "revenueEstimated": null, "fiscalDateEnding": "2019-06-30", "updatedFromDate": "2023-05-17"}, {"date": "2019-07-25", "symbol": "FSBW", "eps": 0.49, "epsEstimated": 0.72, "time": "bmo", "revenue": 22910000, "revenueEstimated": 67387591.83673468, "fiscalDateEnding": "2019-06-29", "updatedFromDate": "2023-09-29"}, {"date": "2019-07-25", "symbol": "WH", "eps": 0.84, "epsEstimated": 0.8, "time": "bmo", "revenue": 533000000, "revenueEstimated": 513964285.7142858, "fiscalDateEnding": "2019-06-29", "updatedFromDate": "2023-09-29"}, {"date": "2019-07-25", "symbol": "CHE", "eps": 3.36, "epsEstimated": 3.12, "time": "amc", "revenue": 473584000, "revenueEstimated": 439756571.42857146, "fiscalDateEnding": "2019-06-29", "updatedFromDate": "2023-09-29"}, {"date": "2019-07-25", "symbol": "AKBTY", "eps": 0.08, "epsEstimated": null, "time": "bmo", "revenue": 5018896000, "revenueEstimated": null, "fiscalDateEnding": "2019-06-30", "updatedFromDate": "2023-09-29"}, {"date": "2019-07-25", "symbol": "FISV", "eps": 0.82, "epsEstimated": 0.8, "time": "amc", "revenue": 1512000000, "revenueEstimated": 1493560975.6097562, "fiscalDateEnding": "2019-06-29", "updatedFromDate": "2023-09-29"}, {"date": "2019-07-25", "symbol": "CLFD", "eps": 0.1, "epsEstimated": 0.09, "time": "amc", "revenue": 21892244, "revenueEstimated": 19703015.999999996, "fiscalDateEnding": "2019-06-29", "updatedFromDate": "2023-09-29"}, {"date": "2019-07-25", "symbol": "VCCLF", "eps": null, "epsEstimated": null, "time": "bmo", "revenue": null, "revenueEstimated": null, "fiscalDateEnding": "2019-06-30", "updatedFromDate": "2023-05-17"}, {"date": "2019-07-25", "symbol": "CY6U.SI", "eps": 0.02343, "epsEstimated": null, "time": "bmo", "revenue": 49578000, "revenueEstimated": null, "fiscalDateEnding": "2019-04-25", "updatedFromDate": "2023-10-16"}, {"date": "2019-07-25", "symbol": "O5RU.SI", "eps": null, "epsEstimated": null, "time": "bmo", "revenue": null, "revenueEstimated": null, "fiscalDateEnding": "2019-12-31", "updatedFromDate": "2023-05-17"}, {"date": "2019-07-25", "symbol": "TREE", "eps": 1.18, "epsEstimated": 1.41, "time": "bmo", "revenue": 278421000, "revenueEstimated": 332689500, "fiscalDateEnding": "2019-06-29", "updatedFromDate": "2023-09-29"}, {"date": "2019-07-25", "symbol": "UL", "eps": null, "epsEstimated": null, "time": "bmo", "revenue": null, "revenueEstimated": null, "fiscalDateEnding": "2019-04-25", "updatedFromDate": "2023-05-17"}, {"date": "2019-07-25", "symbol": "YRI.TO", "eps": 0.02, "epsEstimated": 0.017, "time": "bmo", "revenue": 357800000, "revenueEstimated": null, "fiscalDateEnding": "2019-04-25", "updatedFromDate": "2023-10-16"}, {"date": "2019-07-25", "symbol": "2240.SR", "eps": -0.82588, "epsEstimated": null, "time": "bmo", "revenue": 1042791000, "revenueEstimated": null, "fiscalDateEnding": "2019-06-29", "updatedFromDate": "2023-05-17"}, {"date": "2019-07-25", "symbol": "CASS", "eps": 0.52, "epsEstimated": null, "time": "bmo", "revenue": 39394000, "revenueEstimated": null, "fiscalDateEnding": "2019-06-29", "updatedFromDate": "2023-09-29"}, {"date": "2019-07-25", "symbol": "IP", "eps": 1.15, "epsEstimated": 1.01, "time": "bmo", "revenue": 5667000000, "revenueEstimated": 4927826086.956522, "fiscalDateEnding": "2019-06-29", "updatedFromDate": "2023-09-29"}, {"date": "2019-07-25", "symbol": "NVCR", "eps": -0.01, "epsEstimated": -0.07, "time": "bmo", "revenue": 86713000, "revenueEstimated": 606991000, "fiscalDateEnding": "2019-06-29", "updatedFromDate": "2023-09-29"}, {"date": "2019-07-25", "symbol": "BJRI", "eps": 0.68, "epsEstimated": 0.73, "time": "amc", "revenue": 301090000, "revenueEstimated": 323228970.58823526, "fiscalDateEnding": "2019-07-01", "updatedFromDate": "2023-09-29"}, {"date": "2019-07-25", "symbol": "APD", "eps": 2.17, "epsEstimated": 2.15, "time": "bmo", "revenue": 2224000000, "revenueEstimated": 2203502304.1474657, "fiscalDateEnding": "2019-06-29", "updatedFromDate": "2023-09-29"}, {"date": "2019-07-25", "symbol": "ENTG", "eps": 0.39, "epsEstimated": 0.43, "time": "bmo", "revenue": 378874000, "revenueEstimated": 417732871.79487175, "fiscalDateEnding": "2019-06-28", "updatedFromDate": "2023-09-29"}, {"date": "2019-07-25", "symbol": "BMY", "eps": 1.18, "epsEstimated": 1.06, "time": "bmo", "revenue": 6273000000, "revenueEstimated": 5688228813.559323, "fiscalDateEnding": "2019-06-29", "updatedFromDate": "2023-09-29"}, {"date": "2019-07-25", "symbol": "TPX", "eps": 0.2, "epsEstimated": 0.17, "time": "bmo", "revenue": 722800000, "revenueEstimated": 613007594.9367089, "fiscalDateEnding": "2019-06-29", "updatedFromDate": "2023-09-29"}, {"date": "2019-07-25", "symbol": "600663.SS", "eps": 0.2913, "epsEstimated": null, "time": "bmo", "revenue": 4334958103.08, "revenueEstimated": null, "fiscalDateEnding": "2019-06-29", "updatedFromDate": "2023-05-17"}, {"date": "2019-07-25", "symbol": "MYFW", "eps": 0.33, "epsEstimated": 0.26, "time": "amc", "revenue": 16546000, "revenueEstimated": 23899777.77777778, "fiscalDateEnding": "2019-06-29", "updatedFromDate": "2023-09-29"}, {"date": "2019-07-25", "symbol": "EBRPF", "eps": 0.24, "epsEstimated": null, "time": "bmo", "revenue": null, "revenueEstimated": null, "fiscalDateEnding": "2019-06-30", "updatedFromDate": "2023-05-17"}, {"date": "2019-07-25", "symbol": "OMCL", "eps": 0.67, "epsEstimated": 0.64, "time": "amc", "revenue": 217413000, "revenueEstimated": 204433119.40298507, "fiscalDateEnding": "2019-06-29", "updatedFromDate": "2023-09-29"}, {"date": "2019-07-25", "symbol": "BOOM", "eps": 1.17, "epsEstimated": 0.87, "time": "amc", "revenue": 110954000, "revenueEstimated": 156963615.3846154, "fiscalDateEnding": "2019-06-29", "updatedFromDate": "2023-09-29"}, {"date": "2019-07-25", "symbol": "OKCTF", "eps": null, "epsEstimated": null, "time": "bmo", "revenue": null, "revenueEstimated": null, "fiscalDateEnding": "2019-12-31", "updatedFromDate": "2023-05-17"}, {"date": "2019-07-26", "symbol": "4685.T", "eps": 77.1, "epsEstimated": null, "time": "bmo", "revenue": 9849000000, "revenueEstimated": null, "fiscalDateEnding": "2019-04-26", "updatedFromDate": "2023-10-17"}, {"date": "2019-07-26", "symbol": "MOCORP.HE", "eps": 0.07, "epsEstimated": 0.06, "time": "bmo", "revenue": 326600000, "revenueEstimated": null, "fiscalDateEnding": "2019-06-29", "updatedFromDate": "2023-05-17"}, {"date": "2019-07-26", "symbol": "DBSDY", "eps": 1.84, "epsEstimated": null, "time": "bmo", "revenue": 3709000000, "revenueEstimated": null, "fiscalDateEnding": "2019-06-30", "updatedFromDate": "2023-09-29"}, {"date": "2019-07-26", "symbol": "COWN", "eps": 0.65, "epsEstimated": 0.61, "time": "bmo", "revenue": 252047000, "revenueEstimated": 274184676.9230769, "fiscalDateEnding": "2019-04-26", "updatedFromDate": "2023-05-17"}, {"date": "2019-07-26", "symbol": "EDPFY", "eps": 0.94, "epsEstimated": null, "time": "bmo", "revenue": 3362840000, "revenueEstimated": null, "fiscalDateEnding": "2019-06-30", "updatedFromDate": "2023-09-29"}, {"date": "2019-07-26", "symbol": "2439.TW", "eps": 3.55, "epsEstimated": 2.33, "time": "bmo", "revenue": 10064072000, "revenueEstimated": null, "fiscalDateEnding": "2019-06-29", "updatedFromDate": "2023-05-17"}, {"date": "2019-07-26", "symbol": "CGG.PA", "eps": 0.02, "epsEstimated": 0.00767, "time": "bmo", "revenue": 335300000, "revenueEstimated": null, "fiscalDateEnding": "2019-06-29", "updatedFromDate": "2023-08-16"}, {"date": "2019-07-26", "symbol": "PHJMF", "eps": 30, "epsEstimated": 27.51, "time": "bmo", "revenue": null, "revenueEstimated": null, "fiscalDateEnding": "2019-06-30", "updatedFromDate": "2023-05-17"}, {"date": "2019-07-26", "symbol": "GRC", "eps": 0.4, "epsEstimated": 0.37, "time": "bmo", "revenue": 108330000, "revenueEstimated": 100205250, "fiscalDateEnding": "2019-06-29", "updatedFromDate": "2023-09-29"}, {"date": "2019-07-26", "symbol": "8285.T", "eps": 6.59, "epsEstimated": null, "time": "bmo", "revenue": 22241000000, "revenueEstimated": null, "fiscalDateEnding": "2019-04-26", "updatedFromDate": "2023-10-17"}, {"date": "2019-07-26", "symbol": "TSTH.BK", "eps": 0.01183, "epsEstimated": null, "time": "bmo", "revenue": 5143432346, "revenueEstimated": null, "fiscalDateEnding": "2019-04-26", "updatedFromDate": "2023-10-17"}, {"date": "2019-07-26", "symbol": "S59.SI", "eps": null, "epsEstimated": null, "time": "bmo", "revenue": null, "revenueEstimated": null, "fiscalDateEnding": "2019-12-31", "updatedFromDate": "2023-05-17"}, {"date": "2019-07-26", "symbol": "BBN.SW", "eps": null, "epsEstimated": null, "time": "bmo", "revenue": null, "revenueEstimated": null, "fiscalDateEnding": "2019-04-26", "updatedFromDate": "2023-05-17"}, {"date": "2019-07-26", "symbol": "010140.KS", "eps": -519, "epsEstimated": -167.63, "time": "bmo", "revenue": 1964640263740, "revenueEstimated": null, "fiscalDateEnding": "2019-04-26", "updatedFromDate": "2023-05-17"}, {"date": "2019-07-26", "symbol": "T82U.SI", "eps": 0.02, "epsEstimated": 0.01636, "time": "bmo", "revenue": 91939000, "revenueEstimated": null, "fiscalDateEnding": "2019-04-26", "updatedFromDate": "2023-10-16"}, {"date": "2019-07-26", "symbol": "ABBV", "eps": 2.26, "epsEstimated": 2.21, "time": "bmo", "revenue": 8255000000, "revenueEstimated": 8072367256.637169, "fiscalDateEnding": "2019-06-29", "updatedFromDate": "2023-09-29"}, {"date": "2019-07-26", "symbol": "5471.T", "eps": 222.58, "epsEstimated": 133.71, "time": "bmo", "revenue": 116861000000, "revenueEstimated": null, "fiscalDateEnding": "2019-04-26", "updatedFromDate": "2023-10-17"}, {"date": "2019-07-26", "symbol": "064350.KS", "eps": -673, "epsEstimated": 50, "time": "bmo", "revenue": 631873642000, "revenueEstimated": null, "fiscalDateEnding": "2019-06-29", "updatedFromDate": "2023-05-17"}, {"date": "2019-07-26", "symbol": "VTR", "eps": 0.58, "epsEstimated": 0.32, "time": "bmo", "revenue": 950717000, "revenueEstimated": 655382704.5, "fiscalDateEnding": "2019-06-29", "updatedFromDate": "2023-09-29"}, {"date": "2019-07-26", "symbol": "GRFFF", "eps": 0.54, "epsEstimated": 0.64, "time": "bmo", "revenue": null, "revenueEstimated": 464924.44444444444, "fiscalDateEnding": "2019-06-30", "updatedFromDate": "2023-05-17"}, {"date": "2019-07-26", "symbol": "3636.T", "eps": 25.38, "epsEstimated": 43.1, "time": "bmo", "revenue": 23199000000, "revenueEstimated": null, "fiscalDateEnding": "2019-06-29", "updatedFromDate": "2023-08-16"}, {"date": "2019-07-26", "symbol": "NWFL", "eps": 0.56, "epsEstimated": null, "time": "bmo", "revenue": 11253000, "revenueEstimated": null, "fiscalDateEnding": "2019-06-29", "updatedFromDate": "2023-09-29"}, {"date": "2019-07-26", "symbol": "SPLPETRO.NS", "eps": 4.91, "epsEstimated": null, "time": "bmo", "revenue": 6615776000, "revenueEstimated": null, "fiscalDateEnding": "2019-04-26", "updatedFromDate": "2023-10-16"}, {"date": "2019-07-26", "symbol": "AAFRF", "eps": 0.02461, "epsEstimated": null, "time": "bmo", "revenue": 3077000000, "revenueEstimated": null, "fiscalDateEnding": "2019-04-26", "updatedFromDate": "2023-10-17"}, {"date": "2019-07-26", "symbol": "DMAS.JK", "eps": 12.81, "epsEstimated": null, "time": "bmo", "revenue": 978815330946, "revenueEstimated": null, "fiscalDateEnding": "2019-06-29", "updatedFromDate": "2023-05-17"}, {"date": "2019-07-26", "symbol": "9629.T", "eps": 8.49, "epsEstimated": null, "time": "bmo", "revenue": 3559682000, "revenueEstimated": null, "fiscalDateEnding": "2019-04-26", "updatedFromDate": "2023-10-17"}, {"date": "2019-07-26", "symbol": "SZEVF", "eps": null, "epsEstimated": 0.17, "time": "bmo", "revenue": null, "revenueEstimated": null, "fiscalDateEnding": "2019-06-30", "updatedFromDate": "2023-05-17"}, {"date": "2019-07-26", "symbol": "9795.T", "eps": 15.29, "epsEstimated": null, "time": "bmo", "revenue": 2633504000, "revenueEstimated": null, "fiscalDateEnding": "2019-06-29", "updatedFromDate": "2023-05-17"}, {"date": "2019-07-26", "symbol": "LAT1V.HE", "eps": 0.37, "epsEstimated": 0.27, "time": "bmo", "revenue": 196200000, "revenueEstimated": null, "fiscalDateEnding": "2019-06-29", "updatedFromDate": "2023-05-17"}, {"date": "2019-07-26", "symbol": "AKRA.JK", "eps": 47.56, "epsEstimated": 108.89, "time": "bmo", "revenue": 4676760261000, "revenueEstimated": null, "fiscalDateEnding": "2019-06-29", "updatedFromDate": "2023-08-16"}, {"date": "2019-07-26", "symbol": "214390.KS", "eps": 60.56, "epsEstimated": null, "time": "bmo", "revenue": 45295883060, "revenueEstimated": null, "fiscalDateEnding": "2019-04-26", "updatedFromDate": "2023-05-17"}, {"date": "2019-07-26", "symbol": "RA.MX", "eps": null, "epsEstimated": 2.76, "time": "bmo", "revenue": null, "revenueEstimated": null, "fiscalDateEnding": "2019-06-30", "updatedFromDate": "2023-05-17"}, {"date": "2019-07-26", "symbol": "VYYRF", "eps": null, "epsEstimated": null, "time": "bmo", "revenue": null, "revenueEstimated": null, "fiscalDateEnding": "2019-06-30", "updatedFromDate": "2023-05-17"}, {"date": "2019-07-26", "symbol": "6516.T", "eps": -13.96, "epsEstimated": 31.4, "time": "bmo", "revenue": 18484000000, "revenueEstimated": null, "fiscalDateEnding": "2019-04-26", "updatedFromDate": "2023-10-17"}, {"date": "2019-07-26", "symbol": "7554.T", "eps": -38.67322, "epsEstimated": null, "time": "bmo", "revenue": 8648197000, "revenueEstimated": null, "fiscalDateEnding": "2019-04-26", "updatedFromDate": "2023-10-17"}, {"date": "2019-07-26", "symbol": "MSURF", "eps": null, "epsEstimated": null, "time": "bmo", "revenue": null, "revenueEstimated": null, "fiscalDateEnding": "2019-06-30", "updatedFromDate": "2023-05-17"}, {"date": "2019-07-26", "symbol": "LEA", "eps": 3.78, "epsEstimated": 3.76, "time": "bmo", "revenue": 5007600000, "revenueEstimated": 4981104761.904761, "fiscalDateEnding": "2019-06-28", "updatedFromDate": "2023-09-29"}, {"date": "2019-07-26", "symbol": "PYOIF", "eps": 3, "epsEstimated": 3.13, "time": "bmo", "revenue": null, "revenueEstimated": null, "fiscalDateEnding": "2019-06-30", "updatedFromDate": "2023-05-17"}, {"date": "2019-07-26", "symbol": "SBSI", "eps": 0.55, "epsEstimated": 0.55, "time": "bmo", "revenue": 54139000, "revenueEstimated": 54385000, "fiscalDateEnding": "2019-06-29", "updatedFromDate": "2023-09-29"}, {"date": "2019-07-26", "symbol": "028050.KS", "eps": 369, "epsEstimated": 302.36, "time": "bmo", "revenue": 1635624486170, "revenueEstimated": null, "fiscalDateEnding": "2019-04-26", "updatedFromDate": "2023-05-17"}, {"date": "2019-07-26", "symbol": "298050.KS", "eps": 2113, "epsEstimated": 5705.68, "time": "bmo", "revenue": 792150101560, "revenueEstimated": null, "fiscalDateEnding": "2019-06-29", "updatedFromDate": "2023-05-17"}, {"date": "2019-07-26", "symbol": "IVDN", "eps": -0.00456, "epsEstimated": null, "time": "bmo", "revenue": 30359, "revenueEstimated": null, "fiscalDateEnding": "2019-04-29", "updatedFromDate": "2023-09-29"}, {"date": "2019-07-26", "symbol": "SEM.LS", "eps": 0.4782, "epsEstimated": null, "time": "bmo", "revenue": 563640907, "revenueEstimated": null, "fiscalDateEnding": "2019-04-26", "updatedFromDate": "2023-05-17"}, {"date": "2019-07-26", "symbol": "ALPLA.PA", "eps": null, "epsEstimated": null, "time": "bmo", "revenue": null, "revenueEstimated": null, "fiscalDateEnding": "2019-04-26", "updatedFromDate": "2023-05-17"}, {"date": "2019-07-26", "symbol": "GTMAY", "eps": 0.1, "epsEstimated": null, "time": "bmo", "revenue": 366500000, "revenueEstimated": null, "fiscalDateEnding": "2019-06-30", "updatedFromDate": "2023-09-29"}, {"date": "2019-07-26", "symbol": "8366.T", "eps": 78.6, "epsEstimated": null, "time": "bmo", "revenue": 18870000000, "revenueEstimated": null, "fiscalDateEnding": "2019-04-26", "updatedFromDate": "2023-10-17"}, {"date": "2019-07-26", "symbol": "CIXPF", "eps": 0.02, "epsEstimated": null, "time": "bmo", "revenue": null, "revenueEstimated": null, "fiscalDateEnding": "2019-06-30", "updatedFromDate": "2023-05-17"}, {"date": "2019-07-26", "symbol": "ACRE", "eps": 0.38, "epsEstimated": 0.34, "time": "bmo", "revenue": 21675000, "revenueEstimated": 34313157.89473684, "fiscalDateEnding": "2019-06-29", "updatedFromDate": "2023-09-29"}, {"date": "2019-07-26", "symbol": "CLNXF", "eps": null, "epsEstimated": null, "time": "bmo", "revenue": null, "revenueEstimated": null, "fiscalDateEnding": "2019-06-30", "updatedFromDate": "2023-05-17"}, {"date": "2019-07-26", "symbol": "005940.KS", "eps": 356, "epsEstimated": 504.5, "time": "bmo", "revenue": 358859000000, "revenueEstimated": null, "fiscalDateEnding": "2019-06-30", "updatedFromDate": "2023-10-16"}, {"date": "2019-07-26", "symbol": "TOELY", "eps": 0.29, "epsEstimated": null, "time": "bmo", "revenue": 323390000000, "revenueEstimated": null, "fiscalDateEnding": "2019-04-26", "updatedFromDate": "2023-10-17"}, {"date": "2019-07-26", "symbol": "AON", "eps": 1.87, "epsEstimated": 1.88, "time": "bmo", "revenue": 2606000000, "revenueEstimated": 2606000000, "fiscalDateEnding": "2019-06-29", "updatedFromDate": "2023-09-29"}, {"date": "2019-07-26", "symbol": "2491.T", "eps": 23.31, "epsEstimated": null, "time": "bmo", "revenue": 6013258000, "revenueEstimated": null, "fiscalDateEnding": "2019-06-29", "updatedFromDate": "2023-05-17"}, {"date": "2019-07-26", "symbol": "009240.KS", "eps": 263, "epsEstimated": 794.41, "time": "bmo", "revenue": 410450584670, "revenueEstimated": null, "fiscalDateEnding": "2019-04-26", "updatedFromDate": "2023-05-17"}, {"date": "2019-07-26", "symbol": "ITW", "eps": 2, "epsEstimated": 1.98, "time": "bmo", "revenue": 3609000000, "revenueEstimated": 3741267015.7068067, "fiscalDateEnding": "2019-06-29", "updatedFromDate": "2023-09-29"}, {"date": "2019-07-26", "symbol": "603727.SS", "eps": 0.05477, "epsEstimated": null, "time": "bmo", "revenue": 330593982.8, "revenueEstimated": null, "fiscalDateEnding": "2019-06-29", "updatedFromDate": "2023-05-17"}, {"date": "2019-07-26", "symbol": "PIA.MI", "eps": 0.08, "epsEstimated": 0.07, "time": "bmo", "revenue": 1521325000, "revenueEstimated": null, "fiscalDateEnding": "2019-06-30", "updatedFromDate": "2023-08-16"}, {"date": "2019-07-26", "symbol": "FTXGF", "eps": null, "epsEstimated": null, "time": "bmo", "revenue": null, "revenueEstimated": null, "fiscalDateEnding": "2019-06-30", "updatedFromDate": "2023-05-17"}, {"date": "2019-07-26", "symbol": "FLY.PA", "eps": null, "epsEstimated": null, "time": "bmo", "revenue": null, "revenueEstimated": null, "fiscalDateEnding": "2019-04-26", "updatedFromDate": "2023-05-17"}, {"date": "2019-07-26", "symbol": "USIM3.SA", "eps": 0.1, "epsEstimated": null, "time": "bmo", "revenue": 3694049000, "revenueEstimated": null, "fiscalDateEnding": "2019-06-29", "updatedFromDate": "2023-08-16"}, {"date": "2019-07-26", "symbol": "CIVB", "eps": 0.51, "epsEstimated": 0.48, "time": "bmo", "revenue": 26846000, "revenueEstimated": 25266823.529411763, "fiscalDateEnding": "2019-06-29", "updatedFromDate": "2023-09-29"}, {"date": "2019-07-26", "symbol": "8818.T", "eps": 12.41, "epsEstimated": null, "time": "bmo", "revenue": 3853854000, "revenueEstimated": null, "fiscalDateEnding": "2019-04-26", "updatedFromDate": "2023-10-17"}, {"date": "2019-07-26", "symbol": "OGKB.ME", "eps": 0.03, "epsEstimated": null, "time": "bmo", "revenue": 31765187000, "revenueEstimated": null, "fiscalDateEnding": "2019-06-29", "updatedFromDate": "2023-05-17"}, {"date": "2019-07-26", "symbol": "UPRO.ME", "eps": 0.04259, "epsEstimated": null, "time": "bmo", "revenue": 16483633000, "revenueEstimated": null, "fiscalDateEnding": "2019-04-26", "updatedFromDate": "2023-08-16"}, {"date": "2019-07-26", "symbol": "600928.SS", "eps": 0.1539, "epsEstimated": null, "time": "bmo", "revenue": 1690037000, "revenueEstimated": null, "fiscalDateEnding": "2019-06-30", "updatedFromDate": "2023-05-17"}, {"date": "2019-07-26", "symbol": "6928.T", "eps": 26.54, "epsEstimated": null, "time": "bmo", "revenue": 5826268000, "revenueEstimated": null, "fiscalDateEnding": "2019-04-26", "updatedFromDate": "2023-10-17"}, {"date": "2019-07-26", "symbol": "ABTX", "eps": 0.66, "epsEstimated": 0.66, "time": "bmo", "revenue": 49416000, "revenueEstimated": 49416000, "fiscalDateEnding": "2019-06-29", "updatedFromDate": "2023-05-17"}, {"date": "2019-07-26", "symbol": "2344.TW", "eps": 0.12, "epsEstimated": 0.15, "time": "bmo", "revenue": 12011669000, "revenueEstimated": null, "fiscalDateEnding": "2019-06-29", "updatedFromDate": "2023-05-17"}, {"date": "2019-07-26", "symbol": "4816.T", "eps": 62.28, "epsEstimated": null, "time": "bmo", "revenue": 13426000000, "revenueEstimated": null, "fiscalDateEnding": "2019-04-26", "updatedFromDate": "2023-10-17"}, {"date": "2019-07-26", "symbol": "VITFF", "eps": -0.01, "epsEstimated": null, "time": "bmo", "revenue": null, "revenueEstimated": null, "fiscalDateEnding": "2019-06-30", "updatedFromDate": "2023-08-16"}, {"date": "2019-07-26", "symbol": "5727.T", "eps": 6.47, "epsEstimated": null, "time": "bmo", "revenue": 11888000000, "revenueEstimated": null, "fiscalDateEnding": "2019-04-26", "updatedFromDate": "2023-10-16"}, {"date": "2019-07-26", "symbol": "8157.T", "eps": 116.64, "epsEstimated": null, "time": "bmo", "revenue": 40119000000, "revenueEstimated": null, "fiscalDateEnding": "2019-04-26", "updatedFromDate": "2023-10-17"}, {"date": "2019-07-26", "symbol": "NTG", "eps": null, "epsEstimated": null, "time": "bmo", "revenue": null, "revenueEstimated": null, "fiscalDateEnding": "2019-04-26", "updatedFromDate": "2023-05-17"}, {"date": "2019-07-26", "symbol": "UKW.L", "eps": null, "epsEstimated": null, "time": "bmo", "revenue": null, "revenueEstimated": null, "fiscalDateEnding": "2019-06-30", "updatedFromDate": "2023-05-17"}, {"date": "2019-07-26", "symbol": "8283.T", "eps": 164.26, "epsEstimated": null, "time": "bmo", "revenue": 248019000000, "revenueEstimated": null, "fiscalDateEnding": "2019-04-26", "updatedFromDate": "2023-10-17"}, {"date": "2019-07-26", "symbol": "ENLV", "eps": -0.14, "epsEstimated": null, "time": "bmo", "revenue": null, "revenueEstimated": null, "fiscalDateEnding": "2019-06-30", "updatedFromDate": "2023-09-29"}, {"date": "2019-07-26", "symbol": "6454.T", "eps": 23.13, "epsEstimated": null, "time": "bmo", "revenue": 17297000000, "revenueEstimated": null, "fiscalDateEnding": "2019-04-26", "updatedFromDate": "2023-10-17"}, {"date": "2019-07-26", "symbol": "8052.T", "eps": 136.88, "epsEstimated": null, "time": "bmo", "revenue": 25320000000, "revenueEstimated": null, "fiscalDateEnding": "2019-04-26", "updatedFromDate": "2023-10-17"}, {"date": "2019-07-26", "symbol": "8877.T", "eps": 114.93, "epsEstimated": null, "time": "bmo", "revenue": 19497147000, "revenueEstimated": null, "fiscalDateEnding": "2019-04-26", "updatedFromDate": "2023-10-17"}, {"date": "2019-07-26", "symbol": "2139.T", "eps": 2.49, "epsEstimated": null, "time": "bmo", "revenue": 1770355000, "revenueEstimated": null, "fiscalDateEnding": "2019-04-26", "updatedFromDate": "2023-10-17"}, {"date": "2019-07-26", "symbol": "PSXP", "eps": 1.15, "epsEstimated": 1.02, "time": "bmo", "revenue": 270000000, "revenueEstimated": 234156521.73913047, "fiscalDateEnding": "2019-04-26", "updatedFromDate": "2023-05-17"}, {"date": "2019-07-26", "symbol": "ZV.MI", "eps": null, "epsEstimated": null, "time": "bmo", "revenue": null, "revenueEstimated": null, "fiscalDateEnding": "2019-06-30", "updatedFromDate": "2023-05-17"}, {"date": "2019-07-26", "symbol": "004430.KS", "eps": 218.47, "epsEstimated": 746.64, "time": "bmo", "revenue": 208388000000, "revenueEstimated": null, "fiscalDateEnding": "2019-04-26", "updatedFromDate": "2023-05-17"}, {"date": "2019-07-26", "symbol": "6436.T", "eps": 45.72, "epsEstimated": null, "time": "bmo", "revenue": 37494000000, "revenueEstimated": null, "fiscalDateEnding": "2019-04-26", "updatedFromDate": "2023-10-17"}, {"date": "2019-07-26", "symbol": "8035.T", "eps": 195.68, "epsEstimated": 232.76, "time": "bmo", "revenue": 323390000000, "revenueEstimated": null, "fiscalDateEnding": "2019-04-26", "updatedFromDate": "2023-10-17"}, {"date": "2019-07-26", "symbol": "SCA-B.ST", "eps": 1, "epsEstimated": 1.18, "time": "bmo", "revenue": 5228000000, "revenueEstimated": null, "fiscalDateEnding": "2019-06-29", "updatedFromDate": "2023-05-17"}, {"date": "2019-07-26", "symbol": "7839.T", "eps": 36.39, "epsEstimated": null, "time": "bmo", "revenue": 5409063000, "revenueEstimated": null, "fiscalDateEnding": "2019-06-29", "updatedFromDate": "2023-05-17"}, {"date": "2019-07-26", "symbol": "ALGBE.PA", "eps": null, "epsEstimated": null, "time": "bmo", "revenue": null, "revenueEstimated": null, "fiscalDateEnding": "2019-04-26", "updatedFromDate": "2023-10-16"}, {"date": "2019-07-26", "symbol": "MOG.B", "eps": 1.35, "epsEstimated": null, "time": "bmo", "revenue": null, "revenueEstimated": null, "fiscalDateEnding": "2019-06-30", "updatedFromDate": "2023-09-29"}, {"date": "2019-07-26", "symbol": "POWR.JK", "eps": 0.00174, "epsEstimated": null, "time": "bmo", "revenue": 143053487, "revenueEstimated": null, "fiscalDateEnding": "2019-06-29", "updatedFromDate": "2023-05-17"}, {"date": "2019-07-26", "symbol": "ACX.MC", "eps": 0.14, "epsEstimated": 0.14, "time": "bmo", "revenue": 1239543000, "revenueEstimated": null, "fiscalDateEnding": "2019-06-29", "updatedFromDate": "2023-08-16"}, {"date": "2019-07-26", "symbol": "CHTR", "eps": 1.39, "epsEstimated": 1.85, "time": "bmo", "revenue": 11347000000, "revenueEstimated": 15102122302.158276, "fiscalDateEnding": "2019-06-29", "updatedFromDate": "2023-09-29"}, {"date": "2019-07-26", "symbol": "PION-B.ST", "eps": 0.05, "epsEstimated": 0.1, "time": "bmo", "revenue": 439300000, "revenueEstimated": null, "fiscalDateEnding": "2019-06-29", "updatedFromDate": "2023-08-16"}, {"date": "2019-07-26", "symbol": "7381.T", "eps": 123.57, "epsEstimated": null, "time": "bmo", "revenue": null, "revenueEstimated": null, "fiscalDateEnding": "2019-12-31", "updatedFromDate": "2023-05-17"}, {"date": "2019-07-26", "symbol": "033270.KS", "eps": 441, "epsEstimated": null, "time": "bmo", "revenue": 54496760420, "revenueEstimated": null, "fiscalDateEnding": "2019-06-30", "updatedFromDate": "2023-05-17"}, {"date": "2019-07-26", "symbol": "063160.KS", "eps": 617.86, "epsEstimated": null, "time": "bmo", "revenue": 34948587090, "revenueEstimated": null, "fiscalDateEnding": "2019-04-26", "updatedFromDate": "2023-05-17"}, {"date": "2019-07-26", "symbol": "005090.KS", "eps": 962.4, "epsEstimated": null, "time": "bmo", "revenue": 108720548100, "revenueEstimated": null, "fiscalDateEnding": "2019-06-29", "updatedFromDate": "2023-08-16"}, {"date": "2019-07-26", "symbol": "9503.T", "eps": 51.03, "epsEstimated": 33.31, "time": "bmo", "revenue": 822951000000, "revenueEstimated": null, "fiscalDateEnding": "2019-04-26", "updatedFromDate": "2023-10-17"}, {"date": "2019-07-26", "symbol": "SEGSF", "eps": null, "epsEstimated": null, "time": "bmo", "revenue": null, "revenueEstimated": null, "fiscalDateEnding": "2019-12-31", "updatedFromDate": "2023-05-17"}, {"date": "2019-07-26", "symbol": "2715.T", "eps": 17.61, "epsEstimated": null, "time": "bmo", "revenue": 41232000000, "revenueEstimated": null, "fiscalDateEnding": "2019-04-26", "updatedFromDate": "2023-10-17"}, {"date": "2019-07-26", "symbol": "8424.T", "eps": 212.32, "epsEstimated": null, "time": "bmo", "revenue": 182803000000, "revenueEstimated": null, "fiscalDateEnding": "2019-04-26", "updatedFromDate": "2023-10-17"}, {"date": "2019-07-26", "symbol": "TTKOM.IS", "eps": 0.12, "epsEstimated": 0.13, "time": "bmo", "revenue": 5759723000, "revenueEstimated": null, "fiscalDateEnding": "2019-06-29", "updatedFromDate": "2023-08-16"}, {"date": "2019-07-26", "symbol": "3023.TW", "eps": 2.2, "epsEstimated": 1.92, "time": "bmo", "revenue": 4830758000, "revenueEstimated": null, "fiscalDateEnding": "2019-06-29", "updatedFromDate": "2023-05-17"}, {"date": "2019-07-26", "symbol": "MUEL", "eps": 2.48, "epsEstimated": null, "time": "amc", "revenue": null, "revenueEstimated": null, "fiscalDateEnding": "2019-04-26", "updatedFromDate": "2023-09-29"}, {"date": "2019-07-26", "symbol": "COLFF", "eps": null, "epsEstimated": null, "time": "bmo", "revenue": null, "revenueEstimated": null, "fiscalDateEnding": "2019-06-30", "updatedFromDate": "2023-05-17"}, {"date": "2019-07-26", "symbol": "E", "eps": 0.36, "epsEstimated": 0.65, "time": "bmo", "revenue": 18440000000, "revenueEstimated": null, "fiscalDateEnding": "2019-06-30", "updatedFromDate": "2023-09-29"}, {"date": "2019-07-26", "symbol": "PIPR", "eps": 1.32, "epsEstimated": 1.05, "time": "bmo", "revenue": 164676000, "revenueEstimated": 286837727.27272725, "fiscalDateEnding": "2019-06-29", "updatedFromDate": "2023-09-29"}, {"date": "2019-07-26", "symbol": "SZKBF", "eps": 14.5, "epsEstimated": 19.48, "time": "bmo", "revenue": null, "revenueEstimated": null, "fiscalDateEnding": "2019-06-30", "updatedFromDate": "2023-05-17"}, {"date": "2019-07-26", "symbol": "3529.T", "eps": -61.50967, "epsEstimated": null, "time": "bmo", "revenue": 4121000000, "revenueEstimated": null, "fiscalDateEnding": "2019-04-26", "updatedFromDate": "2023-10-17"}, {"date": "2019-07-26", "symbol": "WN.TO", "eps": 1.7, "epsEstimated": 1.58, "time": "bmo", "revenue": 11603000000, "revenueEstimated": null, "fiscalDateEnding": "2019-06-29", "updatedFromDate": "2023-05-17"}, {"date": "2019-07-26", "symbol": "ALRCF", "eps": null, "epsEstimated": null, "time": "bmo", "revenue": null, "revenueEstimated": null, "fiscalDateEnding": "2019-06-30", "updatedFromDate": "2023-05-17"}, {"date": "2019-07-26", "symbol": "MCD", "eps": 2.05, "epsEstimated": 2.05, "time": "bmo", "revenue": 5341300000, "revenueEstimated": 5341300000, "fiscalDateEnding": "2019-06-29", "updatedFromDate": "2023-09-29"}, {"date": "2019-07-26", "symbol": "FOXT.L", "eps": null, "epsEstimated": null, "time": "bmo", "revenue": null, "revenueEstimated": null, "fiscalDateEnding": "2019-04-26", "updatedFromDate": "2023-05-17"}, {"date": "2019-07-26", "symbol": "FMNB", "eps": 0.31, "epsEstimated": 0.31, "time": "bmo", "revenue": 27485000, "revenueEstimated": 27620000, "fiscalDateEnding": "2019-06-29", "updatedFromDate": "2023-09-29"}, {"date": "2019-07-26", "symbol": "U06.SI", "eps": 0.037, "epsEstimated": null, "time": "bmo", "revenue": 194370000, "revenueEstimated": null, "fiscalDateEnding": "2019-04-26", "updatedFromDate": "2023-05-17"}, {"date": "2019-07-26", "symbol": "VITOF", "eps": null, "epsEstimated": null, "time": "bmo", "revenue": null, "revenueEstimated": null, "fiscalDateEnding": "2019-06-30", "updatedFromDate": "2023-05-17"}, {"date": "2019-07-26", "symbol": "CWBC", "eps": 0.18, "epsEstimated": null, "time": "bmo", "revenue": 9190000, "revenueEstimated": null, "fiscalDateEnding": "2019-06-29", "updatedFromDate": "2023-09-29"}, {"date": "2019-07-26", "symbol": "TWTR", "eps": 1.58, "epsEstimated": 0.19, "time": "bmo", "revenue": 841381000, "revenueEstimated": 101178727.84810124, "fiscalDateEnding": "2019-06-29", "updatedFromDate": "2023-08-16"}, {"date": "2019-07-26", "symbol": "VGCX.TO", "eps": -0.01, "epsEstimated": null, "time": "bmo", "revenue": null, "revenueEstimated": null, "fiscalDateEnding": "2019-05-31", "updatedFromDate": "2023-10-16"}, {"date": "2019-07-26", "symbol": "FRLOF", "eps": 0.01, "epsEstimated": 0.02, "time": "bmo", "revenue": null, "revenueEstimated": null, "fiscalDateEnding": "2019-09-30", "updatedFromDate": "2023-05-17"}, {"date": "2019-07-26", "symbol": "PFS", "eps": 0.38, "epsEstimated": 0.47, "time": "bmo", "revenue": 92389000, "revenueEstimated": 114270605.26315787, "fiscalDateEnding": "2019-06-29", "updatedFromDate": "2023-09-29"}, {"date": "2019-07-26", "symbol": "4290.T", "eps": 4.97, "epsEstimated": null, "time": "bmo", "revenue": 10672108000, "revenueEstimated": null, "fiscalDateEnding": "2019-04-26", "updatedFromDate": "2023-10-17"}, {"date": "2019-07-26", "symbol": "SMLR", "eps": 0.32, "epsEstimated": 0.22, "time": "bmo", "revenue": 7953000, "revenueEstimated": 5467687.5, "fiscalDateEnding": "2019-06-29", "updatedFromDate": "2023-09-29"}, {"date": "2019-07-26", "symbol": "ARCLK.IS", "eps": 0.32, "epsEstimated": null, "time": "bmo", "revenue": 8427600000, "revenueEstimated": null, "fiscalDateEnding": "2019-06-30", "updatedFromDate": "2023-08-17"}, {"date": "2019-07-26", "symbol": "DREIT.BK", "eps": 0.0001, "epsEstimated": null, "time": "bmo", "revenue": 11219000, "revenueEstimated": null, "fiscalDateEnding": "2019-06-30", "updatedFromDate": "2023-05-17"}, {"date": "2019-07-26", "symbol": "LOAN", "eps": 0.11, "epsEstimated": 0.12, "time": "bmo", "revenue": 1394234, "revenueEstimated": 1941130.909090909, "fiscalDateEnding": "2019-06-29", "updatedFromDate": "2023-09-29"}, {"date": "2019-07-26", "symbol": "086790.KS", "eps": 2146, "epsEstimated": 2162.88, "time": "bmo", "revenue": 2197998000000, "revenueEstimated": null, "fiscalDateEnding": "2019-06-29", "updatedFromDate": "2023-05-17"}, {"date": "2019-07-26", "symbol": "GHM", "eps": 0.1, "epsEstimated": 0.05, "time": "bmo", "revenue": 23082000, "revenueEstimated": 22652299.999999996, "fiscalDateEnding": "2019-04-26", "updatedFromDate": "2023-10-10"}, {"date": "2019-07-26", "symbol": "HMSP.JK", "eps": 30, "epsEstimated": 27.51, "time": "bmo", "revenue": 26914259000000, "revenueEstimated": null, "fiscalDateEnding": "2019-06-29", "updatedFromDate": "2023-08-16"}, {"date": "2019-07-26", "symbol": "USAU", "eps": -0.7, "epsEstimated": null, "time": "bmo", "revenue": 2021000, "revenueEstimated": null, "fiscalDateEnding": "2019-04-29", "updatedFromDate": "2023-09-29"}, {"date": "2019-07-26", "symbol": "FNWB", "eps": 0.21, "epsEstimated": null, "time": "bmo", "revenue": 11099000, "revenueEstimated": null, "fiscalDateEnding": "2019-06-29", "updatedFromDate": "2023-09-29"}, {"date": "2019-07-26", "symbol": "294870.KS", "eps": 3180.28, "epsEstimated": 2823.98, "time": "bmo", "revenue": 1449176619470, "revenueEstimated": null, "fiscalDateEnding": "2019-06-29", "updatedFromDate": "2023-08-16"}, {"date": "2019-07-26", "symbol": "PEX.V", "eps": null, "epsEstimated": null, "time": "bmo", "revenue": null, "revenueEstimated": null, "fiscalDateEnding": "2019-06-30", "updatedFromDate": "2023-05-17"}, {"date": "2019-07-26", "symbol": "CONSTI.HE", "eps": -0.04, "epsEstimated": 0.07, "time": "bmo", "revenue": 81225000, "revenueEstimated": null, "fiscalDateEnding": "2019-06-30", "updatedFromDate": "2023-05-17"}, {"date": "2019-07-26", "symbol": "4832.T", "eps": 66.42, "epsEstimated": null, "time": "bmo", "revenue": 13642638000, "revenueEstimated": null, "fiscalDateEnding": "2019-04-26", "updatedFromDate": "2023-10-17"}, {"date": "2019-07-26", "symbol": "2804.T", "eps": 12.35, "epsEstimated": null, "time": "bmo", "revenue": 4156547000, "revenueEstimated": null, "fiscalDateEnding": "2019-04-26", "updatedFromDate": "2023-10-17"}, {"date": "2019-07-26", "symbol": "UHT", "eps": 0.31, "epsEstimated": null, "time": "bmo", "revenue": 19326000, "revenueEstimated": null, "fiscalDateEnding": "2019-06-29", "updatedFromDate": "2023-09-29"}, {"date": "2019-07-26", "symbol": "ONZBF", "eps": 0.44, "epsEstimated": 0.49, "time": "bmo", "revenue": null, "revenueEstimated": null, "fiscalDateEnding": "2019-06-30", "updatedFromDate": "2023-05-17"}, {"date": "2019-07-26", "symbol": "SAL", "eps": 0.48, "epsEstimated": 0.42, "time": "bmo", "revenue": 10813000, "revenueEstimated": null, "fiscalDateEnding": "2019-06-29", "updatedFromDate": "2023-09-29"}, {"date": "2019-07-26", "symbol": "UPONOR.HE", "eps": 0.18, "epsEstimated": 0.21, "time": "bmo", "revenue": 292600000, "revenueEstimated": null, "fiscalDateEnding": "2019-06-29", "updatedFromDate": "2023-05-17"}, {"date": "2019-07-26", "symbol": "002887.SZ", "eps": 0.2129, "epsEstimated": null, "time": "bmo", "revenue": 247927544.84, "revenueEstimated": null, "fiscalDateEnding": "2019-06-29", "updatedFromDate": "2023-05-17"}, {"date": "2019-07-26", "symbol": "SPORTS.MX", "eps": 0.29, "epsEstimated": 0.27, "time": "bmo", "revenue": 498174000, "revenueEstimated": null, "fiscalDateEnding": "2019-06-30", "updatedFromDate": "2023-08-25"}, {"date": "2019-07-26", "symbol": "CGGYY", "eps": 0.02, "epsEstimated": null, "time": "bmo", "revenue": 335500000, "revenueEstimated": null, "fiscalDateEnding": "2019-06-30", "updatedFromDate": "2023-09-29"}, {"date": "2019-07-26", "symbol": "AMTB", "eps": 0.35, "epsEstimated": 0.31, "time": "bmo", "revenue": 67936000, "revenueEstimated": 60171885.71428572, "fiscalDateEnding": "2019-06-29", "updatedFromDate": "2023-09-29"}, {"date": "2019-07-26", "symbol": "298040.KS", "eps": 3648, "epsEstimated": 600, "time": "bmo", "revenue": 1063816005390, "revenueEstimated": null, "fiscalDateEnding": "2019-06-29", "updatedFromDate": "2023-08-16"}, {"date": "2019-07-26", "symbol": "NLMK.ME", "eps": 0.05703, "epsEstimated": null, "time": "bmo", "revenue": 2576000000, "revenueEstimated": null, "fiscalDateEnding": "2019-04-26", "updatedFromDate": "2023-08-16"}, {"date": "2019-07-26", "symbol": "000990.SZ", "eps": 0.06876, "epsEstimated": null, "time": "bmo", "revenue": 1387028940.54, "revenueEstimated": null, "fiscalDateEnding": "2019-06-29", "updatedFromDate": "2023-05-17"}, {"date": "2019-07-26", "symbol": "SCC.BK", "eps": 5.87, "epsEstimated": 7.83, "time": "bmo", "revenue": 109094688000, "revenueEstimated": null, "fiscalDateEnding": "2019-06-29", "updatedFromDate": "2023-08-16"}, {"date": "2019-07-26", "symbol": "WNGRF", "eps": 1.27, "epsEstimated": null, "time": "bmo", "revenue": 11603000000, "revenueEstimated": null, "fiscalDateEnding": "2019-06-30", "updatedFromDate": "2023-09-29"}, {"date": "2019-07-26", "symbol": "MONOY", "eps": 0.05, "epsEstimated": null, "time": "bmo", "revenue": 31905000000, "revenueEstimated": null, "fiscalDateEnding": "2019-06-30", "updatedFromDate": "2023-09-29"}, {"date": "2019-07-26", "symbol": "4762.T", "eps": 22.61, "epsEstimated": null, "time": "bmo", "revenue": 1234211000, "revenueEstimated": null, "fiscalDateEnding": "2019-04-26", "updatedFromDate": "2023-10-17"}, {"date": "2019-07-26", "symbol": "PEXZF", "eps": null, "epsEstimated": null, "time": "bmo", "revenue": null, "revenueEstimated": null, "fiscalDateEnding": "2019-06-30", "updatedFromDate": "2023-05-17"}, {"date": "2019-07-26", "symbol": "ARN.MI", "eps": null, "epsEstimated": null, "time": "bmo", "revenue": null, "revenueEstimated": null, "fiscalDateEnding": "2019-06-30", "updatedFromDate": "2023-05-17"}, {"date": "2019-07-26", "symbol": "ARLP", "eps": 0.44, "epsEstimated": 0.67, "time": "bmo", "revenue": 517054000, "revenueEstimated": 787332227.2727274, "fiscalDateEnding": "2019-06-29", "updatedFromDate": "2023-09-29"}, {"date": "2019-07-26", "symbol": "096770.KS", "eps": 1666, "epsEstimated": 3297.22, "time": "bmo", "revenue": 12372509309000, "revenueEstimated": null, "fiscalDateEnding": "2019-04-26", "updatedFromDate": "2023-05-17"}, {"date": "2019-07-26", "symbol": "8065.T", "eps": 43.16, "epsEstimated": null, "time": "bmo", "revenue": 54269000000, "revenueEstimated": null, "fiscalDateEnding": "2019-04-26", "updatedFromDate": "2023-10-17"}, {"date": "2019-07-26", "symbol": "CTRA", "eps": 0.36, "epsEstimated": 0.33, "time": "bmo", "revenue": 534117000, "revenueEstimated": 829444384, "fiscalDateEnding": "2019-06-29", "updatedFromDate": "2023-09-29"}, {"date": "2019-07-26", "symbol": "PTTEP.BK", "eps": 3.23, "epsEstimated": 2.92, "time": "bmo", "revenue": 47494586116, "revenueEstimated": null, "fiscalDateEnding": "2019-06-30", "updatedFromDate": "2023-05-17"}, {"date": "2019-07-26", "symbol": "BSAC", "eps": 0.54, "epsEstimated": 0.46, "time": "bmo", "revenue": 489976000000, "revenueEstimated": 473199999999, "fiscalDateEnding": "2019-06-30", "updatedFromDate": "2023-09-29"}, {"date": "2019-07-26", "symbol": "NWST.V", "eps": -0.00405, "epsEstimated": null, "time": "bmo", "revenue": null, "revenueEstimated": null, "fiscalDateEnding": "2019-04-26", "updatedFromDate": "2023-10-16"}, {"date": "2019-07-26", "symbol": "2208.T", "eps": null, "epsEstimated": null, "time": "bmo", "revenue": null, "revenueEstimated": null, "fiscalDateEnding": "2019-12-31", "updatedFromDate": "2023-05-17"}, {"date": "2019-07-26", "symbol": "MRM.PA", "eps": null, "epsEstimated": null, "time": "bmo", "revenue": null, "revenueEstimated": null, "fiscalDateEnding": "2019-04-26", "updatedFromDate": "2023-05-17"}, {"date": "2019-07-26", "symbol": "YNDX", "eps": 0.27, "epsEstimated": 0.37, "time": "bmo", "revenue": 41397000000, "revenueEstimated": 53847046578.493385, "fiscalDateEnding": "2019-06-29", "updatedFromDate": "2023-09-29"}, {"date": "2019-07-26", "symbol": "0778.HK", "eps": null, "epsEstimated": null, "time": "bmo", "revenue": null, "revenueEstimated": null, "fiscalDateEnding": "2019-04-26", "updatedFromDate": "2023-05-17"}, {"date": "2019-07-26", "symbol": "GBFBF", "eps": null, "epsEstimated": null, "time": "bmo", "revenue": null, "revenueEstimated": null, "fiscalDateEnding": "2019-06-30", "updatedFromDate": "2023-05-17"}, {"date": "2019-07-26", "symbol": "ALUCI.PA", "eps": null, "epsEstimated": null, "time": "bmo", "revenue": null, "revenueEstimated": null, "fiscalDateEnding": "2019-04-26", "updatedFromDate": "2023-05-17"}, {"date": "2019-07-26", "symbol": "6345.T", "eps": 15.34, "epsEstimated": null, "time": "bmo", "revenue": 17786254000, "revenueEstimated": null, "fiscalDateEnding": "2019-04-26", "updatedFromDate": "2023-10-17"}, {"date": "2019-07-26", "symbol": "ZBH", "eps": 1.93, "epsEstimated": 1.92, "time": "bmo", "revenue": 1988600000, "revenueEstimated": 1967992746.1139896, "fiscalDateEnding": "2019-06-29", "updatedFromDate": "2023-09-29"}, {"date": "2019-07-26", "symbol": "AXR", "eps": 0.04135, "epsEstimated": null, "time": "bmo", "revenue": 5287000, "revenueEstimated": null, "fiscalDateEnding": "2019-04-26", "updatedFromDate": "2023-10-10"}, {"date": "2019-07-26", "symbol": "3911.T", "eps": -8.22444, "epsEstimated": null, "time": "bmo", "revenue": 1288561000, "revenueEstimated": null, "fiscalDateEnding": "2019-04-26", "updatedFromDate": "2023-05-17"}, {"date": "2019-07-26", "symbol": "002176.SZ", "eps": 0.03204, "epsEstimated": null, "time": "bmo", "revenue": 764142827.9, "revenueEstimated": null, "fiscalDateEnding": "2019-06-29", "updatedFromDate": "2023-05-17"}, {"date": "2019-07-26", "symbol": "EBRO.MC", "eps": 0.24, "epsEstimated": null, "time": "bmo", "revenue": 703324500, "revenueEstimated": null, "fiscalDateEnding": "2019-04-26", "updatedFromDate": "2023-05-17"}, {"date": "2019-07-26", "symbol": "NEMTF", "eps": 0.19, "epsEstimated": 0.2, "time": "bmo", "revenue": null, "revenueEstimated": null, "fiscalDateEnding": "2019-06-30", "updatedFromDate": "2023-05-17"}, {"date": "2019-07-26", "symbol": "6703.T", "eps": -4.26, "epsEstimated": 6.91, "time": "bmo", "revenue": 129365000000, "revenueEstimated": null, "fiscalDateEnding": "2019-04-26", "updatedFromDate": "2023-10-16"}, {"date": "2019-07-26", "symbol": "HEXA-B.ST", "eps": 0.07, "epsEstimated": 0.07, "time": "bmo", "revenue": 976000000, "revenueEstimated": null, "fiscalDateEnding": "2019-06-29", "updatedFromDate": "2023-05-17"}, {"date": "2019-07-26", "symbol": "8772.T", "eps": 21.16, "epsEstimated": null, "time": "bmo", "revenue": 1504479000, "revenueEstimated": null, "fiscalDateEnding": "2019-04-26", "updatedFromDate": "2023-10-17"}, {"date": "2019-07-26", "symbol": "COG", "eps": 0.36, "epsEstimated": 0.34, "time": "bmo", "revenue": 534117000, "revenueEstimated": 504443833.3333334, "fiscalDateEnding": "2019-06-29", "updatedFromDate": "2023-05-17"}, {"date": "2019-07-26", "symbol": "MCOV-B.ST", "eps": 0.05, "epsEstimated": 0.04255, "time": "bmo", "revenue": 202900000, "revenueEstimated": null, "fiscalDateEnding": "2019-06-29", "updatedFromDate": "2023-08-16"}, {"date": "2019-07-26", "symbol": "SPIE.PA", "eps": null, "epsEstimated": null, "time": "bmo", "revenue": null, "revenueEstimated": null, "fiscalDateEnding": "2019-04-26", "updatedFromDate": "2023-05-17"}, {"date": "2019-07-26", "symbol": "ACCON.ST", "eps": -0.92, "epsEstimated": -0.81, "time": "bmo", "revenue": 1436000, "revenueEstimated": null, "fiscalDateEnding": "2019-06-30", "updatedFromDate": "2023-08-17"}, {"date": "2019-07-26", "symbol": "HMTLF", "eps": 7.58, "epsEstimated": 11.46, "time": "bmo", "revenue": null, "revenueEstimated": null, "fiscalDateEnding": "2019-12-31", "updatedFromDate": "2023-05-17"}, {"date": "2019-07-26", "symbol": "6371.T", "eps": 84.58, "epsEstimated": null, "time": "bmo", "revenue": 57284000000, "revenueEstimated": null, "fiscalDateEnding": "2019-04-26", "updatedFromDate": "2023-10-17"}, {"date": "2019-07-26", "symbol": "ESKTF", "eps": 0.1, "epsEstimated": 0.09, "time": "bmo", "revenue": null, "revenueEstimated": null, "fiscalDateEnding": "2019-06-30", "updatedFromDate": "2023-05-17"}, {"date": "2019-07-26", "symbol": "3771.T", "eps": 51.86, "epsEstimated": null, "time": "bmo", "revenue": 4456137000, "revenueEstimated": null, "fiscalDateEnding": "2019-04-26", "updatedFromDate": "2023-10-17"}, {"date": "2019-07-26", "symbol": "6861.T", "eps": 191.55, "epsEstimated": 245.85, "time": "bmo", "revenue": 140449000000, "revenueEstimated": null, "fiscalDateEnding": "2019-04-26", "updatedFromDate": "2023-10-16"}, {"date": "2019-07-26", "symbol": "BCML", "eps": 0.47, "epsEstimated": 0.53, "time": "bmo", "revenue": 18558000, "revenueEstimated": 39899700, "fiscalDateEnding": "2019-06-29", "updatedFromDate": "2023-09-29"}, {"date": "2019-07-26", "symbol": "9986.T", "eps": 34.1, "epsEstimated": null, "time": "bmo", "revenue": 1881325000, "revenueEstimated": null, "fiscalDateEnding": "2019-04-26", "updatedFromDate": "2023-10-17"}, {"date": "2019-07-26", "symbol": "BUOU.SI", "eps": 0.01, "epsEstimated": 0.02, "time": "bmo", "revenue": 56823149.508362, "revenueEstimated": null, "fiscalDateEnding": "2019-06-30", "updatedFromDate": "2023-05-17"}, {"date": "2019-07-26", "symbol": "PSSWF", "eps": 0.15, "epsEstimated": 0.17, "time": "bmo", "revenue": null, "revenueEstimated": null, "fiscalDateEnding": "2019-06-30", "updatedFromDate": "2023-05-17"}, {"date": "2019-07-26", "symbol": "300692.SZ", "eps": null, "epsEstimated": null, "time": "bmo", "revenue": null, "revenueEstimated": null, "fiscalDateEnding": "2019-06-30", "updatedFromDate": "2023-05-17"}, {"date": "2019-07-26", "symbol": "8388.T", "eps": 72.46, "epsEstimated": null, "time": "bmo", "revenue": 15208000000, "revenueEstimated": null, "fiscalDateEnding": "2019-04-26", "updatedFromDate": "2023-10-17"}, {"date": "2019-07-26", "symbol": "RSTI.ME", "eps": 0.103, "epsEstimated": null, "time": "bmo", "revenue": 234526000000, "revenueEstimated": null, "fiscalDateEnding": "2019-06-29", "updatedFromDate": "2023-05-17"}, {"date": "2019-07-26", "symbol": "603179.SS", "eps": 0.1231, "epsEstimated": null, "time": "bmo", "revenue": 696547126.42, "revenueEstimated": null, "fiscalDateEnding": "2019-04-26", "updatedFromDate": "2023-05-17"}, {"date": "2019-07-26", "symbol": "8160.T", "eps": 3.99, "epsEstimated": null, "time": "bmo", "revenue": 10998000000, "revenueEstimated": null, "fiscalDateEnding": "2019-04-26", "updatedFromDate": "2023-10-17"}, {"date": "2019-07-26", "symbol": "OPY", "eps": 0.89, "epsEstimated": null, "time": "bmo", "revenue": 250935000, "revenueEstimated": null, "fiscalDateEnding": "2019-06-29", "updatedFromDate": "2023-09-29"}, {"date": "2019-07-26", "symbol": "300059.SZ", "eps": 0.05, "epsEstimated": 0.05, "time": "bmo", "revenue": 552352247.12, "revenueEstimated": null, "fiscalDateEnding": "2019-06-29", "updatedFromDate": "2023-05-17"}, {"date": "2019-07-26", "symbol": "VRTS", "eps": 3.63, "epsEstimated": 3.49, "time": "bmo", "revenue": 140262000, "revenueEstimated": 135070691.4600551, "fiscalDateEnding": "2019-06-29", "updatedFromDate": "2023-09-29"}, {"date": "2019-07-26", "symbol": "ALSEA.MX", "eps": 0.21, "epsEstimated": 0.28, "time": "bmo", "revenue": 14580537000, "revenueEstimated": null, "fiscalDateEnding": "2019-06-29", "updatedFromDate": "2023-05-17"}, {"date": "2019-07-26", "symbol": "ABG", "eps": 2.38, "epsEstimated": 2.26, "time": "bmo", "revenue": 1803500000, "revenueEstimated": 1712567226.8907561, "fiscalDateEnding": "2019-06-29", "updatedFromDate": "2023-09-29"}, {"date": "2019-07-26", "symbol": "MRKV.ME", "eps": null, "epsEstimated": null, "time": "bmo", "revenue": null, "revenueEstimated": null, "fiscalDateEnding": "2019-04-26", "updatedFromDate": "2023-05-17"}, {"date": "2019-07-26", "symbol": "6200.T", "eps": 11.82, "epsEstimated": null, "time": "bmo", "revenue": 1430845000, "revenueEstimated": null, "fiscalDateEnding": "2019-06-29", "updatedFromDate": "2023-08-16"}, {"date": "2019-07-26", "symbol": "8944.T", "eps": 5.23, "epsEstimated": null, "time": "bmo", "revenue": 1142120000, "revenueEstimated": null, "fiscalDateEnding": "2019-06-29", "updatedFromDate": "2023-05-17"}, {"date": "2019-07-26", "symbol": "PYYIF", "eps": 3, "epsEstimated": null, "time": "bmo", "revenue": null, "revenueEstimated": null, "fiscalDateEnding": "2019-06-30", "updatedFromDate": "2023-05-17"}, {"date": "2019-07-26", "symbol": "SAB.MC", "eps": 0.05, "epsEstimated": 0.02041, "time": "bmo", "revenue": 1110000000, "revenueEstimated": null, "fiscalDateEnding": "2019-06-29", "updatedFromDate": "2023-08-16"}, {"date": "2019-07-26", "symbol": "003570.KS", "eps": 147.69, "epsEstimated": null, "time": "bmo", "revenue": 105279137620, "revenueEstimated": null, "fiscalDateEnding": "2019-06-29", "updatedFromDate": "2023-05-17"}, {"date": "2019-07-26", "symbol": "3064.T", "eps": 5.66, "epsEstimated": 5.66, "time": "bmo", "revenue": 31905000000, "revenueEstimated": null, "fiscalDateEnding": "2019-06-29", "updatedFromDate": "2023-05-17"}, {"date": "2019-07-26", "symbol": "AAF.L", "eps": 0.02461, "epsEstimated": null, "time": "bmo", "revenue": 3077000000, "revenueEstimated": null, "fiscalDateEnding": "2019-04-26", "updatedFromDate": "2023-10-17"}, {"date": "2019-07-26", "symbol": "029780.KS", "eps": 671, "epsEstimated": 641.83, "time": "bmo", "revenue": 618009045630, "revenueEstimated": null, "fiscalDateEnding": "2019-06-29", "updatedFromDate": "2023-08-16"}, {"date": "2019-07-26", "symbol": "001630.KS", "eps": 762.34, "epsEstimated": null, "time": "bmo", "revenue": 180524510950, "revenueEstimated": null, "fiscalDateEnding": "2019-06-29", "updatedFromDate": "2023-05-17"}, {"date": "2019-07-26", "symbol": "011210.KS", "eps": 244, "epsEstimated": 547.59, "time": "bmo", "revenue": 1891978000000, "revenueEstimated": null, "fiscalDateEnding": "2019-06-29", "updatedFromDate": "2023-08-16"}, {"date": "2019-07-26", "symbol": "GT", "eps": 0.25, "epsEstimated": 0.34, "time": "bmo", "revenue": 3632000000, "revenueEstimated": 4939520000, "fiscalDateEnding": "2019-06-29", "updatedFromDate": "2023-09-29"}, {"date": "2019-07-26", "symbol": "BFIN.JK", "eps": 23.61, "epsEstimated": null, "time": "bmo", "revenue": 1231089000000, "revenueEstimated": null, "fiscalDateEnding": "2019-06-29", "updatedFromDate": "2023-05-17"}, {"date": "2019-07-26", "symbol": "EIPAF", "eps": 0.16, "epsEstimated": 0.26, "time": "bmo", "revenue": null, "revenueEstimated": null, "fiscalDateEnding": "2019-06-30", "updatedFromDate": "2023-05-17"}, {"date": "2019-07-26", "symbol": "9761.T", "eps": null, "epsEstimated": null, "time": "bmo", "revenue": null, "revenueEstimated": null, "fiscalDateEnding": "2019-12-31", "updatedFromDate": "2023-05-17"}, {"date": "2019-07-26", "symbol": "NWCCF", "eps": null, "epsEstimated": null, "time": "amc", "revenue": null, "revenueEstimated": null, "fiscalDateEnding": "2019-06-30", "updatedFromDate": "2023-05-17"}, {"date": "2019-07-26", "symbol": "WSTTF", "eps": null, "epsEstimated": null, "time": "bmo", "revenue": null, "revenueEstimated": null, "fiscalDateEnding": "2019-06-30", "updatedFromDate": "2023-05-17"}, {"date": "2019-07-26", "symbol": "PSX", "eps": 3.02, "epsEstimated": 2.74, "time": "bmo", "revenue": 27847000000, "revenueEstimated": 25249735099.33775, "fiscalDateEnding": "2019-06-29", "updatedFromDate": "2023-09-29"}, {"date": "2019-07-26", "symbol": "MRKS.ME", "eps": -0.00023, "epsEstimated": null, "time": "bmo", "revenue": 12554096000, "revenueEstimated": null, "fiscalDateEnding": "2019-04-26", "updatedFromDate": "2023-05-17"}, {"date": "2019-07-26", "symbol": "CBBI", "eps": 0.33, "epsEstimated": null, "time": "bmo", "revenue": 14425000, "revenueEstimated": null, "fiscalDateEnding": "2019-06-30", "updatedFromDate": "2023-09-29"}, {"date": "2019-07-26", "symbol": "AVX", "eps": 0.32, "epsEstimated": 0.33, "time": "bmo", "revenue": 401769000, "revenueEstimated": 414324281.25, "fiscalDateEnding": "2019-06-29", "updatedFromDate": "2023-05-17"}, {"date": "2019-07-26", "symbol": "USIM5.SA", "eps": 0.1, "epsEstimated": 0.13, "time": "bmo", "revenue": 3694049000, "revenueEstimated": null, "fiscalDateEnding": "2019-06-29", "updatedFromDate": "2023-05-17"}, {"date": "2019-07-26", "symbol": "DANHOS13.MX", "eps": 0.54, "epsEstimated": 0.64, "time": "bmo", "revenue": null, "revenueEstimated": null, "fiscalDateEnding": "2019-06-30", "updatedFromDate": "2023-08-16"}, {"date": "2019-07-26", "symbol": "SGRNF", "eps": null, "epsEstimated": null, "time": "bmo", "revenue": null, "revenueEstimated": null, "fiscalDateEnding": "2019-06-30", "updatedFromDate": "2023-05-17"}, {"date": "2019-07-26", "symbol": "VEDL", "eps": 14.52, "epsEstimated": null, "time": "bmo", "revenue": 211670000000, "revenueEstimated": null, "fiscalDateEnding": "2019-06-29", "updatedFromDate": "2023-05-17"}, {"date": "2019-07-26", "symbol": "8364.T", "eps": 116.54, "epsEstimated": null, "time": "bmo", "revenue": 5382000000, "revenueEstimated": null, "fiscalDateEnding": "2019-04-26", "updatedFromDate": "2023-10-17"}, {"date": "2019-07-26", "symbol": "MOG.A", "eps": 1.35, "epsEstimated": 1.31, "time": "bmo", "revenue": null, "revenueEstimated": null, "fiscalDateEnding": "2019-06-30", "updatedFromDate": "2023-09-29"}, {"date": "2019-07-26", "symbol": "WT", "eps": 0.05, "epsEstimated": 0.06, "time": "bmo", "revenue": 66293000, "revenueEstimated": null, "fiscalDateEnding": "2019-06-30", "updatedFromDate": "2023-09-29"}, {"date": "2019-07-26", "symbol": "COVH.PA", "eps": null, "epsEstimated": null, "time": "bmo", "revenue": null, "revenueEstimated": null, "fiscalDateEnding": "2019-04-26", "updatedFromDate": "2023-05-17"}, {"date": "2019-07-26", "symbol": "9932.T", "eps": 36.69, "epsEstimated": null, "time": "bmo", "revenue": 10573741000, "revenueEstimated": null, "fiscalDateEnding": "2019-04-26", "updatedFromDate": "2023-10-17"}, {"date": "2019-07-26", "symbol": "8698.T", "eps": 3.2, "epsEstimated": null, "time": "bmo", "revenue": 14679000000, "revenueEstimated": null, "fiscalDateEnding": "2019-04-26", "updatedFromDate": "2023-10-17"}, {"date": "2019-07-26", "symbol": "185750.KS", "eps": 1113.83, "epsEstimated": 1012.54, "time": "bmo", "revenue": 266560648140, "revenueEstimated": null, "fiscalDateEnding": "2019-06-29", "updatedFromDate": "2023-05-17"}, {"date": "2019-07-26", "symbol": "PINFRA.MX", "eps": 3, "epsEstimated": 3.13, "time": "bmo", "revenue": null, "revenueEstimated": null, "fiscalDateEnding": "2019-06-30", "updatedFromDate": "2023-05-17"}, {"date": "2019-07-26", "symbol": "002421.SZ", "eps": 0.0186, "epsEstimated": null, "time": "bmo", "revenue": 642992530.3, "revenueEstimated": null, "fiscalDateEnding": "2019-09-29", "updatedFromDate": "2023-05-17"}, {"date": "2019-07-26", "symbol": "PGC", "eps": 0.59, "epsEstimated": 0.59, "time": "bmo", "revenue": 42294000, "revenueEstimated": 42294000, "fiscalDateEnding": "2019-06-29", "updatedFromDate": "2023-09-29"}, {"date": "2019-07-26", "symbol": "LIGHT.AS", "eps": 0.63, "epsEstimated": 0.54, "time": "bmo", "revenue": 1477000000, "revenueEstimated": null, "fiscalDateEnding": "2019-06-30", "updatedFromDate": "2023-05-17"}, {"date": "2019-07-26", "symbol": "7821.T", "eps": 29.79, "epsEstimated": null, "time": "bmo", "revenue": 9684582000, "revenueEstimated": null, "fiscalDateEnding": "2019-04-26", "updatedFromDate": "2023-10-16"}, {"date": "2019-07-26", "symbol": "6161.T", "eps": null, "epsEstimated": null, "time": "bmo", "revenue": null, "revenueEstimated": null, "fiscalDateEnding": "2019-12-31", "updatedFromDate": "2023-05-17"}, {"date": "2019-07-26", "symbol": "SECARE.ST", "eps": 0.09, "epsEstimated": 0.09, "time": "bmo", "revenue": 30462000, "revenueEstimated": null, "fiscalDateEnding": "2019-06-29", "updatedFromDate": "2023-05-17"}, {"date": "2019-07-26", "symbol": "082740.KS", "eps": -245, "epsEstimated": null, "time": "bmo", "revenue": 171827431580, "revenueEstimated": null, "fiscalDateEnding": "2019-06-30", "updatedFromDate": "2023-08-17"}, {"date": "2019-07-26", "symbol": "B", "eps": 0.75, "epsEstimated": 0.78, "time": "bmo", "revenue": 371669000, "revenueEstimated": 386535760, "fiscalDateEnding": "2019-06-29", "updatedFromDate": "2023-09-29"}, {"date": "2019-07-26", "symbol": "ESXB", "eps": 0.16, "epsEstimated": 0.16, "time": "bmo", "revenue": 13451000, "revenueEstimated": 13451000, "fiscalDateEnding": "2019-06-29", "updatedFromDate": "2023-05-17"}, {"date": "2019-07-26", "symbol": "006360.KS", "eps": 1672, "epsEstimated": 1811.87, "time": "bmo", "revenue": 2574967605040, "revenueEstimated": null, "fiscalDateEnding": "2019-06-29", "updatedFromDate": "2023-05-17"}, {"date": "2019-07-26", "symbol": "VALU", "eps": 0.24, "epsEstimated": null, "time": "bmo", "revenue": 9183000, "revenueEstimated": null, "fiscalDateEnding": "2019-04-29", "updatedFromDate": "2023-09-29"}, {"date": "2019-07-26", "symbol": "ALSSF", "eps": 0.21, "epsEstimated": 0.28, "time": "bmo", "revenue": null, "revenueEstimated": 745866666.6666667, "fiscalDateEnding": "2019-06-30", "updatedFromDate": "2023-05-17"}, {"date": "2019-07-26", "symbol": "CSRFF", "eps": null, "epsEstimated": null, "time": "bmo", "revenue": null, "revenueEstimated": null, "fiscalDateEnding": "2019-06-30", "updatedFromDate": "2023-05-17"}, {"date": "2019-07-26", "symbol": "CCB", "eps": 0.27, "epsEstimated": 0.25, "time": "bmo", "revenue": 12318000, "revenueEstimated": 11405555.555555554, "fiscalDateEnding": "2019-06-29", "updatedFromDate": "2023-09-29"}, {"date": "2019-07-26", "symbol": "BBD", "eps": 0.15, "epsEstimated": 0.14, "time": "bmo", "revenue": null, "revenueEstimated": null, "fiscalDateEnding": "2019-06-30", "updatedFromDate": "2023-09-29"}, {"date": "2019-07-26", "symbol": "9962.T", "eps": 15.2, "epsEstimated": 21.75, "time": "bmo", "revenue": 77551000000, "revenueEstimated": null, "fiscalDateEnding": "2019-04-26", "updatedFromDate": "2023-10-17"}, {"date": "2019-07-26", "symbol": "BIOAF", "eps": -0.01, "epsEstimated": null, "time": "bmo", "revenue": 192363, "revenueEstimated": null, "fiscalDateEnding": "2019-05-31", "updatedFromDate": "2023-09-29"}, {"date": "2019-07-26", "symbol": "EXE.PA", "eps": null, "epsEstimated": null, "time": "bmo", "revenue": null, "revenueEstimated": null, "fiscalDateEnding": "2019-04-26", "updatedFromDate": "2023-05-17"}, {"date": "2019-07-26", "symbol": "ANIOY", "eps": 0.08, "epsEstimated": null, "time": "bmo", "revenue": 1239543000, "revenueEstimated": null, "fiscalDateEnding": "2019-06-30", "updatedFromDate": "2023-09-29"}, {"date": "2019-07-26", "symbol": "BSANTANDER.SN", "eps": 0.91, "epsEstimated": 0.89, "time": "bmo", "revenue": null, "revenueEstimated": null, "fiscalDateEnding": "2019-06-30", "updatedFromDate": "2023-05-17"}, {"date": "2019-07-26", "symbol": "3504.TW", "eps": 0.281, "epsEstimated": 0.28, "time": "bmo", "revenue": 1179394000, "revenueEstimated": null, "fiscalDateEnding": "2019-06-29", "updatedFromDate": "2023-08-16"}, {"date": "2019-07-26", "symbol": "VM.V", "eps": null, "epsEstimated": null, "time": "bmo", "revenue": null, "revenueEstimated": null, "fiscalDateEnding": "2019-06-30", "updatedFromDate": "2023-05-17"}, {"date": "2019-07-26", "symbol": "JFEYF", "eps": null, "epsEstimated": null, "time": "bmo", "revenue": null, "revenueEstimated": null, "fiscalDateEnding": "2019-12-31", "updatedFromDate": "2023-05-17"}, {"date": "2019-07-26", "symbol": "VNE", "eps": -1.39, "epsEstimated": -1.64, "time": "bmo", "revenue": 462000000, "revenueEstimated": 576949640.2877698, "fiscalDateEnding": "2019-04-26", "updatedFromDate": "2023-05-17"}, {"date": "2019-07-26", "symbol": "GCL.TO", "eps": 0.08914, "epsEstimated": null, "time": "bmo", "revenue": 274198000, "revenueEstimated": null, "fiscalDateEnding": "2019-06-29", "updatedFromDate": "2023-05-17"}, {"date": "2019-07-26", "symbol": "MOMENT.ST", "eps": -0.22, "epsEstimated": -0.07, "time": "bmo", "revenue": 168000000, "revenueEstimated": null, "fiscalDateEnding": "2019-06-29", "updatedFromDate": "2023-08-16"}, {"date": "2019-07-26", "symbol": "LSNG.ME", "eps": 0.3489, "epsEstimated": null, "time": "bmo", "revenue": 18743893000, "revenueEstimated": null, "fiscalDateEnding": "2019-04-26", "updatedFromDate": "2023-05-17"}, {"date": "2019-07-26", "symbol": "AMTBB", "eps": 0.35, "epsEstimated": 0.31, "time": "bmo", "revenue": 53789000, "revenueEstimated": 47641685.71428572, "fiscalDateEnding": "2019-06-29", "updatedFromDate": "2023-05-17"}, {"date": "2019-07-26", "symbol": "PIAGF", "eps": 0.08, "epsEstimated": 0.07, "time": "bmo", "revenue": null, "revenueEstimated": null, "fiscalDateEnding": "2019-06-30", "updatedFromDate": "2023-08-16"}, {"date": "2019-07-26", "symbol": "RMD.AX", "eps": 0.1, "epsEstimated": 0.09, "time": "bmo", "revenue": null, "revenueEstimated": null, "fiscalDateEnding": "2019-09-30", "updatedFromDate": "2023-05-17"}, {"date": "2019-07-26", "symbol": "RBKB", "eps": 0.11, "epsEstimated": null, "time": "bmo", "revenue": 9354000, "revenueEstimated": null, "fiscalDateEnding": "2019-06-29", "updatedFromDate": "2023-09-29"}, {"date": "2019-07-26", "symbol": "CLNX.MC", "eps": -0.00132, "epsEstimated": null, "time": "bmo", "revenue": 229992000, "revenueEstimated": null, "fiscalDateEnding": "2019-06-29", "updatedFromDate": "2023-05-17"}, {"date": "2019-07-26", "symbol": "WETF", "eps": 0.05, "epsEstimated": 0.06, "time": "bmo", "revenue": 66293000, "revenueEstimated": 158133600, "fiscalDateEnding": "2019-06-29", "updatedFromDate": "2023-08-16"}, {"date": "2019-07-26", "symbol": "CL", "eps": 0.72, "epsEstimated": 0.72, "time": "bmo", "revenue": 3866000000, "revenueEstimated": 3919694444.444444, "fiscalDateEnding": "2019-06-29", "updatedFromDate": "2023-09-29"}, {"date": "2019-07-26", "symbol": "NTDMF", "eps": 57.76, "epsEstimated": 60.69, "time": "bmo", "revenue": null, "revenueEstimated": null, "fiscalDateEnding": "2019-06-30", "updatedFromDate": "2023-05-17"}, {"date": "2019-07-26", "symbol": "SFBC", "eps": 0.71, "epsEstimated": null, "time": "bmo", "revenue": 7317000, "revenueEstimated": null, "fiscalDateEnding": "2019-06-29", "updatedFromDate": "2023-09-29"}, {"date": "2019-07-26", "symbol": "053210.KS", "eps": 356, "epsEstimated": 342.52, "time": "bmo", "revenue": 182317752660, "revenueEstimated": null, "fiscalDateEnding": "2019-04-26", "updatedFromDate": "2023-05-17"}, {"date": "2019-07-26", "symbol": "8707.T", "eps": 16.73, "epsEstimated": null, "time": "bmo", "revenue": 4622000000, "revenueEstimated": null, "fiscalDateEnding": "2019-04-26", "updatedFromDate": "2023-10-17"}, {"date": "2019-07-26", "symbol": "5015.T", "eps": 19.24, "epsEstimated": null, "time": "bmo", "revenue": 3284433000, "revenueEstimated": null, "fiscalDateEnding": "2019-06-29", "updatedFromDate": "2023-05-17"}, {"date": "2019-07-26", "symbol": "9404.T", "eps": 33.05, "epsEstimated": null, "time": "bmo", "revenue": 109543000000, "revenueEstimated": null, "fiscalDateEnding": "2019-04-26", "updatedFromDate": "2023-10-17"}, {"date": "2019-07-26", "symbol": "TORS.ME", "eps": 0.02342, "epsEstimated": null, "time": "bmo", "revenue": 1706481000, "revenueEstimated": null, "fiscalDateEnding": "2019-04-26", "updatedFromDate": "2023-05-17"}, {"date": "2019-07-26", "symbol": "LASKF", "eps": 0.37, "epsEstimated": 0.27, "time": "bmo", "revenue": null, "revenueEstimated": null, "fiscalDateEnding": "2019-06-30", "updatedFromDate": "2023-05-17"}, {"date": "2019-07-26", "symbol": "BSVN", "eps": 0.5, "epsEstimated": 0.45, "time": "bmo", "revenue": 10878000, "revenueEstimated": 9790200, "fiscalDateEnding": "2019-06-29", "updatedFromDate": "2023-09-29"}, {"date": "2019-07-26", "symbol": "BAFARB.MX", "eps": null, "epsEstimated": null, "time": "bmo", "revenue": null, "revenueEstimated": null, "fiscalDateEnding": "2019-06-30", "updatedFromDate": "2023-05-31"}, {"date": "2019-07-26", "symbol": "7897.T", "eps": 0.307, "epsEstimated": null, "time": "bmo", "revenue": 2357581000, "revenueEstimated": null, "fiscalDateEnding": "2019-04-26", "updatedFromDate": "2023-10-17"}, {"date": "2019-07-26", "symbol": "008770.KS", "eps": 1388, "epsEstimated": 1517.53, "time": "bmo", "revenue": 1354853932460, "revenueEstimated": null, "fiscalDateEnding": "2019-06-29", "updatedFromDate": "2023-05-17"}, {"date": "2019-07-26", "symbol": "AMBZ", "eps": 0.67, "epsEstimated": null, "time": "bmo", "revenue": 20402000, "revenueEstimated": null, "fiscalDateEnding": "2019-06-30", "updatedFromDate": "2023-09-29"}, {"date": "2019-07-26", "symbol": "064960.KS", "eps": 1612, "epsEstimated": 1023.47, "time": "bmo", "revenue": 252301003850, "revenueEstimated": null, "fiscalDateEnding": "2019-06-29", "updatedFromDate": "2023-05-17"}, {"date": "2019-07-26", "symbol": "9039.T", "eps": 171.44, "epsEstimated": null, "time": "bmo", "revenue": 29755000000, "revenueEstimated": null, "fiscalDateEnding": "2019-04-26", "updatedFromDate": "2023-10-17"}, {"date": "2019-07-26", "symbol": "CONVERA.MX", "eps": null, "epsEstimated": null, "time": "bmo", "revenue": null, "revenueEstimated": null, "fiscalDateEnding": "2019-06-30", "updatedFromDate": "2023-05-31"}, {"date": "2019-07-26", "symbol": "9436.T", "eps": 36.27, "epsEstimated": null, "time": "bmo", "revenue": 17193000000, "revenueEstimated": null, "fiscalDateEnding": "2019-04-26", "updatedFromDate": "2023-10-17"}, {"date": "2019-07-26", "symbol": "NXXTF", "eps": null, "epsEstimated": -0.06, "time": "bmo", "revenue": null, "revenueEstimated": null, "fiscalDateEnding": "2019-06-30", "updatedFromDate": "2023-05-17"}, {"date": "2019-07-26", "symbol": "5936.T", "eps": 42.71, "epsEstimated": null, "time": "bmo", "revenue": 6292078000, "revenueEstimated": null, "fiscalDateEnding": "2019-04-26", "updatedFromDate": "2023-10-17"}, {"date": "2019-07-26", "symbol": "5909.T", "eps": -13.89, "epsEstimated": null, "time": "bmo", "revenue": 12028000000, "revenueEstimated": null, "fiscalDateEnding": "2019-04-26", "updatedFromDate": "2023-10-16"}, {"date": "2019-07-26", "symbol": "GFMULTIO.MX", "eps": null, "epsEstimated": null, "time": "bmo", "revenue": null, "revenueEstimated": null, "fiscalDateEnding": "2019-06-30", "updatedFromDate": "2023-05-31"}, {"date": "2019-07-26", "symbol": "TRKNF", "eps": 0.12, "epsEstimated": 0.13, "time": "bmo", "revenue": null, "revenueEstimated": null, "fiscalDateEnding": "2019-06-30", "updatedFromDate": "2023-08-16"}, {"date": "2019-07-26", "symbol": "WHA.AS", "eps": null, "epsEstimated": null, "time": "bmo", "revenue": null, "revenueEstimated": null, "fiscalDateEnding": "2019-04-26", "updatedFromDate": "2023-05-17"}, {"date": "2019-07-26", "symbol": "FRIVF", "eps": null, "epsEstimated": null, "time": "bmo", "revenue": null, "revenueEstimated": null, "fiscalDateEnding": "2019-06-30", "updatedFromDate": "2023-05-17"}, {"date": "2019-07-26", "symbol": "LAMOSA.MX", "eps": null, "epsEstimated": null, "time": "bmo", "revenue": null, "revenueEstimated": null, "fiscalDateEnding": "2019-06-30", "updatedFromDate": "2023-05-31"}, {"date": "2019-07-26", "symbol": "UILCF", "eps": null, "epsEstimated": null, "time": "bmo", "revenue": null, "revenueEstimated": null, "fiscalDateEnding": "2019-06-30", "updatedFromDate": "2023-05-17"}, {"date": "2019-07-26", "symbol": "3891.T", "eps": 12.08, "epsEstimated": null, "time": "bmo", "revenue": 3502015000, "revenueEstimated": null, "fiscalDateEnding": "2019-04-26", "updatedFromDate": "2023-10-17"}, {"date": "2019-07-26", "symbol": "MEDICAB.MX", "eps": null, "epsEstimated": null, "time": "bmo", "revenue": null, "revenueEstimated": null, "fiscalDateEnding": "2019-06-30", "updatedFromDate": "2023-05-31"}, {"date": "2019-07-26", "symbol": "PINFRAL.MX", "eps": 3, "epsEstimated": null, "time": "bmo", "revenue": null, "revenueEstimated": null, "fiscalDateEnding": "2019-06-30", "updatedFromDate": "2023-05-31"}, {"date": "2019-07-26", "symbol": "SORIANAB.MX", "eps": 0.44, "epsEstimated": 0.5, "time": "bmo", "revenue": null, "revenueEstimated": null, "fiscalDateEnding": "2019-06-30", "updatedFromDate": "2023-05-31"}, {"date": "2019-07-26", "symbol": "ABCB", "eps": 0.96, "epsEstimated": 0.96, "time": "bmo", "revenue": 135908000, "revenueEstimated": 135908000, "fiscalDateEnding": "2019-06-29", "updatedFromDate": "2023-09-29"}, {"date": "2019-07-26", "symbol": "VITROA.MX", "eps": null, "epsEstimated": null, "time": "bmo", "revenue": null, "revenueEstimated": null, "fiscalDateEnding": "2019-06-30", "updatedFromDate": "2023-05-31"}, {"date": "2019-07-26", "symbol": "260930.KQ", "eps": 410, "epsEstimated": 253.18, "time": "bmo", "revenue": null, "revenueEstimated": null, "fiscalDateEnding": "2019-06-30", "updatedFromDate": "2023-05-17"}, {"date": "2019-07-26", "symbol": "002380.SZ", "eps": 0.2178, "epsEstimated": null, "time": "bmo", "revenue": 184728789.29, "revenueEstimated": null, "fiscalDateEnding": "2019-06-29", "updatedFromDate": "2023-05-17"}, {"date": "2019-07-26", "symbol": "VOC.MC", "eps": 0.02649, "epsEstimated": null, "time": "bmo", "revenue": 98434000, "revenueEstimated": null, "fiscalDateEnding": "2019-06-29", "updatedFromDate": "2023-05-17"}, {"date": "2019-07-26", "symbol": "MOG-A", "eps": 1.35, "epsEstimated": 1.32, "time": "bmo", "revenue": 740969000, "revenueEstimated": 724128795, "fiscalDateEnding": "2019-06-28", "updatedFromDate": "2023-10-16"}, {"date": "2019-07-26", "symbol": "CSMG3.SA", "eps": 0.31, "epsEstimated": 0.32, "time": "bmo", "revenue": 1209712000, "revenueEstimated": null, "fiscalDateEnding": "2019-06-29", "updatedFromDate": "2023-05-17"}, {"date": "2019-07-26", "symbol": "KOA.OL", "eps": 0.01841, "epsEstimated": null, "time": "bmo", "revenue": 294300000, "revenueEstimated": null, "fiscalDateEnding": "2019-06-29", "updatedFromDate": "2023-08-16"}, {"date": "2019-07-26", "symbol": "LBAI", "eps": 0.35, "epsEstimated": 0.35, "time": "bmo", "revenue": 55004000, "revenueEstimated": 55587000, "fiscalDateEnding": "2019-06-29", "updatedFromDate": "2023-09-29"}, {"date": "2019-07-26", "symbol": "7177.T", "eps": 15.83, "epsEstimated": null, "time": "bmo", "revenue": 8964000000, "revenueEstimated": null, "fiscalDateEnding": "2019-06-30", "updatedFromDate": "2023-10-16"}, {"date": "2019-07-26", "symbol": "ENI.MI", "eps": 0.16, "epsEstimated": 0.26, "time": "bmo", "revenue": 18440000000, "revenueEstimated": null, "fiscalDateEnding": "2019-06-29", "updatedFromDate": "2023-05-17"}, {"date": "2019-07-26", "symbol": "601066.SS", "eps": 0.1075, "epsEstimated": null, "time": "bmo", "revenue": 2794597508.89, "revenueEstimated": null, "fiscalDateEnding": "2019-06-29", "updatedFromDate": "2023-08-16"}, {"date": "2019-07-26", "symbol": "ANOT.ST", "eps": -0.06484, "epsEstimated": null, "time": "bmo", "revenue": 26899000, "revenueEstimated": null, "fiscalDateEnding": "2019-09-29", "updatedFromDate": "2023-05-17"}, {"date": "2019-07-26", "symbol": "BBDO", "eps": 0.15, "epsEstimated": 0.17, "time": "bmo", "revenue": null, "revenueEstimated": null, "fiscalDateEnding": "2019-06-30", "updatedFromDate": "2023-09-29"}, {"date": "2019-07-26", "symbol": "6988.T", "eps": 65.55, "epsEstimated": 31.7, "time": "bmo", "revenue": 170283000000, "revenueEstimated": null, "fiscalDateEnding": "2019-04-26", "updatedFromDate": "2023-10-17"}, {"date": "2019-07-26", "symbol": "ROCK", "eps": 0.73, "epsEstimated": 0.77, "time": "bmo", "revenue": 262655000, "revenueEstimated": 277047054.79452056, "fiscalDateEnding": "2019-06-29", "updatedFromDate": "2023-09-29"}, {"date": "2019-07-26", "symbol": "2464.T", "eps": 7.22, "epsEstimated": null, "time": "bmo", "revenue": 1468830000, "revenueEstimated": null, "fiscalDateEnding": "2019-04-26", "updatedFromDate": "2023-10-17"}, {"date": "2019-07-26", "symbol": "WY", "eps": 0.16, "epsEstimated": 0.1, "time": "bmo", "revenue": 1692000000, "revenueEstimated": 1057500000, "fiscalDateEnding": "2019-06-29", "updatedFromDate": "2023-09-29"}, {"date": "2019-07-26", "symbol": "LSNGP.ME", "eps": 0.3489, "epsEstimated": null, "time": "bmo", "revenue": 18743893000, "revenueEstimated": null, "fiscalDateEnding": "2019-04-26", "updatedFromDate": "2023-08-16"}, {"date": "2019-07-26", "symbol": "6023.T", "eps": -1.15, "epsEstimated": null, "time": "bmo", "revenue": 18818791000, "revenueEstimated": null, "fiscalDateEnding": "2019-04-26", "updatedFromDate": "2023-10-17"}, {"date": "2019-07-26", "symbol": "300120.SZ", "eps": null, "epsEstimated": null, "time": "bmo", "revenue": null, "revenueEstimated": null, "fiscalDateEnding": "2019-06-30", "updatedFromDate": "2023-05-31"}, {"date": "2019-07-26", "symbol": "CABK.MC", "eps": 0.02, "epsEstimated": 0.09, "time": "bmo", "revenue": 2699592000, "revenueEstimated": null, "fiscalDateEnding": "2019-06-29", "updatedFromDate": "2023-05-17"}, {"date": "2019-07-27", "symbol": "GTMAF", "eps": null, "epsEstimated": null, "time": "bmo", "revenue": null, "revenueEstimated": null, "fiscalDateEnding": "2019-06-30", "updatedFromDate": "2023-05-17"}, {"date": "2019-07-27", "symbol": "AIY.SI", "eps": 0.00895, "epsEstimated": null, "time": "bmo", "revenue": 30638000, "revenueEstimated": null, "fiscalDateEnding": "2019-06-29", "updatedFromDate": "2023-08-16"}, {"date": "2019-07-27", "symbol": "EFGZF", "eps": null, "epsEstimated": null, "time": "bmo", "revenue": null, "revenueEstimated": null, "fiscalDateEnding": "2019-06-30", "updatedFromDate": "2023-05-17"}, {"date": "2019-07-27", "symbol": "TMMA.MX", "eps": null, "epsEstimated": null, "time": "bmo", "revenue": null, "revenueEstimated": null, "fiscalDateEnding": "2019-06-30", "updatedFromDate": "2023-05-31"}, {"date": "2019-07-27", "symbol": "002843.SZ", "eps": 0.08171, "epsEstimated": null, "time": "bmo", "revenue": 103670815.76, "revenueEstimated": null, "fiscalDateEnding": "2019-06-29", "updatedFromDate": "2023-05-17"}]}