{"result": [{"date": "2019-03-27", "symbol": "CGM.PA", "eps": null, "epsEstimated": null, "time": "bmo", "revenue": null, "revenueEstimated": null, "fiscalDateEnding": "2018-12-27", "updatedFromDate": "2023-05-17"}, {"date": "2019-03-27", "symbol": "HMDPF", "eps": null, "epsEstimated": null, "time": "bmo", "revenue": null, "revenueEstimated": null, "fiscalDateEnding": "2018-12-31", "updatedFromDate": "2023-08-16"}, {"date": "2019-03-27", "symbol": "002342.SZ", "eps": 0.00184, "epsEstimated": null, "time": "bmo", "revenue": 425471611.67, "revenueEstimated": null, "fiscalDateEnding": "2018-12-30", "updatedFromDate": "2023-05-17"}, {"date": "2019-03-27", "symbol": "2048.HK", "eps": null, "epsEstimated": null, "time": "bmo", "revenue": null, "revenueEstimated": null, "fiscalDateEnding": "2018-12-27", "updatedFromDate": "2023-05-17"}, {"date": "2019-03-27", "symbol": "FARM.MI", "eps": null, "epsEstimated": null, "time": "bmo", "revenue": null, "revenueEstimated": null, "fiscalDateEnding": "2018-12-31", "updatedFromDate": "2023-05-17"}, {"date": "2019-03-27", "symbol": "AANNF", "eps": null, "epsEstimated": 0.1, "time": "bmo", "revenue": null, "revenueEstimated": null, "fiscalDateEnding": "2018-12-31", "updatedFromDate": "2023-05-17"}, {"date": "2019-03-27", "symbol": "CDR.WA", "eps": 0.4189, "epsEstimated": null, "time": "bmo", "revenue": 127300000, "revenueEstimated": null, "fiscalDateEnding": "2018-12-31", "updatedFromDate": "2023-08-17"}, {"date": "2019-03-27", "symbol": "DCHIF", "eps": null, "epsEstimated": null, "time": "bmo", "revenue": null, "revenueEstimated": null, "fiscalDateEnding": "2018-12-31", "updatedFromDate": "2023-09-29"}, {"date": "2019-03-27", "symbol": "000900.SZ", "eps": 0.1076, "epsEstimated": null, "time": "bmo", "revenue": 2868823295.85, "revenueEstimated": null, "fiscalDateEnding": "2018-12-30", "updatedFromDate": "2023-05-17"}, {"date": "2019-03-27", "symbol": "600337.SS", "eps": 0.06831, "epsEstimated": null, "time": "bmo", "revenue": 1255226068.93, "revenueEstimated": null, "fiscalDateEnding": "2018-12-30", "updatedFromDate": "2023-05-17"}, {"date": "2019-03-27", "symbol": "2704.TW", "eps": 0.07, "epsEstimated": 0.21, "time": "bmo", "revenue": 783805000, "revenueEstimated": null, "fiscalDateEnding": "2018-12-30", "updatedFromDate": "2023-05-17"}, {"date": "2019-03-27", "symbol": "2330.HK", "eps": 0.1156, "epsEstimated": null, "time": "bmo", "revenue": 200807500, "revenueEstimated": null, "fiscalDateEnding": "2018-12-27", "updatedFromDate": "2023-10-16"}, {"date": "2019-03-27", "symbol": "LULU", "eps": 1.85, "epsEstimated": 1.74, "time": "amc", "revenue": 916138000, "revenueEstimated": 1098041578.3783784, "fiscalDateEnding": "2018-12-27", "updatedFromDate": "2023-10-10"}, {"date": "2019-03-27", "symbol": "SMTGF", "eps": null, "epsEstimated": null, "time": "bmo", "revenue": null, "revenueEstimated": null, "fiscalDateEnding": "2018-12-31", "updatedFromDate": "2023-05-17"}, {"date": "2019-03-27", "symbol": "PNVL3.SA", "eps": 0.2113, "epsEstimated": null, "time": "bmo", "revenue": 661933000, "revenueEstimated": null, "fiscalDateEnding": "2018-12-30", "updatedFromDate": "2023-05-17"}, {"date": "2019-03-27", "symbol": "EBR", "eps": 9.02, "epsEstimated": null, "time": "bmo", "revenue": -3129635000, "revenueEstimated": null, "fiscalDateEnding": "2018-12-31", "updatedFromDate": "2023-09-29"}, {"date": "2019-03-27", "symbol": "CANG", "eps": 0.07, "epsEstimated": 0.19, "time": "amc", "revenue": 321136126, "revenueEstimated": 840922523.9130435, "fiscalDateEnding": "2018-12-31", "updatedFromDate": "2023-09-29"}, {"date": "2019-03-27", "symbol": "600556.SS", "eps": -0.05955, "epsEstimated": null, "time": "bmo", "revenue": 19348323.98, "revenueEstimated": null, "fiscalDateEnding": "2018-12-30", "updatedFromDate": "2023-05-17"}, {"date": "2019-03-27", "symbol": "MANZF", "eps": null, "epsEstimated": null, "time": "bmo", "revenue": null, "revenueEstimated": null, "fiscalDateEnding": "2018-12-31", "updatedFromDate": "2023-05-17"}, {"date": "2019-03-27", "symbol": "TATT", "eps": -0.2, "epsEstimated": null, "time": "bmo", "revenue": 20804000, "revenueEstimated": null, "fiscalDateEnding": "2018-12-31", "updatedFromDate": "2023-09-29"}, {"date": "2019-03-27", "symbol": "AEYE", "eps": -0.15, "epsEstimated": -0.11, "time": "amc", "revenue": 1781875, "revenueEstimated": 1031614.7368421053, "fiscalDateEnding": "2018-12-30", "updatedFromDate": "2023-09-29"}, {"date": "2019-03-27", "symbol": "000811.SZ", "eps": 0.23, "epsEstimated": null, "time": "bmo", "revenue": 846981086.18, "revenueEstimated": null, "fiscalDateEnding": "2018-12-27", "updatedFromDate": "2023-05-17"}, {"date": "2019-03-27", "symbol": "1568.TW", "eps": 0.00046, "epsEstimated": null, "time": "bmo", "revenue": 486629000, "revenueEstimated": null, "fiscalDateEnding": "2018-12-30", "updatedFromDate": "2023-05-17"}, {"date": "2019-03-27", "symbol": "CRRX.TO", "eps": -0.32736, "epsEstimated": null, "time": "bmo", "revenue": -4408000, "revenueEstimated": null, "fiscalDateEnding": "2018-12-30", "updatedFromDate": "2023-05-17"}, {"date": "2019-03-27", "symbol": "ELET3.SA", "eps": 9.02, "epsEstimated": null, "time": "bmo", "revenue": -3129635000, "revenueEstimated": null, "fiscalDateEnding": "2018-12-30", "updatedFromDate": "2023-05-17"}, {"date": "2019-03-27", "symbol": "PAYX", "eps": 0.89, "epsEstimated": 0.88, "time": "bmo", "revenue": 1070400000, "revenueEstimated": 1058373033.7078651, "fiscalDateEnding": "2019-02-27", "updatedFromDate": "2023-09-29"}, {"date": "2019-03-27", "symbol": "TCCHF", "eps": null, "epsEstimated": null, "time": "bmo", "revenue": null, "revenueEstimated": null, "fiscalDateEnding": "2018-12-31", "updatedFromDate": "2023-05-17"}, {"date": "2019-03-27", "symbol": "1304.TW", "eps": null, "epsEstimated": null, "time": "bmo", "revenue": null, "revenueEstimated": null, "fiscalDateEnding": "2018-12-31", "updatedFromDate": "2023-05-17"}, {"date": "2019-03-27", "symbol": "CBI.TA", "eps": null, "epsEstimated": null, "time": "bmo", "revenue": null, "revenueEstimated": null, "fiscalDateEnding": "2018-12-31", "updatedFromDate": "2023-05-17"}, {"date": "2019-03-27", "symbol": "OM.V", "eps": -0.02, "epsEstimated": -0.006, "time": "bmo", "revenue": null, "revenueEstimated": null, "fiscalDateEnding": "2018-12-27", "updatedFromDate": "2023-05-17"}, {"date": "2019-03-27", "symbol": "3551.TWO", "eps": 0.747, "epsEstimated": null, "time": "bmo", "revenue": 503818000, "revenueEstimated": null, "fiscalDateEnding": "2018-12-30", "updatedFromDate": "2023-05-17"}, {"date": "2019-03-27", "symbol": "KUKAF", "eps": null, "epsEstimated": null, "time": "bmo", "revenue": null, "revenueEstimated": null, "fiscalDateEnding": "2018-12-31", "updatedFromDate": "2023-05-17"}, {"date": "2019-03-27", "symbol": "HRCXF", "eps": null, "epsEstimated": null, "time": "bmo", "revenue": null, "revenueEstimated": null, "fiscalDateEnding": "2018-12-31", "updatedFromDate": "2023-05-17"}, {"date": "2019-03-27", "symbol": "MIMZF", "eps": null, "epsEstimated": -0.05, "time": "bmo", "revenue": null, "revenueEstimated": null, "fiscalDateEnding": "2018-12-31", "updatedFromDate": "2023-05-17"}, {"date": "2019-03-27", "symbol": "VTIAF", "eps": null, "epsEstimated": null, "time": "bmo", "revenue": null, "revenueEstimated": null, "fiscalDateEnding": "2018-12-31", "updatedFromDate": "2023-05-17"}, {"date": "2019-03-27", "symbol": "LKD.WA", "eps": 0.99, "epsEstimated": null, "time": "bmo", "revenue": 97860000, "revenueEstimated": null, "fiscalDateEnding": "2018-12-30", "updatedFromDate": "2023-05-17"}, {"date": "2019-03-27", "symbol": "UNF", "eps": 1.67, "epsEstimated": 1.52, "time": "bmo", "revenue": 437485000, "revenueEstimated": 268135967.7419355, "fiscalDateEnding": "2019-02-22", "updatedFromDate": "2023-09-29"}, {"date": "2019-03-27", "symbol": "ROSEU", "eps": -6.71, "epsEstimated": -0.04, "time": "bmo", "revenue": null, "revenueEstimated": null, "fiscalDateEnding": "2018-12-30", "updatedFromDate": "2023-05-17"}, {"date": "2019-03-27", "symbol": "600026.SS", "eps": 0.09231, "epsEstimated": null, "time": "bmo", "revenue": 3993791918.31, "revenueEstimated": null, "fiscalDateEnding": "2018-12-30", "updatedFromDate": "2023-05-17"}, {"date": "2019-03-27", "symbol": "EGKLF", "eps": null, "epsEstimated": null, "time": "bmo", "revenue": null, "revenueEstimated": null, "fiscalDateEnding": "2018-12-31", "updatedFromDate": "2023-05-17"}, {"date": "2019-03-27", "symbol": "RCGCF", "eps": null, "epsEstimated": null, "time": "bmo", "revenue": null, "revenueEstimated": null, "fiscalDateEnding": "2019-03-31", "updatedFromDate": "2023-05-17"}, {"date": "2019-03-27", "symbol": "RHIM.L", "eps": null, "epsEstimated": null, "time": "bmo", "revenue": null, "revenueEstimated": null, "fiscalDateEnding": "2018-12-31", "updatedFromDate": "2023-05-17"}, {"date": "2019-03-27", "symbol": "RNECF", "eps": -3.59023, "epsEstimated": 0.77, "time": "bmo", "revenue": 186879000000, "revenueEstimated": null, "fiscalDateEnding": "2018-12-31", "updatedFromDate": "2023-08-25"}, {"date": "2019-03-27", "symbol": "ORA.TO", "eps": 0.689, "epsEstimated": null, "time": "bmo", "revenue": 34165000, "revenueEstimated": null, "fiscalDateEnding": "2018-12-30", "updatedFromDate": "2023-08-16"}, {"date": "2019-03-27", "symbol": "CTEK", "eps": 0.33, "epsEstimated": 0.16, "time": "amc", "revenue": 18570142, "revenueEstimated": 3381042.4242424243, "fiscalDateEnding": "2018-12-30", "updatedFromDate": "2023-05-17"}, {"date": "2019-03-27", "symbol": "IPA", "eps": -0.05, "epsEstimated": -0.1, "time": "bmo", "revenue": 3162365, "revenueEstimated": null, "fiscalDateEnding": "2019-07-31", "updatedFromDate": "2023-11-09"}, {"date": "2019-03-27", "symbol": "AULRF", "eps": null, "epsEstimated": null, "time": "bmo", "revenue": null, "revenueEstimated": null, "fiscalDateEnding": "2018-12-31", "updatedFromDate": "2023-05-17"}, {"date": "2019-03-27", "symbol": "ENLV", "eps": -3.27894, "epsEstimated": null, "time": "bmo", "revenue": null, "revenueEstimated": null, "fiscalDateEnding": "2018-12-31", "updatedFromDate": "2023-09-29"}, {"date": "2019-03-27", "symbol": "601111.SS", "eps": 0.02, "epsEstimated": -0.18, "time": "bmo", "revenue": 33894308000, "revenueEstimated": null, "fiscalDateEnding": "2018-12-30", "updatedFromDate": "2023-08-16"}, {"date": "2019-03-27", "symbol": "1215.TW", "eps": 1.18, "epsEstimated": 1.09, "time": "bmo", "revenue": null, "revenueEstimated": null, "fiscalDateEnding": "2018-12-31", "updatedFromDate": "2023-05-17"}, {"date": "2019-03-27", "symbol": "0861.HK", "eps": null, "epsEstimated": null, "time": "bmo", "revenue": null, "revenueEstimated": null, "fiscalDateEnding": "2018-12-27", "updatedFromDate": "2023-10-16"}, {"date": "2019-03-27", "symbol": "600246.SS", "eps": -0.00586, "epsEstimated": null, "time": "bmo", "revenue": 845168215.5, "revenueEstimated": null, "fiscalDateEnding": "2018-12-30", "updatedFromDate": "2023-05-17"}, {"date": "2019-03-27", "symbol": "CTXDF", "eps": null, "epsEstimated": null, "time": "bmo", "revenue": null, "revenueEstimated": null, "fiscalDateEnding": "2019-06-30", "updatedFromDate": "2023-05-17"}, {"date": "2019-03-27", "symbol": "603180.SS", "eps": 0.706, "epsEstimated": null, "time": "bmo", "revenue": 571753381.07, "revenueEstimated": null, "fiscalDateEnding": "2018-12-30", "updatedFromDate": "2023-05-17"}, {"date": "2019-03-27", "symbol": "EXXRF", "eps": null, "epsEstimated": null, "time": "bmo", "revenue": null, "revenueEstimated": null, "fiscalDateEnding": "2018-12-27", "updatedFromDate": "2023-05-17"}, {"date": "2019-03-27", "symbol": "SIS.TO", "eps": 0.11, "epsEstimated": 0.13, "time": "bmo", "revenue": 93118000, "revenueEstimated": null, "fiscalDateEnding": "2018-12-30", "updatedFromDate": "2023-05-17"}, {"date": "2019-03-27", "symbol": "LFC", "eps": null, "epsEstimated": null, "time": "bmo", "revenue": null, "revenueEstimated": null, "fiscalDateEnding": "2018-12-27", "updatedFromDate": "2023-05-17"}, {"date": "2019-03-27", "symbol": "ROSE", "eps": -6.71, "epsEstimated": -0.04, "time": "bmo", "revenue": 83005000, "revenueEstimated": null, "fiscalDateEnding": "2018-12-30", "updatedFromDate": "2023-05-17"}, {"date": "2019-03-27", "symbol": "000513.SZ", "eps": 0.15, "epsEstimated": 0.22, "time": "bmo", "revenue": 2019219776.83, "revenueEstimated": null, "fiscalDateEnding": "2018-12-30", "updatedFromDate": "2023-05-17"}, {"date": "2019-03-27", "symbol": "7514.T", "eps": 8.12, "epsEstimated": null, "time": "bmo", "revenue": 17378000000, "revenueEstimated": null, "fiscalDateEnding": "2019-02-27", "updatedFromDate": "2023-05-17"}, {"date": "2019-03-27", "symbol": "002053.SZ", "eps": 0.06619, "epsEstimated": null, "time": "bmo", "revenue": 468065225.73, "revenueEstimated": null, "fiscalDateEnding": "2018-12-30", "updatedFromDate": "2023-05-17"}, {"date": "2019-03-27", "symbol": "LVZPF", "eps": 0.15, "epsEstimated": 0.11, "time": "bmo", "revenue": null, "revenueEstimated": null, "fiscalDateEnding": "2018-12-31", "updatedFromDate": "2023-05-17"}, {"date": "2019-03-27", "symbol": "11B.WA", "eps": 3.94, "epsEstimated": null, "time": "bmo", "revenue": 22493025, "revenueEstimated": null, "fiscalDateEnding": "2018-12-30", "updatedFromDate": "2023-05-17"}, {"date": "2019-03-27", "symbol": "4174.TWO", "eps": -2.31494, "epsEstimated": null, "time": "bmo", "revenue": 277000, "revenueEstimated": null, "fiscalDateEnding": "2018-12-30", "updatedFromDate": "2023-05-17"}, {"date": "2019-03-27", "symbol": "ESLGF", "eps": null, "epsEstimated": null, "time": "bmo", "revenue": null, "revenueEstimated": null, "fiscalDateEnding": "2019-03-31", "updatedFromDate": "2023-05-17"}, {"date": "2019-03-27", "symbol": "1442.TW", "eps": -0.10148, "epsEstimated": null, "time": "bmo", "revenue": 83089000, "revenueEstimated": null, "fiscalDateEnding": "2018-12-30", "updatedFromDate": "2023-05-17"}, {"date": "2019-03-27", "symbol": "XIL.PA", "eps": 0.3535, "epsEstimated": null, "time": "bmo", "revenue": 5584750, "revenueEstimated": null, "fiscalDateEnding": "2018-12-27", "updatedFromDate": "2023-05-17"}, {"date": "2019-03-27", "symbol": "048530.KQ", "eps": null, "epsEstimated": null, "time": "bmo", "revenue": null, "revenueEstimated": null, "fiscalDateEnding": "2018-12-31", "updatedFromDate": "2023-08-25"}, {"date": "2019-03-27", "symbol": "AURA33.SA", "eps": 0.694, "epsEstimated": null, "time": "bmo", "revenue": 34165000, "revenueEstimated": null, "fiscalDateEnding": "2018-12-30", "updatedFromDate": "2023-05-17"}, {"date": "2019-03-27", "symbol": "BALYO.PA", "eps": null, "epsEstimated": null, "time": "bmo", "revenue": null, "revenueEstimated": null, "fiscalDateEnding": "2018-12-31", "updatedFromDate": "2023-05-17"}, {"date": "2019-03-27", "symbol": "TMFXF", "eps": null, "epsEstimated": null, "time": "bmo", "revenue": null, "revenueEstimated": null, "fiscalDateEnding": "2018-12-31", "updatedFromDate": "2023-05-17"}, {"date": "2019-03-27", "symbol": "601333.SS", "eps": -0.03, "epsEstimated": 0.05, "time": "amc", "revenue": 5246098792, "revenueEstimated": null, "fiscalDateEnding": "2018-12-30", "updatedFromDate": "2023-08-16"}, {"date": "2019-03-27", "symbol": "GBOKF", "eps": -0.1, "epsEstimated": -0.35, "time": "bmo", "revenue": null, "revenueEstimated": null, "fiscalDateEnding": "2018-12-31", "updatedFromDate": "2023-05-17"}, {"date": "2019-03-27", "symbol": "MLS.WA", "eps": 0.1608, "epsEstimated": null, "time": "bmo", "revenue": 15632000, "revenueEstimated": null, "fiscalDateEnding": "2018-12-27", "updatedFromDate": "2023-05-17"}, {"date": "2019-03-27", "symbol": "CHHHF", "eps": -0.76357, "epsEstimated": null, "time": "bmo", "revenue": 123742000, "revenueEstimated": null, "fiscalDateEnding": "2018-12-31", "updatedFromDate": "2023-08-17"}, {"date": "2019-03-27", "symbol": "603002.SS", "eps": 0.00281, "epsEstimated": null, "time": "bmo", "revenue": 473830569.17, "revenueEstimated": null, "fiscalDateEnding": "2018-12-30", "updatedFromDate": "2023-05-17"}, {"date": "2019-03-27", "symbol": "600027.SS", "eps": 0.0173, "epsEstimated": 0.06, "time": "bmo", "revenue": 24051020000, "revenueEstimated": null, "fiscalDateEnding": "2018-12-30", "updatedFromDate": "2023-05-17"}, {"date": "2019-03-27", "symbol": "REX.V", "eps": null, "epsEstimated": null, "time": "bmo", "revenue": null, "revenueEstimated": null, "fiscalDateEnding": "2019-06-30", "updatedFromDate": "2023-05-17"}, {"date": "2019-03-27", "symbol": "2029.TW", "eps": 0.01, "epsEstimated": 0.09, "time": "bmo", "revenue": 2393704000, "revenueEstimated": null, "fiscalDateEnding": "2018-12-31", "updatedFromDate": "2023-08-25"}, {"date": "2019-03-27", "symbol": "OPHC", "eps": -0.5, "epsEstimated": null, "time": "bmo", "revenue": 767000, "revenueEstimated": null, "fiscalDateEnding": "2018-12-30", "updatedFromDate": "2023-09-29"}, {"date": "2019-03-27", "symbol": "000062.SZ", "eps": null, "epsEstimated": null, "time": "bmo", "revenue": null, "revenueEstimated": null, "fiscalDateEnding": "2018-12-31", "updatedFromDate": "2023-05-17"}, {"date": "2019-03-27", "symbol": "CDBMF", "eps": null, "epsEstimated": null, "time": "bmo", "revenue": null, "revenueEstimated": null, "fiscalDateEnding": "2018-12-31", "updatedFromDate": "2023-05-17"}, {"date": "2019-03-27", "symbol": "IMBI", "eps": -1.5, "epsEstimated": -0.93, "time": "bmo", "revenue": 123639000, "revenueEstimated": 97723780.00000001, "fiscalDateEnding": "2018-12-27", "updatedFromDate": "2023-10-10"}, {"date": "2019-03-27", "symbol": "ACFN", "eps": 0.01, "epsEstimated": null, "time": "bmo", "revenue": 1311000, "revenueEstimated": null, "fiscalDateEnding": "2018-12-30", "updatedFromDate": "2023-09-29"}, {"date": "2019-03-27", "symbol": "3376.TW", "eps": 2.34, "epsEstimated": 2.1, "time": "bmo", "revenue": 2749979000, "revenueEstimated": null, "fiscalDateEnding": "2018-12-30", "updatedFromDate": "2023-05-17"}, {"date": "2019-03-27", "symbol": "HWX.TO", "eps": 0.06842, "epsEstimated": null, "time": "bmo", "revenue": 3525000, "revenueEstimated": null, "fiscalDateEnding": "2018-12-31", "updatedFromDate": "2023-10-16"}, {"date": "2019-03-27", "symbol": "CICHY", "eps": 0.4, "epsEstimated": null, "time": "bmo", "revenue": 158873000000, "revenueEstimated": null, "fiscalDateEnding": "2018-12-31", "updatedFromDate": "2023-09-29"}, {"date": "2019-03-27", "symbol": "6830.HK", "eps": 0.01238, "epsEstimated": null, "time": "bmo", "revenue": 543387250, "revenueEstimated": null, "fiscalDateEnding": "2018-12-27", "updatedFromDate": "2023-05-17"}, {"date": "2019-03-27", "symbol": "600403.SS", "eps": -0.0091, "epsEstimated": null, "time": "bmo", "revenue": 2043778282.34, "revenueEstimated": null, "fiscalDateEnding": "2018-12-30", "updatedFromDate": "2023-05-17"}, {"date": "2019-03-27", "symbol": "SA", "eps": -0.05, "epsEstimated": -0.05, "time": "bmo", "revenue": null, "revenueEstimated": null, "fiscalDateEnding": "2018-12-31", "updatedFromDate": "2023-09-29"}, {"date": "2019-03-27", "symbol": "6205.TW", "eps": 0.32, "epsEstimated": 0.28, "time": "bmo", "revenue": 304882000, "revenueEstimated": null, "fiscalDateEnding": "2018-12-30", "updatedFromDate": "2023-05-17"}, {"date": "2019-03-27", "symbol": "1436.TW", "eps": 1.29, "epsEstimated": 0.46, "time": "bmo", "revenue": 957377000, "revenueEstimated": null, "fiscalDateEnding": "2018-12-30", "updatedFromDate": "2023-05-17"}, {"date": "2019-03-27", "symbol": "SOF.MI", "eps": null, "epsEstimated": null, "time": "bmo", "revenue": null, "revenueEstimated": null, "fiscalDateEnding": "2018-12-31", "updatedFromDate": "2023-05-24"}, {"date": "2019-03-27", "symbol": "SGTSF", "eps": null, "epsEstimated": null, "time": "bmo", "revenue": null, "revenueEstimated": null, "fiscalDateEnding": "2018-12-31", "updatedFromDate": "2023-05-17"}, {"date": "2019-03-27", "symbol": "RMGNF", "eps": null, "epsEstimated": null, "time": "bmo", "revenue": null, "revenueEstimated": null, "fiscalDateEnding": "2018-12-31", "updatedFromDate": "2023-05-17"}, {"date": "2019-03-27", "symbol": "8076.TWO", "eps": 0.2403, "epsEstimated": null, "time": "bmo", "revenue": 957681000, "revenueEstimated": null, "fiscalDateEnding": "2018-12-30", "updatedFromDate": "2023-05-17"}, {"date": "2019-03-27", "symbol": "GO.MI", "eps": null, "epsEstimated": null, "time": "bmo", "revenue": null, "revenueEstimated": null, "fiscalDateEnding": "2018-12-31", "updatedFromDate": "2023-05-24"}, {"date": "2019-03-27", "symbol": "600985.SS", "eps": 0.514, "epsEstimated": null, "time": "bmo", "revenue": 9859221374.82, "revenueEstimated": null, "fiscalDateEnding": "2018-12-30", "updatedFromDate": "2023-05-17"}, {"date": "2019-03-27", "symbol": "NEVDD", "eps": null, "epsEstimated": null, "time": "bmo", "revenue": null, "revenueEstimated": null, "fiscalDateEnding": "2018-12-31", "updatedFromDate": "2023-05-17"}, {"date": "2019-03-27", "symbol": "LEAT", "eps": -0.00016, "epsEstimated": null, "time": "bmo", "revenue": 5514400, "revenueEstimated": null, "fiscalDateEnding": "2018-12-30", "updatedFromDate": "2023-09-29"}, {"date": "2019-03-27", "symbol": "BZQIY", "eps": -0.64, "epsEstimated": null, "time": "bmo", "revenue": null, "revenueEstimated": null, "fiscalDateEnding": "2018-12-31", "updatedFromDate": "2023-05-17"}, {"date": "2019-03-27", "symbol": "600456.SS", "eps": 0.1029, "epsEstimated": null, "time": "bmo", "revenue": 832855999.57, "revenueEstimated": null, "fiscalDateEnding": "2018-12-30", "updatedFromDate": "2023-05-17"}, {"date": "2019-03-27", "symbol": "HPS-A.TO", "eps": -1.28147, "epsEstimated": null, "time": "bmo", "revenue": 80463000, "revenueEstimated": null, "fiscalDateEnding": "2018-12-30", "updatedFromDate": "2023-05-17"}, {"date": "2019-03-27", "symbol": "RHIM.VI", "eps": null, "epsEstimated": null, "time": "bmo", "revenue": null, "revenueEstimated": null, "fiscalDateEnding": "2018-12-31", "updatedFromDate": "2023-05-17"}, {"date": "2019-03-27", "symbol": "SPG.TO", "eps": 0.04, "epsEstimated": 0.02, "time": "bmo", "revenue": 37909647, "revenueEstimated": null, "fiscalDateEnding": "2018-12-31", "updatedFromDate": "2023-05-17"}, {"date": "2019-03-27", "symbol": "600987.SS", "eps": 0.317, "epsEstimated": null, "time": "bmo", "revenue": 4582628610.65, "revenueEstimated": null, "fiscalDateEnding": "2018-12-30", "updatedFromDate": "2023-05-17"}, {"date": "2019-03-27", "symbol": "2911.TW", "eps": -0.25074, "epsEstimated": null, "time": "bmo", "revenue": 1392167000, "revenueEstimated": null, "fiscalDateEnding": "2019-03-30", "updatedFromDate": "2023-05-17"}, {"date": "2019-03-27", "symbol": "PZOL.TA", "eps": null, "epsEstimated": null, "time": "bmo", "revenue": null, "revenueEstimated": null, "fiscalDateEnding": "2018-12-31", "updatedFromDate": "2023-05-17"}, {"date": "2019-03-27", "symbol": "2006.TW", "eps": 0.11, "epsEstimated": 0.15, "time": "bmo", "revenue": 9886033000, "revenueEstimated": null, "fiscalDateEnding": "2018-12-30", "updatedFromDate": "2023-05-17"}, {"date": "2019-03-27", "symbol": "LEN.B", "eps": 0.74, "epsEstimated": null, "time": "bmo", "revenue": null, "revenueEstimated": null, "fiscalDateEnding": "2018-12-31", "updatedFromDate": "2023-09-29"}, {"date": "2019-03-27", "symbol": "4155.TW", "eps": 0.3762, "epsEstimated": null, "time": "bmo", "revenue": 281925000, "revenueEstimated": null, "fiscalDateEnding": "2018-12-27", "updatedFromDate": "2023-05-17"}, {"date": "2019-03-27", "symbol": "2462.TW", "eps": 0.68, "epsEstimated": 0.21, "time": "bmo", "revenue": 982323000, "revenueEstimated": null, "fiscalDateEnding": "2019-03-30", "updatedFromDate": "2023-05-17"}, {"date": "2019-03-27", "symbol": "0564.HK", "eps": 0.08976, "epsEstimated": null, "time": "bmo", "revenue": 6874798103.42, "revenueEstimated": null, "fiscalDateEnding": "2018-12-30", "updatedFromDate": "2023-05-17"}, {"date": "2019-03-27", "symbol": "ALTER.PA", "eps": null, "epsEstimated": null, "time": "bmo", "revenue": null, "revenueEstimated": null, "fiscalDateEnding": "2018-12-31", "updatedFromDate": "2023-05-17"}, {"date": "2019-03-27", "symbol": "EVO", "eps": 0.1079, "epsEstimated": null, "time": "bmo", "revenue": 105388000, "revenueEstimated": null, "fiscalDateEnding": "2018-12-31", "updatedFromDate": "2023-09-29"}, {"date": "2019-03-27", "symbol": "SPG.CO", "eps": 3.98, "epsEstimated": 3.2, "time": "bmo", "revenue": 496470000, "revenueEstimated": null, "fiscalDateEnding": "2018-12-30", "updatedFromDate": "2023-07-24"}, {"date": "2019-03-27", "symbol": "3369.HK", "eps": 0.02, "epsEstimated": null, "time": "bmo", "revenue": 1639294531.54, "revenueEstimated": null, "fiscalDateEnding": "2018-12-27", "updatedFromDate": "2023-05-17"}, {"date": "2019-03-27", "symbol": "600056.SS", "eps": 0.2848, "epsEstimated": null, "time": "bmo", "revenue": 8808799722.1, "revenueEstimated": null, "fiscalDateEnding": "2018-12-30", "updatedFromDate": "2023-05-17"}, {"date": "2019-03-27", "symbol": "CFXTF", "eps": -0.49, "epsEstimated": -0.33, "time": "bmo", "revenue": null, "revenueEstimated": null, "fiscalDateEnding": "2018-12-30", "updatedFromDate": "2023-08-16"}, {"date": "2019-03-27", "symbol": "2314.TW", "eps": 0.09, "epsEstimated": 0.14, "time": "bmo", "revenue": 2165866000, "revenueEstimated": null, "fiscalDateEnding": "2018-12-30", "updatedFromDate": "2023-05-17"}, {"date": "2019-03-27", "symbol": "1539.TW", "eps": 0.647, "epsEstimated": null, "time": "bmo", "revenue": 641883000, "revenueEstimated": null, "fiscalDateEnding": "2019-03-30", "updatedFromDate": "2023-05-17"}, {"date": "2019-03-27", "symbol": "NAVYA.PA", "eps": null, "epsEstimated": null, "time": "bmo", "revenue": null, "revenueEstimated": null, "fiscalDateEnding": "2018-12-27", "updatedFromDate": "2023-05-17"}, {"date": "2019-03-27", "symbol": "000063.SZ", "eps": 0.07, "epsEstimated": 0.25, "time": "bmo", "revenue": 26746964000, "revenueEstimated": null, "fiscalDateEnding": "2018-12-30", "updatedFromDate": "2023-05-17"}, {"date": "2019-03-27", "symbol": "002365.SZ", "eps": 0.023, "epsEstimated": null, "time": "bmo", "revenue": 279265466.8, "revenueEstimated": null, "fiscalDateEnding": "2019-03-30", "updatedFromDate": "2023-05-17"}, {"date": "2019-03-27", "symbol": "DMYD-B.ST", "eps": -0.15592, "epsEstimated": null, "time": "bmo", "revenue": 97000, "revenueEstimated": null, "fiscalDateEnding": "2019-02-27", "updatedFromDate": "2023-05-17"}, {"date": "2019-03-27", "symbol": "1752.HK", "eps": null, "epsEstimated": null, "time": "bmo", "revenue": null, "revenueEstimated": null, "fiscalDateEnding": "2019-03-31", "updatedFromDate": "2023-10-16"}, {"date": "2019-03-27", "symbol": "CDDRF", "eps": null, "epsEstimated": null, "time": "amc", "revenue": null, "revenueEstimated": null, "fiscalDateEnding": "2018-12-31", "updatedFromDate": "2023-08-16"}, {"date": "2019-03-27", "symbol": "1338.TW", "eps": 1.27, "epsEstimated": 1.89, "time": "bmo", "revenue": null, "revenueEstimated": null, "fiscalDateEnding": "2018-12-31", "updatedFromDate": "2023-08-16"}, {"date": "2019-03-27", "symbol": "BSBR", "eps": 0.25, "epsEstimated": 0.23, "time": "bmo", "revenue": 13323367000, "revenueEstimated": 12069937478, "fiscalDateEnding": "2018-12-31", "updatedFromDate": "2023-09-29"}, {"date": "2019-03-27", "symbol": "NEVDF", "eps": null, "epsEstimated": null, "time": "amc", "revenue": null, "revenueEstimated": null, "fiscalDateEnding": "2018-12-31", "updatedFromDate": "2023-08-16"}, {"date": "2019-03-27", "symbol": "SKPGF", "eps": 0.04, "epsEstimated": 0.02, "time": "amc", "revenue": null, "revenueEstimated": null, "fiscalDateEnding": "2018-12-31", "updatedFromDate": "2023-08-16"}, {"date": "2019-03-27", "symbol": "1858.HK", "eps": 0.1711, "epsEstimated": null, "time": "bmo", "revenue": 213831636.4775, "revenueEstimated": null, "fiscalDateEnding": "2018-12-27", "updatedFromDate": "2023-05-17"}, {"date": "2019-03-27", "symbol": "8030.SR", "eps": -2.07779, "epsEstimated": null, "time": "bmo", "revenue": 493437000, "revenueEstimated": null, "fiscalDateEnding": "2018-12-30", "updatedFromDate": "2023-05-17"}, {"date": "2019-03-27", "symbol": "SHWGF", "eps": null, "epsEstimated": null, "time": "bmo", "revenue": null, "revenueEstimated": null, "fiscalDateEnding": "2018-12-31", "updatedFromDate": "2023-05-17"}, {"date": "2019-03-27", "symbol": "PMT.TO", "eps": -0.00541, "epsEstimated": null, "time": "bmo", "revenue": 22556000, "revenueEstimated": null, "fiscalDateEnding": "2018-12-30", "updatedFromDate": "2023-08-16"}, {"date": "2019-03-27", "symbol": "ERB.WA", "eps": -1.65, "epsEstimated": null, "time": "bmo", "revenue": 600967000, "revenueEstimated": null, "fiscalDateEnding": "2018-12-27", "updatedFromDate": "2023-05-17"}, {"date": "2019-03-27", "symbol": "300105.SZ", "eps": null, "epsEstimated": null, "time": "bmo", "revenue": null, "revenueEstimated": null, "fiscalDateEnding": "2018-12-31", "updatedFromDate": "2023-05-31"}, {"date": "2019-03-27", "symbol": "ALSEN.PA", "eps": -0.17986, "epsEstimated": null, "time": "bmo", "revenue": 630679.25, "revenueEstimated": null, "fiscalDateEnding": "2018-12-27", "updatedFromDate": "2023-08-25"}, {"date": "2019-03-27", "symbol": "ZTCOF", "eps": null, "epsEstimated": null, "time": "bmo", "revenue": null, "revenueEstimated": null, "fiscalDateEnding": "2018-12-31", "updatedFromDate": "2023-08-16"}, {"date": "2019-03-27", "symbol": "PPR.TO", "eps": 0.08, "epsEstimated": -0.08, "time": "bmo", "revenue": 13542000, "revenueEstimated": null, "fiscalDateEnding": "2018-12-30", "updatedFromDate": "2023-08-16"}, {"date": "2019-03-27", "symbol": "PRV-UN.TO", "eps": 0.228, "epsEstimated": null, "time": "bmo", "revenue": 12207000, "revenueEstimated": null, "fiscalDateEnding": "2018-12-31", "updatedFromDate": "2023-08-16"}, {"date": "2019-03-27", "symbol": "POSI3.SA", "eps": -0.0306, "epsEstimated": null, "time": "bmo", "revenue": 487314000, "revenueEstimated": null, "fiscalDateEnding": "2018-12-30", "updatedFromDate": "2023-08-16"}, {"date": "2019-03-27", "symbol": "SISXF", "eps": 0.11, "epsEstimated": 0.13, "time": "bmo", "revenue": null, "revenueEstimated": null, "fiscalDateEnding": "2018-12-30", "updatedFromDate": "2023-08-16"}, {"date": "2019-03-27", "symbol": "4555.TW", "eps": 0.46, "epsEstimated": 0.46, "time": "bmo", "revenue": 399625000, "revenueEstimated": null, "fiscalDateEnding": "2018-12-30", "updatedFromDate": "2023-08-16"}, {"date": "2019-03-27", "symbol": "GMUAF", "eps": null, "epsEstimated": null, "time": "bmo", "revenue": null, "revenueEstimated": null, "fiscalDateEnding": "2018-12-31", "updatedFromDate": "2023-05-17"}, {"date": "2019-03-27", "symbol": "000858.SZ", "eps": 1, "epsEstimated": 0.88, "time": "bmo", "revenue": 10779902196.78, "revenueEstimated": null, "fiscalDateEnding": "2018-12-30", "updatedFromDate": "2023-08-16"}, {"date": "2019-03-27", "symbol": "603501.SS", "eps": -0.23074, "epsEstimated": null, "time": "bmo", "revenue": 850076927.68, "revenueEstimated": null, "fiscalDateEnding": "2018-12-30", "updatedFromDate": "2023-08-16"}, {"date": "2019-03-27", "symbol": "ORAAF", "eps": null, "epsEstimated": null, "time": "bmo", "revenue": null, "revenueEstimated": null, "fiscalDateEnding": "2018-12-31", "updatedFromDate": "2023-08-16"}, {"date": "2019-03-27", "symbol": "LPCK.JK", "eps": -989.31488, "epsEstimated": null, "time": "bmo", "revenue": 329511000000, "revenueEstimated": null, "fiscalDateEnding": "2018-12-30", "updatedFromDate": "2023-05-17"}, {"date": "2019-03-27", "symbol": "GEVO", "eps": -0.87, "epsEstimated": -0.66, "time": "amc", "revenue": 6625000, "revenueEstimated": 5268072.289156627, "fiscalDateEnding": "2018-12-30", "updatedFromDate": "2023-09-29"}, {"date": "2019-03-27", "symbol": "GTMS.TO", "eps": -0.1, "epsEstimated": -0.35, "time": "bmo", "revenue": 7092455, "revenueEstimated": null, "fiscalDateEnding": "2018-12-30", "updatedFromDate": "2023-08-16"}, {"date": "2019-03-27", "symbol": "FNNTF", "eps": null, "epsEstimated": null, "time": "bmo", "revenue": null, "revenueEstimated": null, "fiscalDateEnding": "2018-12-31", "updatedFromDate": "2023-05-17"}, {"date": "2019-03-27", "symbol": "STRI", "eps": -0.09, "epsEstimated": null, "time": "amc", "revenue": 2071000, "revenueEstimated": null, "fiscalDateEnding": "2018-12-31", "updatedFromDate": "2023-09-29"}, {"date": "2019-03-27", "symbol": "9917.TW", "eps": 1.21, "epsEstimated": null, "time": "bmo", "revenue": 3507907000, "revenueEstimated": null, "fiscalDateEnding": "2018-12-30", "updatedFromDate": "2023-08-16"}, {"date": "2019-03-27", "symbol": "TGRVF", "eps": null, "epsEstimated": null, "time": "bmo", "revenue": null, "revenueEstimated": null, "fiscalDateEnding": "2018-12-31", "updatedFromDate": "2023-09-29"}, {"date": "2019-03-27", "symbol": "600731.SS", "eps": 0.08575, "epsEstimated": null, "time": "bmo", "revenue": 575439824.54, "revenueEstimated": null, "fiscalDateEnding": "2018-12-30", "updatedFromDate": "2023-05-17"}, {"date": "2019-03-27", "symbol": "1528.HK", "eps": null, "epsEstimated": null, "time": "bmo", "revenue": null, "revenueEstimated": null, "fiscalDateEnding": "2018-12-27", "updatedFromDate": "2023-05-17"}, {"date": "2019-03-27", "symbol": "1733.TW", "eps": -0.32, "epsEstimated": -0.33, "time": "bmo", "revenue": 519949000, "revenueEstimated": null, "fiscalDateEnding": "2018-12-30", "updatedFromDate": "2023-08-16"}, {"date": "2019-03-27", "symbol": "0939.HK", "eps": 0.14, "epsEstimated": 0.2, "time": "bmo", "revenue": 158873000000, "revenueEstimated": null, "fiscalDateEnding": "2018-12-30", "updatedFromDate": "2023-08-16"}, {"date": "2019-03-27", "symbol": "1513.TW", "eps": 0.26, "epsEstimated": 0.4, "time": "bmo", "revenue": 3258430000, "revenueEstimated": null, "fiscalDateEnding": "2018-12-30", "updatedFromDate": "2023-08-16"}, {"date": "2019-03-27", "symbol": "ARMZF", "eps": null, "epsEstimated": null, "time": "bmo", "revenue": null, "revenueEstimated": null, "fiscalDateEnding": "2018-12-31", "updatedFromDate": "2023-05-17"}, {"date": "2019-03-27", "symbol": "0525.HK", "eps": -0.02, "epsEstimated": -0.00769, "time": "bmo", "revenue": 5246098792, "revenueEstimated": null, "fiscalDateEnding": "2018-12-30", "updatedFromDate": "2023-08-16"}, {"date": "2019-03-27", "symbol": "SLGRF", "eps": -0.28, "epsEstimated": 0.21, "time": "bmo", "revenue": null, "revenueEstimated": null, "fiscalDateEnding": "2018-12-31", "updatedFromDate": "2023-08-16"}, {"date": "2019-03-27", "symbol": "VALE", "eps": 0.73, "epsEstimated": 0.52, "time": "bmo", "revenue": 9813000000, "revenueEstimated": null, "fiscalDateEnding": "2018-12-31", "updatedFromDate": "2023-09-29"}, {"date": "2019-03-27", "symbol": "PFFVF", "eps": 1.99, "epsEstimated": 1.51, "time": "bmo", "revenue": null, "revenueEstimated": null, "fiscalDateEnding": "2018-12-31", "updatedFromDate": "2023-08-16"}, {"date": "2019-03-27", "symbol": "PRPRF", "eps": 0.08, "epsEstimated": -0.08, "time": "amc", "revenue": null, "revenueEstimated": null, "fiscalDateEnding": "2018-12-31", "updatedFromDate": "2023-08-16"}, {"date": "2019-03-27", "symbol": "AGFMF", "eps": 0.14, "epsEstimated": 0.12, "time": "bmo", "revenue": null, "revenueEstimated": null, "fiscalDateEnding": "2019-02-28", "updatedFromDate": "2023-08-16"}, {"date": "2019-03-27", "symbol": "YUMSF", "eps": -0.03953, "epsEstimated": null, "time": "bmo", "revenue": 6666183000, "revenueEstimated": null, "fiscalDateEnding": "2019-02-28", "updatedFromDate": "2023-08-17"}, {"date": "2019-03-27", "symbol": "UAVS", "eps": -0.06, "epsEstimated": null, "time": "bmo", "revenue": 36975, "revenueEstimated": null, "fiscalDateEnding": "2018-12-30", "updatedFromDate": "2023-09-29"}, {"date": "2019-03-27", "symbol": "PTNR.TA", "eps": 0.085, "epsEstimated": null, "time": "bmo", "revenue": 3259000000, "revenueEstimated": null, "fiscalDateEnding": "2018-12-31", "updatedFromDate": "2023-08-17"}, {"date": "2019-03-27", "symbol": "6245.TWO", "eps": 1.31, "epsEstimated": 1.42, "time": "bmo", "revenue": 2258704000, "revenueEstimated": null, "fiscalDateEnding": "2018-12-30", "updatedFromDate": "2023-08-16"}, {"date": "2019-03-27", "symbol": "EVOTF", "eps": 0.01, "epsEstimated": 0.06, "time": "bmo", "revenue": null, "revenueEstimated": null, "fiscalDateEnding": "2018-12-31", "updatedFromDate": "2023-08-16"}, {"date": "2019-03-27", "symbol": "3041.TW", "eps": -1.52, "epsEstimated": -1.51, "time": "bmo", "revenue": 587794000, "revenueEstimated": null, "fiscalDateEnding": "2018-12-30", "updatedFromDate": "2023-08-16"}, {"date": "2019-03-27", "symbol": "000932.SZ", "eps": 0.3109, "epsEstimated": null, "time": "bmo", "revenue": 22610392940.88, "revenueEstimated": null, "fiscalDateEnding": "2018-12-30", "updatedFromDate": "2023-05-17"}, {"date": "2019-03-27", "symbol": "CYCC", "eps": -3.4, "epsEstimated": -3.47, "time": "amc", "revenue": 150000, "revenueEstimated": 153088.23529411768, "fiscalDateEnding": "2018-12-30", "updatedFromDate": "2023-09-29"}, {"date": "2019-03-27", "symbol": "600604.SS", "eps": 0.09701, "epsEstimated": null, "time": "bmo", "revenue": 102921664.5, "revenueEstimated": null, "fiscalDateEnding": "2018-12-30", "updatedFromDate": "2023-05-17"}, {"date": "2019-03-27", "symbol": "TPLKF", "eps": null, "epsEstimated": null, "time": "bmo", "revenue": null, "revenueEstimated": null, "fiscalDateEnding": "2018-12-31", "updatedFromDate": "2023-08-16"}, {"date": "2019-03-27", "symbol": "002486.SZ", "eps": 0.00867, "epsEstimated": null, "time": "bmo", "revenue": 254797588.64, "revenueEstimated": null, "fiscalDateEnding": "2018-12-30", "updatedFromDate": "2023-05-17"}, {"date": "2019-03-27", "symbol": "000550.SZ", "eps": -0.14, "epsEstimated": -0.019, "time": "bmo", "revenue": 8059215738, "revenueEstimated": null, "fiscalDateEnding": "2018-12-30", "updatedFromDate": "2023-08-16"}, {"date": "2019-03-27", "symbol": "GNGYF", "eps": null, "epsEstimated": null, "time": "bmo", "revenue": null, "revenueEstimated": null, "fiscalDateEnding": "2018-12-31", "updatedFromDate": "2023-08-16"}, {"date": "2019-03-27", "symbol": "ARCO", "eps": 0.04, "epsEstimated": 0.26, "time": "bmo", "revenue": 753342000, "revenueEstimated": 2111774888.888889, "fiscalDateEnding": "2018-12-31", "updatedFromDate": "2023-09-29"}, {"date": "2019-03-27", "symbol": "4551.TW", "eps": 1.75, "epsEstimated": 2, "time": "bmo", "revenue": 1160270000, "revenueEstimated": null, "fiscalDateEnding": "2018-12-30", "updatedFromDate": "2023-05-17"}, {"date": "2019-03-27", "symbol": "MZTFF", "eps": 0.87, "epsEstimated": 1.36, "time": "bmo", "revenue": null, "revenueEstimated": null, "fiscalDateEnding": "2018-12-31", "updatedFromDate": "2023-05-17"}, {"date": "2019-03-27", "symbol": "CHRA", "eps": 1.8, "epsEstimated": 2.8, "time": "bmo", "revenue": 203208000, "revenueEstimated": 304812000, "fiscalDateEnding": "2018-12-30", "updatedFromDate": "2023-09-29"}, {"date": "2019-03-27", "symbol": "1513.HK", "eps": 0.15, "epsEstimated": 0.11, "time": "bmo", "revenue": 2019219776.83, "revenueEstimated": null, "fiscalDateEnding": "2018-12-31", "updatedFromDate": "2023-08-16"}, {"date": "2019-03-27", "symbol": "FAST.JK", "eps": 28.88, "epsEstimated": null, "time": "bmo", "revenue": 1577687983000, "revenueEstimated": null, "fiscalDateEnding": "2018-12-30", "updatedFromDate": "2023-05-17"}, {"date": "2019-03-27", "symbol": "200550.SZ", "eps": -0.14, "epsEstimated": 0.11, "time": "bmo", "revenue": null, "revenueEstimated": null, "fiscalDateEnding": "2018-12-31", "updatedFromDate": "2023-08-16"}, {"date": "2019-03-27", "symbol": "CDB.V", "eps": -0.12408, "epsEstimated": null, "time": "bmo", "revenue": null, "revenueEstimated": null, "fiscalDateEnding": "2018-12-31", "updatedFromDate": "2023-10-16"}, {"date": "2019-03-27", "symbol": "TLLYF", "eps": -0.07, "epsEstimated": -0.09, "time": "amc", "revenue": 206951000, "revenueEstimated": null, "fiscalDateEnding": "2018-12-31", "updatedFromDate": "2023-08-16"}, {"date": "2019-03-27", "symbol": "3031.TW", "eps": 0.16, "epsEstimated": 0.05, "time": "bmo", "revenue": 403499000, "revenueEstimated": null, "fiscalDateEnding": "2018-12-30", "updatedFromDate": "2023-08-16"}, {"date": "2019-03-27", "symbol": "EBR-B", "eps": 10.97, "epsEstimated": null, "time": "bmo", "revenue": -3129635000, "revenueEstimated": null, "fiscalDateEnding": "2018-12-31", "updatedFromDate": "2023-08-25"}, {"date": "2019-03-27", "symbol": "CEBUF", "eps": 4.5, "epsEstimated": 4.39, "time": "bmo", "revenue": null, "revenueEstimated": 1441871111.111111, "fiscalDateEnding": "2018-12-31", "updatedFromDate": "2023-08-16"}, {"date": "2019-03-27", "symbol": "PHIO", "eps": -65.96, "epsEstimated": -72.6, "time": "bmo", "revenue": null, "revenueEstimated": 151799.99999999997, "fiscalDateEnding": "2018-12-30", "updatedFromDate": "2023-09-29"}, {"date": "2019-03-27", "symbol": "CD.V", "eps": null, "epsEstimated": null, "time": "bmo", "revenue": null, "revenueEstimated": null, "fiscalDateEnding": "2019-06-30", "updatedFromDate": "2023-05-17"}, {"date": "2019-03-27", "symbol": "002671.SZ", "eps": -0.20195, "epsEstimated": null, "time": "bmo", "revenue": 269063720.42, "revenueEstimated": null, "fiscalDateEnding": "2018-12-30", "updatedFromDate": "2023-05-17"}, {"date": "2019-03-27", "symbol": "AIRYY", "eps": 0.662, "epsEstimated": null, "time": "bmo", "revenue": 136774403000, "revenueEstimated": null, "fiscalDateEnding": "2018-12-31", "updatedFromDate": "2023-09-29"}, {"date": "2019-03-27", "symbol": "SEA.TO", "eps": -0.07, "epsEstimated": -0.05, "time": "bmo", "revenue": null, "revenueEstimated": null, "fiscalDateEnding": "2018-12-27", "updatedFromDate": "2023-05-17"}, {"date": "2019-03-27", "symbol": "TAPM", "eps": -0.03291, "epsEstimated": null, "time": "bmo", "revenue": 568580, "revenueEstimated": null, "fiscalDateEnding": "2018-12-30", "updatedFromDate": "2023-09-29"}, {"date": "2019-03-27", "symbol": "1087.HK", "eps": -0.00441, "epsEstimated": null, "time": "bmo", "revenue": 122170500, "revenueEstimated": null, "fiscalDateEnding": "2019-03-30", "updatedFromDate": "2023-05-17"}, {"date": "2019-03-27", "symbol": "MOTS", "eps": -6.8, "epsEstimated": -6.6, "time": "bmo", "revenue": -2000, "revenueEstimated": 1882.3529411764705, "fiscalDateEnding": "2018-12-30", "updatedFromDate": "2023-09-29"}, {"date": "2019-03-27", "symbol": "4564.TW", "eps": 1.09, "epsEstimated": 0.92, "time": "bmo", "revenue": 769362000, "revenueEstimated": null, "fiscalDateEnding": "2018-12-30", "updatedFromDate": "2023-05-17"}, {"date": "2019-03-27", "symbol": "1066.HK", "eps": null, "epsEstimated": null, "time": "bmo", "revenue": null, "revenueEstimated": null, "fiscalDateEnding": "2018-12-27", "updatedFromDate": "2023-05-17"}, {"date": "2019-03-27", "symbol": "ORMNF", "eps": -0.00636, "epsEstimated": null, "time": "bmo", "revenue": null, "revenueEstimated": null, "fiscalDateEnding": "2018-12-27", "updatedFromDate": "2023-10-16"}, {"date": "2019-03-27", "symbol": "ASTPF", "eps": null, "epsEstimated": null, "time": "bmo", "revenue": null, "revenueEstimated": null, "fiscalDateEnding": "2018-12-31", "updatedFromDate": "2023-05-17"}, {"date": "2019-03-27", "symbol": "WEDXF", "eps": 0.04, "epsEstimated": 0.03962, "time": "bmo", "revenue": 24137000, "revenueEstimated": null, "fiscalDateEnding": "2018-12-31", "updatedFromDate": "2023-09-29"}, {"date": "2019-03-27", "symbol": "SMMT", "eps": -0.35, "epsEstimated": -0.35, "time": "bmo", "revenue": 662338.514001, "revenueEstimated": null, "fiscalDateEnding": "2019-01-31", "updatedFromDate": "2023-09-29"}, {"date": "2019-03-27", "symbol": "PVH", "eps": 1.84, "epsEstimated": 1.75, "time": "amc", "revenue": 2587700000, "revenueEstimated": 2376000000, "fiscalDateEnding": "2018-12-27", "updatedFromDate": "2023-10-10"}, {"date": "2019-03-27", "symbol": "RKDA", "eps": -5.6, "epsEstimated": -30.4, "time": "amc", "revenue": 444000, "revenueEstimated": 2410285.714285714, "fiscalDateEnding": "2018-12-30", "updatedFromDate": "2023-09-29"}, {"date": "2019-03-27", "symbol": "ROS.V", "eps": -0.00923, "epsEstimated": null, "time": "bmo", "revenue": null, "revenueEstimated": null, "fiscalDateEnding": "2019-01-30", "updatedFromDate": "2023-05-17"}, {"date": "2019-03-27", "symbol": "8081.TW", "eps": 1.36, "epsEstimated": 1.55, "time": "bmo", "revenue": 1147923000, "revenueEstimated": null, "fiscalDateEnding": "2018-12-30", "updatedFromDate": "2023-05-17"}, {"date": "2019-03-27", "symbol": "ICON", "eps": -9.03886, "epsEstimated": null, "time": "bmo", "revenue": 42705000, "revenueEstimated": null, "fiscalDateEnding": "2018-12-30", "updatedFromDate": "2023-05-17"}, {"date": "2019-03-27", "symbol": "TRCN.ME", "eps": 206.26, "epsEstimated": null, "time": "bmo", "revenue": 21239000000, "revenueEstimated": null, "fiscalDateEnding": "2018-12-30", "updatedFromDate": "2023-05-17"}, {"date": "2019-03-27", "symbol": "GBNH", "eps": 0.1, "epsEstimated": 0.35, "time": "amc", "revenue": 21259015, "revenueEstimated": null, "fiscalDateEnding": "2018-12-31", "updatedFromDate": "2023-09-29"}, {"date": "2019-03-27", "symbol": "ARIS.TO", "eps": 0.1969, "epsEstimated": null, "time": "bmo", "revenue": 68207000, "revenueEstimated": null, "fiscalDateEnding": "2018-12-31", "updatedFromDate": "2023-10-16"}, {"date": "2019-03-27", "symbol": "RVLP", "eps": 0.12, "epsEstimated": 0.07, "time": "bmo", "revenue": 65696750, "revenueEstimated": null, "fiscalDateEnding": "2018-12-30", "updatedFromDate": "2023-09-29"}, {"date": "2019-03-27", "symbol": "1783.TW", "eps": 0.07, "epsEstimated": 0.29, "time": "bmo", "revenue": 94055000, "revenueEstimated": null, "fiscalDateEnding": "2018-12-30", "updatedFromDate": "2023-05-17"}, {"date": "2019-03-27", "symbol": "601881.SS", "eps": 0.1, "epsEstimated": 0.09, "time": "bmo", "revenue": 3709634890.08, "revenueEstimated": null, "fiscalDateEnding": "2018-12-27", "updatedFromDate": "2023-05-17"}, {"date": "2019-03-27", "symbol": "CFF.TO", "eps": -0.49, "epsEstimated": -0.33, "time": "bmo", "revenue": 156648400, "revenueEstimated": null, "fiscalDateEnding": "2018-12-30", "updatedFromDate": "2023-05-17"}, {"date": "2019-03-27", "symbol": "3056.TW", "eps": -0.19984, "epsEstimated": null, "time": "bmo", "revenue": 138364000, "revenueEstimated": null, "fiscalDateEnding": "2018-12-31", "updatedFromDate": "2023-08-17"}, {"date": "2019-03-27", "symbol": "1214.SR", "eps": -1.5, "epsEstimated": -0.66, "time": "bmo", "revenue": 172814000, "revenueEstimated": null, "fiscalDateEnding": "2018-12-30", "updatedFromDate": "2023-05-17"}, {"date": "2019-03-27", "symbol": "601699.SS", "eps": 0.145, "epsEstimated": null, "time": "bmo", "revenue": 7819699406.89, "revenueEstimated": null, "fiscalDateEnding": "2018-12-30", "updatedFromDate": "2023-05-17"}, {"date": "2019-03-27", "symbol": "2031.TW", "eps": -1.26, "epsEstimated": -0.035, "time": "bmo", "revenue": 1911955000, "revenueEstimated": null, "fiscalDateEnding": "2018-12-30", "updatedFromDate": "2023-05-17"}, {"date": "2019-03-27", "symbol": "600711.SS", "eps": 0.00948, "epsEstimated": null, "time": "bmo", "revenue": 11793936105.97, "revenueEstimated": null, "fiscalDateEnding": "2018-12-30", "updatedFromDate": "2023-05-17"}, {"date": "2019-03-27", "symbol": "NCU.TO", "eps": -0.02174, "epsEstimated": null, "time": "bmo", "revenue": null, "revenueEstimated": null, "fiscalDateEnding": "2018-12-31", "updatedFromDate": "2023-10-16"}, {"date": "2019-03-27", "symbol": "CCCMF", "eps": null, "epsEstimated": null, "time": "bmo", "revenue": null, "revenueEstimated": null, "fiscalDateEnding": "2018-12-31", "updatedFromDate": "2023-05-17"}, {"date": "2019-03-27", "symbol": "CPP.L", "eps": -0.02735, "epsEstimated": null, "time": "bmo", "revenue": 34590500, "revenueEstimated": null, "fiscalDateEnding": "2018-12-27", "updatedFromDate": "2023-05-17"}, {"date": "2019-03-27", "symbol": "1614.TW", "eps": 0.1168, "epsEstimated": null, "time": "bmo", "revenue": 968102000, "revenueEstimated": null, "fiscalDateEnding": "2018-12-30", "updatedFromDate": "2023-05-17"}, {"date": "2019-03-27", "symbol": "601939.SS", "eps": 0.14, "epsEstimated": null, "time": "bmo", "revenue": 158873000000, "revenueEstimated": null, "fiscalDateEnding": "2018-12-30", "updatedFromDate": "2023-05-17"}, {"date": "2019-03-27", "symbol": "CAIAF", "eps": null, "epsEstimated": null, "time": "bmo", "revenue": null, "revenueEstimated": null, "fiscalDateEnding": "2018-12-31", "updatedFromDate": "2023-05-17"}, {"date": "2019-03-27", "symbol": "TITN", "eps": -0.04, "epsEstimated": -0.00545, "time": "bmo", "revenue": 359647000, "revenueEstimated": 89911750, "fiscalDateEnding": "2019-01-30", "updatedFromDate": "2023-09-29"}, {"date": "2019-03-27", "symbol": "CAI.VI", "eps": null, "epsEstimated": null, "time": "bmo", "revenue": null, "revenueEstimated": null, "fiscalDateEnding": "2018-12-31", "updatedFromDate": "2023-05-17"}, {"date": "2019-03-27", "symbol": "VRNT", "eps": 1.08, "epsEstimated": 1.01, "time": "amc", "revenue": 330230000, "revenueEstimated": 308826203.7037037, "fiscalDateEnding": "2019-01-30", "updatedFromDate": "2023-09-29"}, {"date": "2019-03-27", "symbol": "NHK.TO", "eps": 0.0173, "epsEstimated": -0.05, "time": "bmo", "revenue": null, "revenueEstimated": null, "fiscalDateEnding": "2018-12-31", "updatedFromDate": "2023-10-16"}, {"date": "2019-03-27", "symbol": "EYEN", "eps": -0.6, "epsEstimated": -0.43, "time": "bmo", "revenue": null, "revenueEstimated": null, "fiscalDateEnding": "2018-12-30", "updatedFromDate": "2023-09-29"}, {"date": "2019-03-27", "symbol": "000555.SZ", "eps": -0.26388, "epsEstimated": null, "time": "bmo", "revenue": 2906088182.75, "revenueEstimated": null, "fiscalDateEnding": "2018-12-30", "updatedFromDate": "2023-05-17"}, {"date": "2019-03-27", "symbol": "3049.TW", "eps": -0.04, "epsEstimated": -0.00678, "time": "bmo", "revenue": 645319000, "revenueEstimated": null, "fiscalDateEnding": "2018-12-30", "updatedFromDate": "2023-05-17"}, {"date": "2019-03-27", "symbol": "NPCPF", "eps": null, "epsEstimated": 21.78, "time": "bmo", "revenue": null, "revenueEstimated": null, "fiscalDateEnding": "2018-12-31", "updatedFromDate": "2023-09-29"}, {"date": "2019-03-27", "symbol": "2666.HK", "eps": 0.2381, "epsEstimated": null, "time": "bmo", "revenue": 1703896750, "revenueEstimated": null, "fiscalDateEnding": "2018-12-27", "updatedFromDate": "2023-05-17"}, {"date": "2019-03-27", "symbol": "GOVX", "eps": -48795.76923, "epsEstimated": null, "time": "bmo", "revenue": 299295, "revenueEstimated": null, "fiscalDateEnding": "2018-12-30", "updatedFromDate": "2023-09-29"}, {"date": "2019-03-27", "symbol": "NANX", "eps": -0.03, "epsEstimated": null, "time": "amc", "revenue": 3156652, "revenueEstimated": null, "fiscalDateEnding": "2018-12-30", "updatedFromDate": "2023-09-29"}, {"date": "2019-03-27", "symbol": "601828.SS", "eps": null, "epsEstimated": null, "time": "bmo", "revenue": null, "revenueEstimated": null, "fiscalDateEnding": "2018-12-27", "updatedFromDate": "2023-05-17"}, {"date": "2019-03-27", "symbol": "FUL", "eps": 0.34, "epsEstimated": 0.34, "time": "amc", "revenue": 672935000, "revenueEstimated": 672935000, "fiscalDateEnding": "2019-03-01", "updatedFromDate": "2023-09-29"}, {"date": "2019-03-27", "symbol": "603658.SS", "eps": 0.2231, "epsEstimated": null, "time": "bmo", "revenue": 547965150.55, "revenueEstimated": null, "fiscalDateEnding": "2018-12-27", "updatedFromDate": "2023-05-17"}, {"date": "2019-03-27", "symbol": "601799.SS", "eps": 0.62, "epsEstimated": 0.61, "time": "bmo", "revenue": 1424278982.26, "revenueEstimated": null, "fiscalDateEnding": "2018-12-27", "updatedFromDate": "2023-05-17"}, {"date": "2019-03-27", "symbol": "3356.TW", "eps": 0.01583, "epsEstimated": null, "time": "bmo", "revenue": 368151000, "revenueEstimated": null, "fiscalDateEnding": "2018-12-30", "updatedFromDate": "2023-05-17"}, {"date": "2019-03-27", "symbol": "1817.TW", "eps": 1.09, "epsEstimated": 1.1, "time": "bmo", "revenue": 617687000, "revenueEstimated": null, "fiscalDateEnding": "2018-12-30", "updatedFromDate": "2023-05-17"}, {"date": "2019-03-27", "symbol": "ELET6.SA", "eps": 9.02, "epsEstimated": null, "time": "bmo", "revenue": -3129635000, "revenueEstimated": null, "fiscalDateEnding": "2018-12-30", "updatedFromDate": "2023-05-17"}, {"date": "2019-03-27", "symbol": "OSMT", "eps": -0.12, "epsEstimated": -0.07, "time": "bmo", "revenue": 65696750, "revenueEstimated": 38322900.00000001, "fiscalDateEnding": "2018-12-30", "updatedFromDate": "2023-05-17"}, {"date": "2019-03-27", "symbol": "600528.SS", "eps": 0.17, "epsEstimated": null, "time": "bmo", "revenue": 4831879944.61, "revenueEstimated": null, "fiscalDateEnding": "2018-12-27", "updatedFromDate": "2023-05-17"}, {"date": "2019-03-27", "symbol": "OMZNF", "eps": -0.02, "epsEstimated": -0.006, "time": "bmo", "revenue": null, "revenueEstimated": null, "fiscalDateEnding": "2018-12-31", "updatedFromDate": "2023-05-17"}, {"date": "2019-03-27", "symbol": "QUINENCO.SN", "eps": 78.41, "epsEstimated": null, "time": "bmo", "revenue": 1323697151000, "revenueEstimated": null, "fiscalDateEnding": "2018-12-27", "updatedFromDate": "2023-05-17"}, {"date": "2019-03-27", "symbol": "OPAP.AT", "eps": null, "epsEstimated": null, "time": "bmo", "revenue": null, "revenueEstimated": null, "fiscalDateEnding": "2018-12-31", "updatedFromDate": "2023-05-17"}, {"date": "2019-03-27", "symbol": "601811.SS", "eps": 0.18, "epsEstimated": null, "time": "bmo", "revenue": 1709289039.03, "revenueEstimated": null, "fiscalDateEnding": "2018-12-27", "updatedFromDate": "2023-05-17"}, {"date": "2019-03-27", "symbol": "HER.MI", "eps": 0.04986, "epsEstimated": null, "time": "bmo", "revenue": 1770500000, "revenueEstimated": null, "fiscalDateEnding": "2018-12-30", "updatedFromDate": "2023-05-17"}, {"date": "2019-03-27", "symbol": "600362.SS", "eps": 0.1154, "epsEstimated": null, "time": "bmo", "revenue": 52692506316, "revenueEstimated": null, "fiscalDateEnding": "2018-12-30", "updatedFromDate": "2023-05-17"}, {"date": "2019-03-27", "symbol": "TPRFF", "eps": null, "epsEstimated": null, "time": "amc", "revenue": null, "revenueEstimated": null, "fiscalDateEnding": "2018-12-30", "updatedFromDate": "2023-08-16"}, {"date": "2019-03-27", "symbol": "DYAI", "eps": 0.02, "epsEstimated": 0.06, "time": "bmo", "revenue": 686875, "revenueEstimated": 2060639.9999999998, "fiscalDateEnding": "2018-12-30", "updatedFromDate": "2023-09-29"}, {"date": "2019-03-27", "symbol": "3419.TW", "eps": 0.2, "epsEstimated": 0.02, "time": "bmo", "revenue": 422584000, "revenueEstimated": null, "fiscalDateEnding": "2018-12-30", "updatedFromDate": "2023-05-17"}, {"date": "2019-03-27", "symbol": "CDYCF", "eps": null, "epsEstimated": null, "time": "bmo", "revenue": null, "revenueEstimated": null, "fiscalDateEnding": "2018-12-31", "updatedFromDate": "2023-05-17"}, {"date": "2019-03-27", "symbol": "1799.HK", "eps": 0.11, "epsEstimated": null, "time": "bmo", "revenue": 2180528250, "revenueEstimated": null, "fiscalDateEnding": "2018-12-27", "updatedFromDate": "2023-05-17"}, {"date": "2019-03-27", "symbol": "PHIOW", "eps": -5.5, "epsEstimated": -6.05, "time": "bmo", "revenue": null, "revenueEstimated": 98999.99999999999, "fiscalDateEnding": "2018-12-31", "updatedFromDate": "2023-05-17"}, {"date": "2019-03-27", "symbol": "3057.TW", "eps": -0.65456, "epsEstimated": null, "time": "bmo", "revenue": 392774000, "revenueEstimated": null, "fiscalDateEnding": "2018-12-30", "updatedFromDate": "2023-05-17"}, {"date": "2019-03-27", "symbol": "000631.SZ", "eps": 0.06162, "epsEstimated": null, "time": "bmo", "revenue": 828913172.82, "revenueEstimated": null, "fiscalDateEnding": "2018-12-30", "updatedFromDate": "2023-05-17"}, {"date": "2019-03-27", "symbol": "WED.V", "eps": 0.05, "epsEstimated": 0.05, "time": "bmo", "revenue": 7362000, "revenueEstimated": null, "fiscalDateEnding": "2018-12-30", "updatedFromDate": "2023-05-17"}, {"date": "2019-03-27", "symbol": "HOME", "eps": 0.47, "epsEstimated": 0.48, "time": "bmo", "revenue": 306264000, "revenueEstimated": 361599319.14893615, "fiscalDateEnding": "2018-12-27", "updatedFromDate": "2023-05-17"}, {"date": "2019-03-27", "symbol": "BZQIF", "eps": -0.64, "epsEstimated": null, "time": "bmo", "revenue": null, "revenueEstimated": null, "fiscalDateEnding": "2018-12-31", "updatedFromDate": "2023-05-17"}, {"date": "2019-03-27", "symbol": "TGYM.MI", "eps": null, "epsEstimated": null, "time": "bmo", "revenue": null, "revenueEstimated": null, "fiscalDateEnding": "2018-12-31", "updatedFromDate": "2023-05-17"}, {"date": "2019-03-27", "symbol": "AICAF", "eps": null, "epsEstimated": null, "time": "bmo", "revenue": null, "revenueEstimated": null, "fiscalDateEnding": "2018-12-31", "updatedFromDate": "2023-05-17"}, {"date": "2019-03-27", "symbol": "PMGYF", "eps": null, "epsEstimated": null, "time": "bmo", "revenue": null, "revenueEstimated": null, "fiscalDateEnding": "2018-12-31", "updatedFromDate": "2023-05-17"}, {"date": "2019-03-27", "symbol": "1456.HK", "eps": 0.06851, "epsEstimated": null, "time": "bmo", "revenue": 372201250, "revenueEstimated": null, "fiscalDateEnding": "2019-03-30", "updatedFromDate": "2023-05-17"}, {"date": "2019-03-27", "symbol": "SNX", "eps": 2.84, "epsEstimated": 2.75, "time": "amc", "revenue": 5249453000, "revenueEstimated": 5064613105.633803, "fiscalDateEnding": "2019-02-27", "updatedFromDate": "2023-09-29"}, {"date": "2019-03-27", "symbol": "000559.SZ", "eps": 0.05167, "epsEstimated": null, "time": "bmo", "revenue": 2783298438.17, "revenueEstimated": null, "fiscalDateEnding": "2018-12-30", "updatedFromDate": "2023-05-17"}, {"date": "2019-03-27", "symbol": "SMTTF", "eps": null, "epsEstimated": null, "time": "bmo", "revenue": null, "revenueEstimated": null, "fiscalDateEnding": "2018-12-31", "updatedFromDate": "2023-05-17"}, {"date": "2019-03-27", "symbol": "HRASF", "eps": null, "epsEstimated": null, "time": "bmo", "revenue": null, "revenueEstimated": null, "fiscalDateEnding": "2018-12-31", "updatedFromDate": "2023-05-17"}, {"date": "2019-03-27", "symbol": "EACO", "eps": 0.4, "epsEstimated": null, "time": "amc", "revenue": 52559000, "revenueEstimated": null, "fiscalDateEnding": "2019-02-27", "updatedFromDate": "2023-09-29"}, {"date": "2019-03-27", "symbol": "MYOS", "eps": -0.10171, "epsEstimated": -0.13, "time": "bmo", "revenue": 149000, "revenueEstimated": null, "fiscalDateEnding": "2018-12-30", "updatedFromDate": "2023-05-17"}, {"date": "2019-03-27", "symbol": "910861.TW", "eps": null, "epsEstimated": null, "time": "bmo", "revenue": null, "revenueEstimated": null, "fiscalDateEnding": "2018-12-27", "updatedFromDate": "2023-10-16"}, {"date": "2019-03-27", "symbol": "AFMD", "eps": 0.14, "epsEstimated": 0.16, "time": "bmo", "revenue": 22747000, "revenueEstimated": 12974857.142857142, "fiscalDateEnding": "2018-12-31", "updatedFromDate": "2023-09-29"}, {"date": "2019-03-27", "symbol": "VALE3.SA", "eps": 0.73, "epsEstimated": 0.7, "time": "bmo", "revenue": 9813000000, "revenueEstimated": null, "fiscalDateEnding": "2018-12-30", "updatedFromDate": "2023-05-17"}, {"date": "2019-03-27", "symbol": "WILC", "eps": 0.0749, "epsEstimated": null, "time": "bmo", "revenue": 84024000, "revenueEstimated": null, "fiscalDateEnding": "2018-12-31", "updatedFromDate": "2023-09-29"}, {"date": "2019-03-27", "symbol": "600971.SS", "eps": 0.4433, "epsEstimated": null, "time": "bmo", "revenue": 1237216877.58, "revenueEstimated": null, "fiscalDateEnding": "2018-12-30", "updatedFromDate": "2023-05-17"}, {"date": "2019-03-27", "symbol": "4465.T", "eps": 50.76, "epsEstimated": null, "time": "bmo", "revenue": 4567344000, "revenueEstimated": null, "fiscalDateEnding": "2018-12-27", "updatedFromDate": "2023-10-17"}, {"date": "2019-03-27", "symbol": "002205.SZ", "eps": 0.04345, "epsEstimated": null, "time": "bmo", "revenue": 394594546.93, "revenueEstimated": null, "fiscalDateEnding": "2018-12-30", "updatedFromDate": "2023-05-17"}, {"date": "2019-03-27", "symbol": "600326.SS", "eps": 0.0054, "epsEstimated": null, "time": "bmo", "revenue": 546333949.62, "revenueEstimated": null, "fiscalDateEnding": "2019-03-30", "updatedFromDate": "2023-05-17"}, {"date": "2019-03-27", "symbol": "1795.TW", "eps": 0.31, "epsEstimated": 0.24, "time": "bmo", "revenue": 1722595000, "revenueEstimated": null, "fiscalDateEnding": "2018-12-30", "updatedFromDate": "2023-05-17"}, {"date": "2019-03-27", "symbol": "USIO", "eps": 0.07, "epsEstimated": 0.07, "time": "bmo", "revenue": 6422841, "revenueEstimated": 6422840, "fiscalDateEnding": "2018-12-30", "updatedFromDate": "2023-09-29"}, {"date": "2019-03-27", "symbol": "ABCP", "eps": 0.01, "epsEstimated": null, "time": "amc", "revenue": 101000, "revenueEstimated": null, "fiscalDateEnding": "2018-12-30", "updatedFromDate": "2023-09-29"}, {"date": "2019-03-27", "symbol": "MRDS.QA", "eps": null, "epsEstimated": null, "time": "bmo", "revenue": null, "revenueEstimated": null, "fiscalDateEnding": "2018-12-31", "updatedFromDate": "2023-05-17"}, {"date": "2019-03-27", "symbol": "2298.HK", "eps": -0.14461, "epsEstimated": null, "time": "bmo", "revenue": 1020471250, "revenueEstimated": null, "fiscalDateEnding": "2018-12-27", "updatedFromDate": "2023-05-17"}, {"date": "2019-03-27", "symbol": "FIVE", "eps": 1.58, "epsEstimated": 1.57, "time": "amc", "revenue": 377438000, "revenueEstimated": 598893534.591195, "fiscalDateEnding": "2018-12-27", "updatedFromDate": "2023-10-10"}, {"date": "2019-03-27", "symbol": "MDVL", "eps": null, "epsEstimated": -1.56, "time": "amc", "revenue": null, "revenueEstimated": null, "fiscalDateEnding": "2018-12-29", "updatedFromDate": "2023-09-29"}, {"date": "2019-03-27", "symbol": "EQ", "eps": -0.31, "epsEstimated": -0.36, "time": "bmo", "revenue": null, "revenueEstimated": 4938.419354838709, "fiscalDateEnding": "2018-12-30", "updatedFromDate": "2023-09-29"}, {"date": "2019-03-27", "symbol": "LGNRF", "eps": 1.76, "epsEstimated": 1.07, "time": "bmo", "revenue": null, "revenueEstimated": null, "fiscalDateEnding": "2018-12-31", "updatedFromDate": "2023-05-17"}, {"date": "2019-03-27", "symbol": "603099.SS", "eps": -0.03569, "epsEstimated": null, "time": "bmo", "revenue": 80187700.87, "revenueEstimated": null, "fiscalDateEnding": "2018-12-30", "updatedFromDate": "2023-05-17"}, {"date": "2019-03-27", "symbol": "RGGLF", "eps": null, "epsEstimated": null, "time": "bmo", "revenue": null, "revenueEstimated": null, "fiscalDateEnding": "2018-12-31", "updatedFromDate": "2023-05-17"}, {"date": "2019-03-27", "symbol": "601808.SS", "eps": 0.08, "epsEstimated": 0.08, "time": "bmo", "revenue": 8227517305, "revenueEstimated": null, "fiscalDateEnding": "2018-12-30", "updatedFromDate": "2023-08-16"}, {"date": "2019-03-27", "symbol": "IPATF", "eps": -0.05, "epsEstimated": -0.1, "time": "bmo", "revenue": null, "revenueEstimated": null, "fiscalDateEnding": "2018-12-31", "updatedFromDate": "2023-05-17"}, {"date": "2019-03-27", "symbol": "002079.SZ", "eps": 0.03411, "epsEstimated": null, "time": "bmo", "revenue": 469694279.34, "revenueEstimated": null, "fiscalDateEnding": "2018-12-30", "updatedFromDate": "2023-05-17"}, {"date": "2019-03-27", "symbol": "GSHHY", "eps": null, "epsEstimated": null, "time": "bmo", "revenue": null, "revenueEstimated": null, "fiscalDateEnding": "2018-12-31", "updatedFromDate": "2023-05-17"}, {"date": "2019-03-27", "symbol": "2040.SR", "eps": -1.06043, "epsEstimated": null, "time": "bmo", "revenue": 279688000, "revenueEstimated": null, "fiscalDateEnding": "2018-12-30", "updatedFromDate": "2023-05-17"}, {"date": "2019-03-27", "symbol": "GSH", "eps": null, "epsEstimated": null, "time": "bmo", "revenue": null, "revenueEstimated": null, "fiscalDateEnding": "2018-09-30", "updatedFromDate": "2023-05-17"}, {"date": "2019-03-27", "symbol": "000615.SZ", "eps": 0.2027, "epsEstimated": null, "time": "bmo", "revenue": 1271330872.58, "revenueEstimated": null, "fiscalDateEnding": "2018-12-30", "updatedFromDate": "2023-05-17"}, {"date": "2019-03-27", "symbol": "AGF-B.TO", "eps": 0.14, "epsEstimated": 0.12, "time": "bmo", "revenue": 92606000, "revenueEstimated": null, "fiscalDateEnding": "2019-02-27", "updatedFromDate": "2023-05-17"}, {"date": "2019-03-27", "symbol": "RMBL", "eps": -11.4, "epsEstimated": -6, "time": "amc", "revenue": 115148470, "revenueEstimated": 130187026.66666667, "fiscalDateEnding": "2018-12-30", "updatedFromDate": "2023-09-29"}, {"date": "2019-03-27", "symbol": "2227.TW", "eps": 5.11, "epsEstimated": 4.97, "time": "bmo", "revenue": 8326020000, "revenueEstimated": null, "fiscalDateEnding": "2018-12-30", "updatedFromDate": "2023-05-17"}, {"date": "2019-03-27", "symbol": "000915.SZ", "eps": -0.0572, "epsEstimated": null, "time": "bmo", "revenue": 247051882.8, "revenueEstimated": null, "fiscalDateEnding": "2018-12-30", "updatedFromDate": "2023-05-17"}, {"date": "2019-03-27", "symbol": "NOVN", "eps": -1.4, "epsEstimated": -0.31, "time": "bmo", "revenue": 4036000, "revenueEstimated": 4468428.571428572, "fiscalDateEnding": "2018-12-30", "updatedFromDate": "2023-09-29"}, {"date": "2019-03-27", "symbol": "PFIN", "eps": -0.01, "epsEstimated": null, "time": "bmo", "revenue": 15403000, "revenueEstimated": null, "fiscalDateEnding": "2018-12-30", "updatedFromDate": "2023-09-29"}, {"date": "2019-03-27", "symbol": "FLUX.BR", "eps": 0.2473, "epsEstimated": null, "time": "bmo", "revenue": 152794250, "revenueEstimated": null, "fiscalDateEnding": "2018-12-27", "updatedFromDate": "2023-05-17"}, {"date": "2019-03-27", "symbol": "600295.SS", "eps": 0.21, "epsEstimated": null, "time": "bmo", "revenue": 5268142104.49, "revenueEstimated": null, "fiscalDateEnding": "2018-12-27", "updatedFromDate": "2023-05-17"}, {"date": "2019-03-27", "symbol": "LEN", "eps": 0.74, "epsEstimated": 0.75, "time": "bmo", "revenue": 3868082000, "revenueEstimated": 3920353378.378379, "fiscalDateEnding": "2019-02-27", "updatedFromDate": "2023-09-29"}, {"date": "2019-03-27", "symbol": "000906.SZ", "eps": 0.119, "epsEstimated": null, "time": "bmo", "revenue": 17516811481.71, "revenueEstimated": null, "fiscalDateEnding": "2018-12-30", "updatedFromDate": "2023-05-17"}, {"date": "2019-03-27", "symbol": "6257.TW", "eps": 0.55, "epsEstimated": 0.9, "time": "bmo", "revenue": 2205610000, "revenueEstimated": null, "fiscalDateEnding": "2018-12-30", "updatedFromDate": "2023-05-17"}, {"date": "2019-03-27", "symbol": "AVTX.AS", "eps": null, "epsEstimated": null, "time": "bmo", "revenue": null, "revenueEstimated": null, "fiscalDateEnding": "2018-12-27", "updatedFromDate": "2023-05-17"}, {"date": "2019-03-27", "symbol": "CYCCP", "eps": -3.4, "epsEstimated": -3.47, "time": "bmo", "revenue": 150000, "revenueEstimated": null, "fiscalDateEnding": "2018-12-30", "updatedFromDate": "2023-05-17"}, {"date": "2019-03-27", "symbol": "600419.SS", "eps": 0.04267, "epsEstimated": null, "time": "bmo", "revenue": 357117365.28, "revenueEstimated": null, "fiscalDateEnding": "2018-12-30", "updatedFromDate": "2023-05-17"}, {"date": "2019-03-27", "symbol": "SCWX", "eps": 0.02, "epsEstimated": 0.00769, "time": "bmo", "revenue": 130710000, "revenueEstimated": 65355000, "fiscalDateEnding": "2019-01-31", "updatedFromDate": "2023-09-29"}, {"date": "2019-03-27", "symbol": "CICHF", "eps": 0.14, "epsEstimated": 0.2, "time": "bmo", "revenue": null, "revenueEstimated": null, "fiscalDateEnding": "2018-12-31", "updatedFromDate": "2023-05-17"}, {"date": "2019-03-27", "symbol": "LFTSF", "eps": null, "epsEstimated": null, "time": "bmo", "revenue": null, "revenueEstimated": null, "fiscalDateEnding": "2018-12-31", "updatedFromDate": "2023-05-17"}, {"date": "2019-03-27", "symbol": "LEN-B", "eps": 0.747, "epsEstimated": null, "time": "bmo", "revenue": 3868082000, "revenueEstimated": null, "fiscalDateEnding": "2019-02-28", "updatedFromDate": "2023-05-17"}, {"date": "2019-03-27", "symbol": "000039.SZ", "eps": 0.29, "epsEstimated": 0.12, "time": "bmo", "revenue": 19099547000, "revenueEstimated": null, "fiscalDateEnding": "2018-12-27", "updatedFromDate": "2023-05-17"}, {"date": "2019-03-27", "symbol": "GFSA3.SA", "eps": -5.85, "epsEstimated": -1.62, "time": "bmo", "revenue": 95421000, "revenueEstimated": null, "fiscalDateEnding": "2018-12-27", "updatedFromDate": "2023-05-17"}, {"date": "2019-03-27", "symbol": "6442.TW", "eps": 0.76, "epsEstimated": 0.68, "time": "bmo", "revenue": 775518000, "revenueEstimated": null, "fiscalDateEnding": "2018-12-30", "updatedFromDate": "2023-08-16"}, {"date": "2019-03-27", "symbol": "NVYAF", "eps": null, "epsEstimated": null, "time": "bmo", "revenue": null, "revenueEstimated": null, "fiscalDateEnding": "2018-12-31", "updatedFromDate": "2023-05-17"}, {"date": "2019-03-27", "symbol": "000951.SZ", "eps": 0.1842, "epsEstimated": null, "time": "bmo", "revenue": 9157934771.48, "revenueEstimated": null, "fiscalDateEnding": "2018-12-30", "updatedFromDate": "2023-08-16"}, {"date": "2019-03-27", "symbol": "WEB.MI", "eps": null, "epsEstimated": null, "time": "bmo", "revenue": null, "revenueEstimated": null, "fiscalDateEnding": "2018-12-31", "updatedFromDate": "2023-05-17"}, {"date": "2019-03-27", "symbol": "1980.HK", "eps": null, "epsEstimated": null, "time": "bmo", "revenue": null, "revenueEstimated": null, "fiscalDateEnding": "2018-12-27", "updatedFromDate": "2023-05-17"}, {"date": "2019-03-27", "symbol": "DGT.MI", "eps": null, "epsEstimated": null, "time": "bmo", "revenue": null, "revenueEstimated": null, "fiscalDateEnding": "2018-12-31", "updatedFromDate": "2023-05-17"}, {"date": "2019-03-27", "symbol": "GRKZF", "eps": null, "epsEstimated": null, "time": "bmo", "revenue": null, "revenueEstimated": null, "fiscalDateEnding": "2018-12-31", "updatedFromDate": "2023-05-17"}, {"date": "2019-03-27", "symbol": "1526.TW", "eps": 0.681, "epsEstimated": null, "time": "bmo", "revenue": 362511000, "revenueEstimated": null, "fiscalDateEnding": "2018-12-30", "updatedFromDate": "2023-05-17"}, {"date": "2019-03-27", "symbol": "UDIRF", "eps": 0.42, "epsEstimated": 0.54, "time": "bmo", "revenue": null, "revenueEstimated": null, "fiscalDateEnding": "2018-12-31", "updatedFromDate": "2023-09-29"}, {"date": "2019-03-28", "symbol": "600886.SS", "eps": 0.1, "epsEstimated": 0.06, "time": "bmo", "revenue": 10723963377.07, "revenueEstimated": null, "fiscalDateEnding": "2018-12-30", "updatedFromDate": "2023-08-16"}, {"date": "2019-03-28", "symbol": "MZTF.TA", "eps": 0.87, "epsEstimated": 1.36, "time": "bmo", "revenue": 1745000000, "revenueEstimated": null, "fiscalDateEnding": "2018-12-30", "updatedFromDate": "2023-08-16"}, {"date": "2019-03-28", "symbol": "4763.TW", "eps": 1.24, "epsEstimated": 1.02, "time": "bmo", "revenue": 465716000, "revenueEstimated": null, "fiscalDateEnding": "2018-12-31", "updatedFromDate": "2023-08-25"}, {"date": "2019-03-28", "symbol": "MARI.TO", "eps": -0.18174, "epsEstimated": null, "time": "bmo", "revenue": null, "revenueEstimated": null, "fiscalDateEnding": "2018-12-30", "updatedFromDate": "2023-08-16"}, {"date": "2019-03-28", "symbol": "000920.SZ", "eps": 0.05087, "epsEstimated": null, "time": "bmo", "revenue": 374726040.26, "revenueEstimated": null, "fiscalDateEnding": "2018-12-30", "updatedFromDate": "2023-05-17"}, {"date": "2019-03-28", "symbol": "BLRX", "eps": -0.75, "epsEstimated": -0.9, "time": "bmo", "revenue": null, "revenueEstimated": null, "fiscalDateEnding": "2018-12-31", "updatedFromDate": "2023-09-29"}, {"date": "2019-03-28", "symbol": "RH", "eps": 3, "epsEstimated": 2.86, "time": "amc", "revenue": 677526000, "revenueEstimated": 639582753.3333333, "fiscalDateEnding": "2018-12-28", "updatedFromDate": "2023-10-10"}, {"date": "2019-03-28", "symbol": "LTBR", "eps": -1.08, "epsEstimated": null, "time": "amc", "revenue": null, "revenueEstimated": null, "fiscalDateEnding": "2018-12-30", "updatedFromDate": "2023-09-29"}, {"date": "2019-03-28", "symbol": "GSV", "eps": -0.01, "epsEstimated": -0.009, "time": "bmo", "revenue": null, "revenueEstimated": null, "fiscalDateEnding": "2018-12-30", "updatedFromDate": "2023-08-16"}, {"date": "2019-03-28", "symbol": "SFNXF", "eps": null, "epsEstimated": null, "time": "bmo", "revenue": null, "revenueEstimated": null, "fiscalDateEnding": "2018-12-31", "updatedFromDate": "2023-05-17"}, {"date": "2019-03-28", "symbol": "BIOC", "eps": -429.43, "epsEstimated": -450.45, "time": "amc", "revenue": 859526, "revenueEstimated": 845705.3916083915, "fiscalDateEnding": "2018-12-30", "updatedFromDate": "2023-09-29"}, {"date": "2019-03-28", "symbol": "TSGTY", "eps": -0.36, "epsEstimated": null, "time": "bmo", "revenue": 26575255205, "revenueEstimated": null, "fiscalDateEnding": "2018-12-30", "updatedFromDate": "2023-09-29"}, {"date": "2019-03-28", "symbol": "DOL.TO", "eps": 0.54, "epsEstimated": 0.55, "time": "bmo", "revenue": 947649000, "revenueEstimated": null, "fiscalDateEnding": "2018-12-28", "updatedFromDate": "2023-10-17"}, {"date": "2019-03-28", "symbol": "AWH", "eps": -0.56086, "epsEstimated": null, "time": "bmo", "revenue": 922000, "revenueEstimated": null, "fiscalDateEnding": "2018-12-30", "updatedFromDate": "2023-09-29"}, {"date": "2019-03-28", "symbol": "TOWR.JK", "eps": 10, "epsEstimated": 13.05, "time": "bmo", "revenue": 1522736000000, "revenueEstimated": null, "fiscalDateEnding": "2018-12-31", "updatedFromDate": "2023-08-16"}, {"date": "2019-03-28", "symbol": "000545.SZ", "eps": 0.02073, "epsEstimated": null, "time": "bmo", "revenue": 413899644.09, "revenueEstimated": null, "fiscalDateEnding": "2018-12-30", "updatedFromDate": "2023-05-17"}, {"date": "2019-03-28", "symbol": "002141.SZ", "eps": 0.0025, "epsEstimated": null, "time": "bmo", "revenue": 200094700.65, "revenueEstimated": null, "fiscalDateEnding": "2019-03-30", "updatedFromDate": "2023-05-17"}, {"date": "2019-03-28", "symbol": "MGDPF", "eps": null, "epsEstimated": null, "time": "amc", "revenue": null, "revenueEstimated": null, "fiscalDateEnding": "2018-12-31", "updatedFromDate": "2023-08-16"}, {"date": "2019-03-28", "symbol": "EXM.BR", "eps": -0.05767, "epsEstimated": null, "time": "bmo", "revenue": 34181500, "revenueEstimated": null, "fiscalDateEnding": "2018-12-28", "updatedFromDate": "2023-08-16"}, {"date": "2019-03-28", "symbol": "MOV", "eps": 0.67, "epsEstimated": 0.55, "time": "bmo", "revenue": 199376000, "revenueEstimated": 163666865.6716418, "fiscalDateEnding": "2019-01-30", "updatedFromDate": "2023-09-29"}, {"date": "2019-03-28", "symbol": "000977.SZ", "eps": 0.21, "epsEstimated": 0.18, "time": "bmo", "revenue": 13344515907.01, "revenueEstimated": null, "fiscalDateEnding": "2018-12-30", "updatedFromDate": "2023-08-16"}, {"date": "2019-03-28", "symbol": "JAGGF", "eps": -0.2, "epsEstimated": null, "time": "bmo", "revenue": 94918000, "revenueEstimated": null, "fiscalDateEnding": "2018-12-31", "updatedFromDate": "2023-09-29"}, {"date": "2019-03-28", "symbol": "CWBHF", "eps": 0.02, "epsEstimated": 0.06, "time": "bmo", "revenue": 21455000, "revenueEstimated": null, "fiscalDateEnding": "2018-12-31", "updatedFromDate": "2023-05-17"}, {"date": "2019-03-28", "symbol": "CTSDF", "eps": null, "epsEstimated": null, "time": "bmo", "revenue": null, "revenueEstimated": null, "fiscalDateEnding": "2018-12-30", "updatedFromDate": "2023-08-16"}, {"date": "2019-03-28", "symbol": "600547.SS", "eps": 0.02, "epsEstimated": 0.1, "time": "bmo", "revenue": 17527454083.75, "revenueEstimated": null, "fiscalDateEnding": "2018-12-30", "updatedFromDate": "2023-08-16"}, {"date": "2019-03-28", "symbol": "ARDS", "eps": -0.67, "epsEstimated": -1.13, "time": "amc", "revenue": 1391000, "revenueEstimated": 3215671.641791045, "fiscalDateEnding": "2018-12-30", "updatedFromDate": "2023-09-29"}, {"date": "2019-03-28", "symbol": "600061.SS", "eps": 0.14, "epsEstimated": null, "time": "bmo", "revenue": 1436159782.18, "revenueEstimated": null, "fiscalDateEnding": "2018-12-28", "updatedFromDate": "2023-05-17"}, {"date": "2019-03-28", "symbol": "000402.SZ", "eps": 0.74, "epsEstimated": 0.87, "time": "bmo", "revenue": 13423675029.71, "revenueEstimated": null, "fiscalDateEnding": "2018-12-30", "updatedFromDate": "2023-08-16"}, {"date": "2019-03-28", "symbol": "HQI", "eps": -0.15958, "epsEstimated": null, "time": "amc", "revenue": 21754898, "revenueEstimated": null, "fiscalDateEnding": "2019-03-28", "updatedFromDate": "2023-09-29"}, {"date": "2019-03-28", "symbol": "EMAN", "eps": -0.05, "epsEstimated": -0.015, "time": "bmo", "revenue": 5435000, "revenueEstimated": 1087000.0000000005, "fiscalDateEnding": "2018-12-30", "updatedFromDate": "2023-09-29"}, {"date": "2019-03-28", "symbol": "PRGS", "eps": 0.5, "epsEstimated": 0.51, "time": "amc", "revenue": 89549000, "revenueEstimated": 84176060, "fiscalDateEnding": "2019-02-27", "updatedFromDate": "2023-09-29"}, {"date": "2019-03-28", "symbol": "SEER3.SA", "eps": 0.25, "epsEstimated": 0.3, "time": "bmo", "revenue": null, "revenueEstimated": null, "fiscalDateEnding": "2018-12-31", "updatedFromDate": "2023-05-17"}, {"date": "2019-03-28", "symbol": "IVN.TO", "eps": 0.05, "epsEstimated": 0.00444, "time": "bmo", "revenue": null, "revenueEstimated": null, "fiscalDateEnding": "2018-12-31", "updatedFromDate": "2023-05-17"}, {"date": "2019-03-28", "symbol": "LGDTF", "eps": -0.01, "epsEstimated": -0.00857, "time": "bmo", "revenue": null, "revenueEstimated": null, "fiscalDateEnding": "2018-12-31", "updatedFromDate": "2023-05-17"}, {"date": "2019-03-28", "symbol": "000521.SZ", "eps": -0.0258, "epsEstimated": null, "time": "bmo", "revenue": 4241555202.64, "revenueEstimated": null, "fiscalDateEnding": "2018-12-30", "updatedFromDate": "2023-05-17"}, {"date": "2019-03-28", "symbol": "RUBY", "eps": -0.35, "epsEstimated": -0.42, "time": "bmo", "revenue": null, "revenueEstimated": null, "fiscalDateEnding": "2018-12-30", "updatedFromDate": "2023-09-29"}, {"date": "2019-03-28", "symbol": "8155.TWO", "eps": 0.77, "epsEstimated": 1.38, "time": "bmo", "revenue": 466992000, "revenueEstimated": null, "fiscalDateEnding": "2018-12-30", "updatedFromDate": "2023-08-16"}, {"date": "2019-03-28", "symbol": "ALMMF", "eps": -0.05, "epsEstimated": -0.00746, "time": "bmo", "revenue": null, "revenueEstimated": 347999999.99999994, "fiscalDateEnding": "2018-12-31", "updatedFromDate": "2023-05-17"}, {"date": "2019-03-28", "symbol": "600519.SS", "eps": 8.33, "epsEstimated": 7.29, "time": "bmo", "revenue": 22229240300.31, "revenueEstimated": null, "fiscalDateEnding": "2018-12-30", "updatedFromDate": "2023-08-16"}, {"date": "2019-03-28", "symbol": "SSNT", "eps": 0.17, "epsEstimated": null, "time": "bmo", "revenue": 10719956, "revenueEstimated": null, "fiscalDateEnding": "2018-12-30", "updatedFromDate": "2023-09-29"}, {"date": "2019-03-28", "symbol": "SMTS", "eps": -0.01, "epsEstimated": -0.00429, "time": "amc", "revenue": 55019000, "revenueEstimated": 147540000, "fiscalDateEnding": "2018-12-30", "updatedFromDate": "2023-08-16"}, {"date": "2019-03-28", "symbol": "GRC.TO", "eps": 0.00402, "epsEstimated": null, "time": "bmo", "revenue": null, "revenueEstimated": null, "fiscalDateEnding": "2018-12-31", "updatedFromDate": "2023-05-17"}, {"date": "2019-03-28", "symbol": "2428.TW", "eps": 1.79, "epsEstimated": 2.26, "time": "bmo", "revenue": 1486669000, "revenueEstimated": null, "fiscalDateEnding": "2018-12-30", "updatedFromDate": "2023-08-16"}, {"date": "2019-03-28", "symbol": "002688.SZ", "eps": 0.05559, "epsEstimated": null, "time": "bmo", "revenue": 517879164.86, "revenueEstimated": null, "fiscalDateEnding": "2018-12-30", "updatedFromDate": "2023-05-17"}, {"date": "2019-03-28", "symbol": "603605.SS", "eps": 0.52, "epsEstimated": 0.49, "time": "bmo", "revenue": 801399314.49, "revenueEstimated": null, "fiscalDateEnding": "2018-12-30", "updatedFromDate": "2023-08-16"}, {"date": "2019-03-28", "symbol": "GRCAF", "eps": null, "epsEstimated": null, "time": "bmo", "revenue": null, "revenueEstimated": null, "fiscalDateEnding": "2018-12-31", "updatedFromDate": "2023-05-17"}, {"date": "2019-03-28", "symbol": "TFCCF", "eps": 0.08955, "epsEstimated": null, "time": "amc", "revenue": 8419643, "revenueEstimated": null, "fiscalDateEnding": "2018-12-31", "updatedFromDate": "2023-08-17"}, {"date": "2019-03-28", "symbol": "2731.TW", "eps": -0.16, "epsEstimated": -0.32, "time": "bmo", "revenue": 6570465000, "revenueEstimated": null, "fiscalDateEnding": "2018-12-30", "updatedFromDate": "2023-08-16"}, {"date": "2019-03-28", "symbol": "1735.TW", "eps": 0.08277, "epsEstimated": null, "time": "bmo", "revenue": 934402000, "revenueEstimated": null, "fiscalDateEnding": "2018-12-30", "updatedFromDate": "2023-05-17"}, {"date": "2019-03-28", "symbol": "GVC.TO", "eps": 0.00686, "epsEstimated": null, "time": "bmo", "revenue": 48569000, "revenueEstimated": null, "fiscalDateEnding": "2018-12-31", "updatedFromDate": "2023-10-16"}, {"date": "2019-03-28", "symbol": "601766.SS", "eps": 0.13, "epsEstimated": 0.16, "time": "bmo", "revenue": 83716866000, "revenueEstimated": null, "fiscalDateEnding": "2018-12-30", "updatedFromDate": "2023-08-16"}, {"date": "2019-03-28", "symbol": "000921.SZ", "eps": 0.1694, "epsEstimated": null, "time": "bmo", "revenue": 7211204448.75, "revenueEstimated": null, "fiscalDateEnding": "2018-12-30", "updatedFromDate": "2023-08-16"}, {"date": "2019-03-28", "symbol": "603039.SS", "eps": 0.07642, "epsEstimated": null, "time": "bmo", "revenue": 205409600.17, "revenueEstimated": null, "fiscalDateEnding": "2018-12-28", "updatedFromDate": "2023-05-17"}, {"date": "2019-03-28", "symbol": "4766.TW", "eps": 1.28, "epsEstimated": 2.01, "time": "bmo", "revenue": 4266482000, "revenueEstimated": null, "fiscalDateEnding": "2018-12-31", "updatedFromDate": "2023-08-16"}, {"date": "2019-03-28", "symbol": "MOZ.TO", "eps": -0.0046, "epsEstimated": null, "time": "bmo", "revenue": null, "revenueEstimated": null, "fiscalDateEnding": "2018-12-30", "updatedFromDate": "2023-08-16"}, {"date": "2019-03-28", "symbol": "9958.TW", "eps": -0.02, "epsEstimated": 0.07, "time": "bmo", "revenue": 400826000, "revenueEstimated": null, "fiscalDateEnding": "2018-12-28", "updatedFromDate": "2023-05-17"}, {"date": "2019-03-28", "symbol": "4210.SR", "eps": -0.31834, "epsEstimated": null, "time": "bmo", "revenue": 646006310, "revenueEstimated": null, "fiscalDateEnding": "2018-12-30", "updatedFromDate": "2023-05-17"}, {"date": "2019-03-28", "symbol": "FTSSF", "eps": null, "epsEstimated": null, "time": "bmo", "revenue": null, "revenueEstimated": null, "fiscalDateEnding": "2018-12-31", "updatedFromDate": "2023-05-17"}, {"date": "2019-03-28", "symbol": "MAV.TO", "eps": 0.09, "epsEstimated": 0.11, "time": "bmo", "revenue": 26204000, "revenueEstimated": null, "fiscalDateEnding": "2018-12-31", "updatedFromDate": "2023-08-16"}, {"date": "2019-03-28", "symbol": "ALBON.PA", "eps": null, "epsEstimated": null, "time": "bmo", "revenue": null, "revenueEstimated": null, "fiscalDateEnding": "2018-12-31", "updatedFromDate": "2023-05-17"}, {"date": "2019-03-28", "symbol": "9934.TW", "eps": 0.602, "epsEstimated": null, "time": "bmo", "revenue": 4365207000, "revenueEstimated": null, "fiscalDateEnding": "2018-12-30", "updatedFromDate": "2023-05-17"}, {"date": "2019-03-28", "symbol": "1778.HK", "eps": 0.09799, "epsEstimated": null, "time": "bmo", "revenue": 961250750, "revenueEstimated": null, "fiscalDateEnding": "2018-12-28", "updatedFromDate": "2023-05-17"}, {"date": "2019-03-28", "symbol": "LINK.JK", "eps": -9, "epsEstimated": 93.07, "time": "bmo", "revenue": 934081000000, "revenueEstimated": null, "fiscalDateEnding": "2018-12-31", "updatedFromDate": "2023-08-17"}, {"date": "2019-03-28", "symbol": "ALPHA.AT", "eps": null, "epsEstimated": null, "time": "bmo", "revenue": null, "revenueEstimated": null, "fiscalDateEnding": "2018-12-31", "updatedFromDate": "2023-05-17"}, {"date": "2019-03-28", "symbol": "600893.SS", "eps": 0.18, "epsEstimated": 0.3, "time": "bmo", "revenue": 9254247776.78, "revenueEstimated": null, "fiscalDateEnding": "2018-12-30", "updatedFromDate": "2023-05-17"}, {"date": "2019-03-28", "symbol": "600763.SS", "eps": 0.18, "epsEstimated": 0.21, "time": "bmo", "revenue": 382576996.83, "revenueEstimated": null, "fiscalDateEnding": "2018-12-30", "updatedFromDate": "2023-08-16"}, {"date": "2019-03-28", "symbol": "XWEL", "eps": -19.19588, "epsEstimated": null, "time": "bmo", "revenue": 50094000, "revenueEstimated": null, "fiscalDateEnding": "2018-12-31", "updatedFromDate": "2023-09-29"}, {"date": "2019-03-28", "symbol": "1717.TW", "eps": 0.1737, "epsEstimated": null, "time": "bmo", "revenue": 10446333000, "revenueEstimated": null, "fiscalDateEnding": "2018-12-30", "updatedFromDate": "2023-08-16"}, {"date": "2019-03-28", "symbol": "ALQGC.PA", "eps": -0.12734, "epsEstimated": null, "time": "bmo", "revenue": null, "revenueEstimated": null, "fiscalDateEnding": "2018-12-28", "updatedFromDate": "2023-08-16"}, {"date": "2019-03-28", "symbol": "VOSSF", "eps": null, "epsEstimated": null, "time": "bmo", "revenue": null, "revenueEstimated": null, "fiscalDateEnding": "2018-12-31", "updatedFromDate": "2023-08-16"}, {"date": "2019-03-28", "symbol": "QNNTF", "eps": null, "epsEstimated": null, "time": "bmo", "revenue": null, "revenueEstimated": null, "fiscalDateEnding": "2018-12-31", "updatedFromDate": "2023-08-16"}, {"date": "2019-03-28", "symbol": "601636.SS", "eps": 0.09735, "epsEstimated": null, "time": "bmo", "revenue": 2316651210.28, "revenueEstimated": null, "fiscalDateEnding": "2018-12-30", "updatedFromDate": "2023-08-16"}, {"date": "2019-03-28", "symbol": "600673.SS", "eps": 0.09771, "epsEstimated": null, "time": "bmo", "revenue": 3100991552.83, "revenueEstimated": null, "fiscalDateEnding": "2018-12-30", "updatedFromDate": "2023-05-17"}, {"date": "2019-03-28", "symbol": "9907.TW", "eps": 0.1352, "epsEstimated": null, "time": "bmo", "revenue": 8267031000, "revenueEstimated": null, "fiscalDateEnding": "2018-12-30", "updatedFromDate": "2023-05-17"}, {"date": "2019-03-28", "symbol": "RSID3.SA", "eps": -16.64829, "epsEstimated": null, "time": "bmo", "revenue": 19401000, "revenueEstimated": null, "fiscalDateEnding": "2018-12-30", "updatedFromDate": "2023-05-17"}, {"date": "2019-03-28", "symbol": "3090.SR", "eps": 0.04033, "epsEstimated": null, "time": "bmo", "revenue": 52768986, "revenueEstimated": null, "fiscalDateEnding": "2018-12-28", "updatedFromDate": "2023-05-17"}, {"date": "2019-03-28", "symbol": "CREX", "eps": -8.01, "epsEstimated": -0.14, "time": "amc", "revenue": 5229000, "revenueEstimated": 770589.4736842106, "fiscalDateEnding": "2018-12-30", "updatedFromDate": "2023-09-29"}, {"date": "2019-03-28", "symbol": "NEMTF", "eps": 0.21, "epsEstimated": 0.19, "time": "bmo", "revenue": null, "revenueEstimated": null, "fiscalDateEnding": "2018-12-31", "updatedFromDate": "2023-05-17"}, {"date": "2019-03-28", "symbol": "9982.T", "eps": 32.49, "epsEstimated": null, "time": "bmo", "revenue": 17569000000, "revenueEstimated": null, "fiscalDateEnding": "2018-12-28", "updatedFromDate": "2023-10-16"}, {"date": "2019-03-28", "symbol": "ACN", "eps": 1.73, "epsEstimated": 1.57, "time": "bmo", "revenue": 10454129000, "revenueEstimated": 9487273138.728325, "fiscalDateEnding": "2019-02-27", "updatedFromDate": "2023-09-29"}, {"date": "2019-03-28", "symbol": "4739.TW", "eps": 0.4277, "epsEstimated": null, "time": "bmo", "revenue": 1475578000, "revenueEstimated": null, "fiscalDateEnding": "2018-12-30", "updatedFromDate": "2023-08-16"}, {"date": "2019-03-28", "symbol": "601398.SS", "eps": 0.15, "epsEstimated": 0.18, "time": "bmo", "revenue": 195687000000, "revenueEstimated": null, "fiscalDateEnding": "2018-12-30", "updatedFromDate": "2023-08-16"}, {"date": "2019-03-28", "symbol": "TPIA.JK", "eps": 0.0004, "epsEstimated": null, "time": "bmo", "revenue": 580929000, "revenueEstimated": null, "fiscalDateEnding": "2018-12-30", "updatedFromDate": "2023-05-17"}, {"date": "2019-03-28", "symbol": "ACH", "eps": -0.14, "epsEstimated": null, "time": "bmo", "revenue": null, "revenueEstimated": null, "fiscalDateEnding": "2018-12-28", "updatedFromDate": "2023-09-29"}, {"date": "2019-03-28", "symbol": "8069.TWO", "eps": 0.77, "epsEstimated": 0.76, "time": "bmo", "revenue": 3733116000, "revenueEstimated": null, "fiscalDateEnding": "2018-12-30", "updatedFromDate": "2023-08-16"}, {"date": "2019-03-28", "symbol": "1314.TW", "eps": 0.11, "epsEstimated": 0.31, "time": "bmo", "revenue": null, "revenueEstimated": null, "fiscalDateEnding": "2018-12-31", "updatedFromDate": "2023-08-16"}, {"date": "2019-03-28", "symbol": "TGEN", "eps": -0.17617, "epsEstimated": -0.08809, "time": "bmo", "revenue": 9316408, "revenueEstimated": null, "fiscalDateEnding": "2018-12-30", "updatedFromDate": "2023-09-29"}, {"date": "2019-03-28", "symbol": "ENADF", "eps": null, "epsEstimated": null, "time": "bmo", "revenue": null, "revenueEstimated": null, "fiscalDateEnding": "2018-12-31", "updatedFromDate": "2023-08-17"}, {"date": "2019-03-28", "symbol": "GLMFF", "eps": null, "epsEstimated": null, "time": "bmo", "revenue": null, "revenueEstimated": null, "fiscalDateEnding": "2018-12-31", "updatedFromDate": "2023-05-17"}, {"date": "2019-03-28", "symbol": "000400.SZ", "eps": 0.04, "epsEstimated": 0.23, "time": "bmo", "revenue": 4057011721.81, "revenueEstimated": null, "fiscalDateEnding": "2018-12-30", "updatedFromDate": "2023-08-16"}, {"date": "2019-03-28", "symbol": "HISEF", "eps": null, "epsEstimated": null, "time": "bmo", "revenue": null, "revenueEstimated": null, "fiscalDateEnding": "2018-12-31", "updatedFromDate": "2023-05-17"}, {"date": "2019-03-28", "symbol": "600742.SS", "eps": 0.1645, "epsEstimated": null, "time": "bmo", "revenue": 3710090777.86, "revenueEstimated": null, "fiscalDateEnding": "2018-12-30", "updatedFromDate": "2023-05-17"}, {"date": "2019-03-28", "symbol": "KRRGF", "eps": 0.18, "epsEstimated": 0.18, "time": "bmo", "revenue": null, "revenueEstimated": null, "fiscalDateEnding": "2018-12-31", "updatedFromDate": "2023-08-16"}, {"date": "2019-03-28", "symbol": "EVEN3.SA", "eps": -0.43, "epsEstimated": -0.006, "time": "bmo", "revenue": null, "revenueEstimated": null, "fiscalDateEnding": "2018-12-31", "updatedFromDate": "2023-05-17"}, {"date": "2019-03-28", "symbol": "1583.TW", "eps": 1.46, "epsEstimated": null, "time": "bmo", "revenue": 2022065000, "revenueEstimated": null, "fiscalDateEnding": "2018-12-30", "updatedFromDate": "2023-05-17"}, {"date": "2019-03-28", "symbol": "ADSGF", "eps": null, "epsEstimated": null, "time": "bmo", "revenue": null, "revenueEstimated": null, "fiscalDateEnding": "2018-12-31", "updatedFromDate": "2023-05-17"}, {"date": "2019-03-28", "symbol": "AIM.TO", "eps": -0.01, "epsEstimated": -0.00375, "time": "bmo", "revenue": -987000000, "revenueEstimated": null, "fiscalDateEnding": "2018-12-30", "updatedFromDate": "2023-08-16"}, {"date": "2019-03-28", "symbol": "1905.TW", "eps": 0.08, "epsEstimated": 0.12, "time": "bmo", "revenue": 5991154000, "revenueEstimated": null, "fiscalDateEnding": "2018-12-31", "updatedFromDate": "2023-08-17"}, {"date": "2019-03-28", "symbol": "EG7.ST", "eps": null, "epsEstimated": null, "time": "bmo", "revenue": null, "revenueEstimated": null, "fiscalDateEnding": "2018-12-30", "updatedFromDate": "2023-10-16"}, {"date": "2019-03-28", "symbol": "000726.SZ", "eps": 0.23, "epsEstimated": null, "time": "bmo", "revenue": 1545153566.09, "revenueEstimated": null, "fiscalDateEnding": "2018-12-28", "updatedFromDate": "2023-05-17"}, {"date": "2019-03-28", "symbol": "BLN.TO", "eps": -0.04, "epsEstimated": -0.04, "time": "bmo", "revenue": 6228667, "revenueEstimated": null, "fiscalDateEnding": "2019-01-31", "updatedFromDate": "2023-05-17"}, {"date": "2019-03-28", "symbol": "600999.SS", "eps": 0.14, "epsEstimated": 0.12, "time": "bmo", "revenue": 3324496167.61, "revenueEstimated": null, "fiscalDateEnding": "2018-12-30", "updatedFromDate": "2023-05-17"}, {"date": "2019-03-28", "symbol": "4532.TW", "eps": 0.4554, "epsEstimated": null, "time": "bmo", "revenue": 5621676000, "revenueEstimated": null, "fiscalDateEnding": "2018-12-30", "updatedFromDate": "2023-08-16"}, {"date": "2019-03-28", "symbol": "002533.SZ", "eps": 0.04002, "epsEstimated": null, "time": "bmo", "revenue": 1252961726.02, "revenueEstimated": null, "fiscalDateEnding": "2018-12-30", "updatedFromDate": "2023-05-17"}, {"date": "2019-03-28", "symbol": "DIG.MI", "eps": null, "epsEstimated": null, "time": "bmo", "revenue": null, "revenueEstimated": null, "fiscalDateEnding": "2018-12-31", "updatedFromDate": "2023-05-17"}, {"date": "2019-03-28", "symbol": "6100.HK", "eps": 0.06075, "epsEstimated": null, "time": "bmo", "revenue": 378368500, "revenueEstimated": null, "fiscalDateEnding": "2018-12-28", "updatedFromDate": "2023-05-17"}, {"date": "2019-03-28", "symbol": "002596.SZ", "eps": 0.00937, "epsEstimated": null, "time": "bmo", "revenue": 927803546.18, "revenueEstimated": null, "fiscalDateEnding": "2018-12-30", "updatedFromDate": "2023-05-17"}, {"date": "2019-03-28", "symbol": "300570.SZ", "eps": null, "epsEstimated": null, "time": "bmo", "revenue": null, "revenueEstimated": null, "fiscalDateEnding": "2018-12-31", "updatedFromDate": "2023-05-17"}, {"date": "2019-03-28", "symbol": "ALK.MI", "eps": -0.23464, "epsEstimated": null, "time": "bmo", "revenue": 18018000, "revenueEstimated": null, "fiscalDateEnding": "2018-12-28", "updatedFromDate": "2023-05-17"}, {"date": "2019-03-28", "symbol": "MYSZ", "eps": -7.5, "epsEstimated": null, "time": "bmo", "revenue": null, "revenueEstimated": null, "fiscalDateEnding": "2018-12-30", "updatedFromDate": "2023-09-29"}, {"date": "2019-03-28", "symbol": "AIMFF", "eps": -0.01, "epsEstimated": -0.00375, "time": "bmo", "revenue": null, "revenueEstimated": null, "fiscalDateEnding": "2018-12-30", "updatedFromDate": "2023-08-16"}, {"date": "2019-03-28", "symbol": "600125.SS", "eps": 0.08, "epsEstimated": 0.06, "time": "bmo", "revenue": 3596388503.49, "revenueEstimated": null, "fiscalDateEnding": "2018-12-31", "updatedFromDate": "2023-08-25"}, {"date": "2019-03-28", "symbol": "2039.HK", "eps": 0.29, "epsEstimated": 0.12, "time": "bmo", "revenue": 26591475000, "revenueEstimated": null, "fiscalDateEnding": "2018-12-30", "updatedFromDate": "2023-08-16"}, {"date": "2019-03-28", "symbol": "MAVBF", "eps": 0.09, "epsEstimated": 0.11, "time": "bmo", "revenue": null, "revenueEstimated": null, "fiscalDateEnding": "2018-12-31", "updatedFromDate": "2023-08-16"}, {"date": "2019-03-28", "symbol": "1229.TW", "eps": 0.43, "epsEstimated": 0.41, "time": "bmo", "revenue": null, "revenueEstimated": null, "fiscalDateEnding": "2018-12-31", "updatedFromDate": "2023-08-16"}, {"date": "2019-03-28", "symbol": "AIM-PC.TO", "eps": -0.01, "epsEstimated": -0.00375, "time": "bmo", "revenue": null, "revenueEstimated": null, "fiscalDateEnding": "2018-12-31", "updatedFromDate": "2023-05-17"}, {"date": "2019-03-28", "symbol": "6243.TW", "eps": -0.53685, "epsEstimated": null, "time": "bmo", "revenue": 135882000, "revenueEstimated": null, "fiscalDateEnding": "2018-12-30", "updatedFromDate": "2023-05-17"}, {"date": "2019-03-28", "symbol": "LYPHF", "eps": null, "epsEstimated": null, "time": "bmo", "revenue": null, "revenueEstimated": null, "fiscalDateEnding": "2018-12-31", "updatedFromDate": "2023-05-17"}, {"date": "2019-03-28", "symbol": "8462.TW", "eps": 2.33, "epsEstimated": 1.58, "time": "bmo", "revenue": 849184000, "revenueEstimated": null, "fiscalDateEnding": "2018-12-31", "updatedFromDate": "2023-08-17"}, {"date": "2019-03-28", "symbol": "WFRSF", "eps": null, "epsEstimated": null, "time": "bmo", "revenue": null, "revenueEstimated": null, "fiscalDateEnding": "2018-12-31", "updatedFromDate": "2023-05-17"}, {"date": "2019-03-28", "symbol": "3607.TW", "eps": -1.8429, "epsEstimated": null, "time": "bmo", "revenue": 1413823000, "revenueEstimated": null, "fiscalDateEnding": "2018-12-30", "updatedFromDate": "2023-05-17"}, {"date": "2019-03-28", "symbol": "HTBX", "eps": -1.05, "epsEstimated": -1.36, "time": "bmo", "revenue": 2058136, "revenueEstimated": 2606977.333333333, "fiscalDateEnding": "2018-12-30", "updatedFromDate": "2023-05-17"}, {"date": "2019-03-28", "symbol": "JBSAY", "eps": 0.12, "epsEstimated": null, "time": "bmo", "revenue": 47318725000, "revenueEstimated": null, "fiscalDateEnding": "2018-12-31", "updatedFromDate": "2023-09-29"}, {"date": "2019-03-28", "symbol": "6669.TW", "eps": 8.29, "epsEstimated": 7.98, "time": "bmo", "revenue": 46624287000, "revenueEstimated": null, "fiscalDateEnding": "2018-12-31", "updatedFromDate": "2023-05-17"}, {"date": "2019-03-28", "symbol": "3055.TW", "eps": 0.32, "epsEstimated": null, "time": "bmo", "revenue": 849780000, "revenueEstimated": null, "fiscalDateEnding": "2018-12-30", "updatedFromDate": "2023-05-17"}, {"date": "2019-03-28", "symbol": "2707.TW", "eps": 2.63, "epsEstimated": 2.2, "time": "bmo", "revenue": 1692587000, "revenueEstimated": null, "fiscalDateEnding": "2018-12-31", "updatedFromDate": "2023-08-17"}, {"date": "2019-03-28", "symbol": "2106.TW", "eps": 0.09, "epsEstimated": 0.12, "time": "bmo", "revenue": 7479880000, "revenueEstimated": null, "fiscalDateEnding": "2018-12-30", "updatedFromDate": "2023-05-17"}, {"date": "2019-03-28", "symbol": "ATOS", "eps": 0.5, "epsEstimated": 0.62, "time": "bmo", "revenue": null, "revenueEstimated": null, "fiscalDateEnding": "2018-12-30", "updatedFromDate": "2023-09-29"}, {"date": "2019-03-28", "symbol": "BSTG", "eps": -0.32, "epsEstimated": null, "time": "bmo", "revenue": null, "revenueEstimated": null, "fiscalDateEnding": "2018-12-30", "updatedFromDate": "2023-09-29"}, {"date": "2019-03-28", "symbol": "000937.SZ", "eps": 0.0663, "epsEstimated": null, "time": "bmo", "revenue": 5646312694.82, "revenueEstimated": null, "fiscalDateEnding": "2018-12-28", "updatedFromDate": "2023-05-17"}, {"date": "2019-03-28", "symbol": "VBLT", "eps": -0.1, "epsEstimated": -0.17, "time": "bmo", "revenue": 141000, "revenueEstimated": null, "fiscalDateEnding": "2018-12-31", "updatedFromDate": "2023-09-29"}, {"date": "2019-03-28", "symbol": "KRR.TO", "eps": 0.18, "epsEstimated": 0.18, "time": "bmo", "revenue": 32076000, "revenueEstimated": null, "fiscalDateEnding": "2018-12-30", "updatedFromDate": "2023-05-17"}, {"date": "2019-03-28", "symbol": "SPWH", "eps": 0.25, "epsEstimated": 0.25, "time": "bmo", "revenue": 242466000, "revenueEstimated": 242682000, "fiscalDateEnding": "2018-12-28", "updatedFromDate": "2023-10-10"}, {"date": "2019-03-28", "symbol": "CDXI", "eps": -2, "epsEstimated": null, "time": "bmo", "revenue": 375976, "revenueEstimated": null, "fiscalDateEnding": "2018-12-30", "updatedFromDate": "2023-09-29"}, {"date": "2019-03-28", "symbol": "4280.SR", "eps": 0.01278, "epsEstimated": null, "time": "bmo", "revenue": 751552000, "revenueEstimated": null, "fiscalDateEnding": "2018-12-30", "updatedFromDate": "2023-05-17"}, {"date": "2019-03-28", "symbol": "300259.SZ", "eps": 0.0325, "epsEstimated": null, "time": "bmo", "revenue": 310778730.59, "revenueEstimated": null, "fiscalDateEnding": "2018-12-30", "updatedFromDate": "2023-05-17"}, {"date": "2019-03-28", "symbol": "EAST", "eps": -8.4, "epsEstimated": -4.6, "time": "bmo", "revenue": 1889443, "revenueEstimated": 784295.8490566036, "fiscalDateEnding": "2018-12-30", "updatedFromDate": "2023-09-29"}, {"date": "2019-03-28", "symbol": "6625.TW", "eps": 0.769, "epsEstimated": null, "time": "bmo", "revenue": 479805000, "revenueEstimated": null, "fiscalDateEnding": "2018-12-30", "updatedFromDate": "2023-05-17"}, {"date": "2019-03-28", "symbol": "2485.TW", "eps": 0.47, "epsEstimated": null, "time": "bmo", "revenue": 2021759000, "revenueEstimated": null, "fiscalDateEnding": "2018-12-30", "updatedFromDate": "2023-05-17"}, {"date": "2019-03-28", "symbol": "300629.SZ", "eps": null, "epsEstimated": null, "time": "bmo", "revenue": null, "revenueEstimated": null, "fiscalDateEnding": "2018-12-31", "updatedFromDate": "2023-05-17"}, {"date": "2019-03-28", "symbol": "4220.SR", "eps": 0.06863, "epsEstimated": null, "time": "bmo", "revenue": 371560000, "revenueEstimated": null, "fiscalDateEnding": "2018-12-30", "updatedFromDate": "2023-05-17"}, {"date": "2019-03-28", "symbol": "300766.SZ", "eps": null, "epsEstimated": null, "time": "bmo", "revenue": null, "revenueEstimated": null, "fiscalDateEnding": "2018-12-31", "updatedFromDate": "2023-05-17"}, {"date": "2019-03-28", "symbol": "8114.TW", "eps": 1.05, "epsEstimated": 2.07, "time": "bmo", "revenue": 2674996000, "revenueEstimated": null, "fiscalDateEnding": "2018-12-30", "updatedFromDate": "2023-05-17"}, {"date": "2019-03-28", "symbol": "DC-A.TO", "eps": -0.43388, "epsEstimated": null, "time": "bmo", "revenue": 34640000, "revenueEstimated": null, "fiscalDateEnding": "2018-12-30", "updatedFromDate": "2023-05-17"}, {"date": "2019-03-28", "symbol": "1340.TW", "eps": -0.45859, "epsEstimated": null, "time": "bmo", "revenue": 330744000, "revenueEstimated": null, "fiscalDateEnding": "2018-12-30", "updatedFromDate": "2023-05-17"}, {"date": "2019-03-28", "symbol": "AT1.F", "eps": 0.374, "epsEstimated": 0.1, "time": "bmo", "revenue": 207500000, "revenueEstimated": null, "fiscalDateEnding": "2018-12-28", "updatedFromDate": "2023-05-17"}, {"date": "2019-03-28", "symbol": "000677.SZ", "eps": 0.001, "epsEstimated": null, "time": "bmo", "revenue": 200458766.34, "revenueEstimated": null, "fiscalDateEnding": "2019-03-30", "updatedFromDate": "2023-05-17"}, {"date": "2019-03-28", "symbol": "PIPE.TO", "eps": -0.05204, "epsEstimated": null, "time": "bmo", "revenue": 59000, "revenueEstimated": null, "fiscalDateEnding": "2018-12-31", "updatedFromDate": "2023-08-25"}, {"date": "2019-03-28", "symbol": "002772.SZ", "eps": 0.01594, "epsEstimated": null, "time": "bmo", "revenue": 242211644.7, "revenueEstimated": null, "fiscalDateEnding": "2018-12-30", "updatedFromDate": "2023-05-17"}, {"date": "2019-03-28", "symbol": "CANF", "eps": -26.99, "epsEstimated": null, "time": "bmo", "revenue": 289000, "revenueEstimated": null, "fiscalDateEnding": "2018-12-31", "updatedFromDate": "2023-09-29"}, {"date": "2019-03-28", "symbol": "CRTPF", "eps": null, "epsEstimated": null, "time": "bmo", "revenue": null, "revenueEstimated": null, "fiscalDateEnding": "2018-12-31", "updatedFromDate": "2023-05-17"}, {"date": "2019-03-28", "symbol": "HUR.L", "eps": 0.00606, "epsEstimated": null, "time": "bmo", "revenue": 42570750, "revenueEstimated": null, "fiscalDateEnding": "2018-12-28", "updatedFromDate": "2023-10-16"}, {"date": "2019-03-28", "symbol": "002060.SZ", "eps": 0.0258, "epsEstimated": null, "time": "bmo", "revenue": 2808338585.91, "revenueEstimated": null, "fiscalDateEnding": "2018-12-28", "updatedFromDate": "2023-05-17"}, {"date": "2019-03-28", "symbol": "2799.HK", "eps": 0.01452, "epsEstimated": null, "time": "bmo", "revenue": 6579150750, "revenueEstimated": null, "fiscalDateEnding": "2018-12-28", "updatedFromDate": "2023-05-17"}, {"date": "2019-03-28", "symbol": "MYTHF", "eps": null, "epsEstimated": null, "time": "bmo", "revenue": null, "revenueEstimated": null, "fiscalDateEnding": "2018-12-31", "updatedFromDate": "2023-05-17"}, {"date": "2019-03-28", "symbol": "IPCM.JK", "eps": -3.44228, "epsEstimated": null, "time": "bmo", "revenue": 181241497000, "revenueEstimated": null, "fiscalDateEnding": "2018-12-30", "updatedFromDate": "2023-05-17"}, {"date": "2019-03-28", "symbol": "IZEA", "eps": -0.24, "epsEstimated": -0.07, "time": "amc", "revenue": 4793756, "revenueEstimated": 7351575.000000001, "fiscalDateEnding": "2018-12-28", "updatedFromDate": "2023-10-10"}, {"date": "2019-03-28", "symbol": "SAIC", "eps": 1.17, "epsEstimated": 0.89, "time": "amc", "revenue": 1192000000, "revenueEstimated": 923215686.2745098, "fiscalDateEnding": "2019-01-31", "updatedFromDate": "2023-09-29"}, {"date": "2019-03-28", "symbol": "2118.HK", "eps": -0.02783, "epsEstimated": null, "time": "bmo", "revenue": 1247627750, "revenueEstimated": null, "fiscalDateEnding": "2019-03-30", "updatedFromDate": "2023-05-17"}, {"date": "2019-03-28", "symbol": "GGNPF", "eps": 1056, "epsEstimated": 1177.05, "time": "bmo", "revenue": null, "revenueEstimated": null, "fiscalDateEnding": "2018-12-31", "updatedFromDate": "2023-05-17"}, {"date": "2019-03-28", "symbol": "AZZUF", "eps": null, "epsEstimated": null, "time": "bmo", "revenue": null, "revenueEstimated": null, "fiscalDateEnding": "2018-12-31", "updatedFromDate": "2023-05-17"}, {"date": "2019-03-28", "symbol": "1216.TW", "eps": 0.46, "epsEstimated": 0.48, "time": "bmo", "revenue": 101186962000, "revenueEstimated": null, "fiscalDateEnding": "2018-12-30", "updatedFromDate": "2023-05-17"}, {"date": "2019-03-28", "symbol": "KAEF.JK", "eps": 34.32, "epsEstimated": null, "time": "bmo", "revenue": 2146749311167, "revenueEstimated": null, "fiscalDateEnding": "2018-12-30", "updatedFromDate": "2023-05-17"}, {"date": "2019-03-28", "symbol": "200771.SZ", "eps": 0.07175, "epsEstimated": null, "time": "bmo", "revenue": 1249988921.26, "revenueEstimated": null, "fiscalDateEnding": "2018-12-30", "updatedFromDate": "2023-05-17"}, {"date": "2019-03-28", "symbol": "LIPR3.SA", "eps": -0.25136, "epsEstimated": null, "time": "bmo", "revenue": 2000, "revenueEstimated": null, "fiscalDateEnding": "2019-03-31", "updatedFromDate": "2023-05-17"}, {"date": "2019-03-28", "symbol": "2538.TW", "eps": 0.1042, "epsEstimated": null, "time": "bmo", "revenue": 41037000, "revenueEstimated": null, "fiscalDateEnding": "2018-12-30", "updatedFromDate": "2023-05-17"}, {"date": "2019-03-28", "symbol": "1359.HK", "eps": 0.08855, "epsEstimated": null, "time": "bmo", "revenue": 12544788750, "revenueEstimated": null, "fiscalDateEnding": "2018-12-28", "updatedFromDate": "2023-05-17"}, {"date": "2019-03-28", "symbol": "CNRD", "eps": -0.51, "epsEstimated": null, "time": "amc", "revenue": null, "revenueEstimated": null, "fiscalDateEnding": "2018-12-28", "updatedFromDate": "2023-09-29"}, {"date": "2019-03-28", "symbol": "000928.SZ", "eps": 0.1266, "epsEstimated": null, "time": "bmo", "revenue": 3942508045.29, "revenueEstimated": null, "fiscalDateEnding": "2018-12-30", "updatedFromDate": "2023-05-17"}, {"date": "2019-03-28", "symbol": "XELB", "eps": 0.05, "epsEstimated": 0.05, "time": "amc", "revenue": 9946000, "revenueEstimated": 10301000, "fiscalDateEnding": "2018-12-30", "updatedFromDate": "2023-09-29"}, {"date": "2019-03-28", "symbol": "NBGIF", "eps": -0.08, "epsEstimated": 0.07, "time": "bmo", "revenue": null, "revenueEstimated": null, "fiscalDateEnding": "2018-12-31", "updatedFromDate": "2023-05-17"}, {"date": "2019-03-28", "symbol": "GRTS", "eps": -0.61, "epsEstimated": -0.61, "time": "bmo", "revenue": 1091000, "revenueEstimated": 1126770.4918032787, "fiscalDateEnding": "2018-12-30", "updatedFromDate": "2023-09-29"}, {"date": "2019-03-28", "symbol": "2867.TW", "eps": -0.30649, "epsEstimated": null, "time": "bmo", "revenue": 38988475000, "revenueEstimated": null, "fiscalDateEnding": "2018-12-30", "updatedFromDate": "2023-05-17"}, {"date": "2019-03-28", "symbol": "SZDEF", "eps": null, "epsEstimated": null, "time": "bmo", "revenue": null, "revenueEstimated": null, "fiscalDateEnding": "2018-12-31", "updatedFromDate": "2023-05-17"}, {"date": "2019-03-28", "symbol": "000591.SZ", "eps": 0.04769, "epsEstimated": null, "time": "bmo", "revenue": 2036396235.09, "revenueEstimated": null, "fiscalDateEnding": "2018-12-30", "updatedFromDate": "2023-05-17"}, {"date": "2019-03-28", "symbol": "ENSV", "eps": -0.15, "epsEstimated": -0.05625, "time": "amc", "revenue": 14871000, "revenueEstimated": 85520000, "fiscalDateEnding": "2018-12-30", "updatedFromDate": "2023-09-29"}, {"date": "2019-03-28", "symbol": "MMX.TO", "eps": 0.00674, "epsEstimated": null, "time": "bmo", "revenue": 5613336.698524, "revenueEstimated": null, "fiscalDateEnding": "2018-12-30", "updatedFromDate": "2023-10-16"}, {"date": "2019-03-28", "symbol": "601992.SS", "eps": 0.01362, "epsEstimated": null, "time": "bmo", "revenue": 27052346841.44, "revenueEstimated": null, "fiscalDateEnding": "2018-12-30", "updatedFromDate": "2023-05-17"}, {"date": "2019-03-28", "symbol": "IDCBY", "eps": 0.43, "epsEstimated": null, "time": "bmo", "revenue": 195687000000, "revenueEstimated": null, "fiscalDateEnding": "2018-12-31", "updatedFromDate": "2023-09-29"}, {"date": "2019-03-28", "symbol": "WTRE", "eps": -3.98318, "epsEstimated": null, "time": "bmo", "revenue": 86115000, "revenueEstimated": null, "fiscalDateEnding": "2018-12-30", "updatedFromDate": "2023-05-17"}, {"date": "2019-03-28", "symbol": "LIQT", "eps": -0.64, "epsEstimated": -0.64, "time": "bmo", "revenue": 2895474, "revenueEstimated": 2895470, "fiscalDateEnding": "2018-12-30", "updatedFromDate": "2023-09-29"}, {"date": "2019-03-28", "symbol": "603167.SS", "eps": 0.1558, "epsEstimated": null, "time": "bmo", "revenue": 393712931.6, "revenueEstimated": null, "fiscalDateEnding": "2018-12-30", "updatedFromDate": "2023-05-17"}, {"date": "2019-03-28", "symbol": "HCMC", "eps": 0, "epsEstimated": null, "time": "amc", "revenue": 14647040, "revenueEstimated": null, "fiscalDateEnding": "2018-12-29", "updatedFromDate": "2023-09-29"}, {"date": "2019-03-28", "symbol": "SRBCF", "eps": null, "epsEstimated": null, "time": "bmo", "revenue": null, "revenueEstimated": null, "fiscalDateEnding": "2019-03-31", "updatedFromDate": "2023-05-17"}, {"date": "2019-03-28", "symbol": "NBDG.L", "eps": null, "epsEstimated": null, "time": "bmo", "revenue": null, "revenueEstimated": null, "fiscalDateEnding": "2018-12-31", "updatedFromDate": "2023-05-17"}, {"date": "2019-03-28", "symbol": "000416.SZ", "eps": 0.00801, "epsEstimated": null, "time": "bmo", "revenue": 21457425.14, "revenueEstimated": null, "fiscalDateEnding": "2018-12-30", "updatedFromDate": "2023-05-17"}, {"date": "2019-03-28", "symbol": "1789.TW", "eps": 0.1135, "epsEstimated": null, "time": "bmo", "revenue": 859664000, "revenueEstimated": null, "fiscalDateEnding": "2018-12-30", "updatedFromDate": "2023-08-16"}, {"date": "2019-03-28", "symbol": "DHH.MI", "eps": null, "epsEstimated": null, "time": "bmo", "revenue": null, "revenueEstimated": null, "fiscalDateEnding": "2018-12-31", "updatedFromDate": "2023-05-17"}, {"date": "2019-03-28", "symbol": "300007.SZ", "eps": -0.10239, "epsEstimated": null, "time": "bmo", "revenue": 431661628.67, "revenueEstimated": null, "fiscalDateEnding": "2018-12-30", "updatedFromDate": "2023-05-17"}, {"date": "2019-03-28", "symbol": "9927.TW", "eps": 0.2526, "epsEstimated": null, "time": "bmo", "revenue": 2435488000, "revenueEstimated": null, "fiscalDateEnding": "2018-12-30", "updatedFromDate": "2023-05-17"}, {"date": "2019-03-28", "symbol": "COPL.L", "eps": -0.0002, "epsEstimated": null, "time": "bmo", "revenue": null, "revenueEstimated": null, "fiscalDateEnding": "2018-12-30", "updatedFromDate": "2023-05-17"}, {"date": "2019-03-28", "symbol": "WTN.WA", "eps": 0.1246, "epsEstimated": null, "time": "bmo", "revenue": 50943000, "revenueEstimated": null, "fiscalDateEnding": "2018-12-28", "updatedFromDate": "2023-05-17"}, {"date": "2019-03-28", "symbol": "QNDPF", "eps": null, "epsEstimated": null, "time": "bmo", "revenue": null, "revenueEstimated": null, "fiscalDateEnding": "2018-12-31", "updatedFromDate": "2023-05-17"}, {"date": "2019-03-28", "symbol": "0520.HK", "eps": 0.06754, "epsEstimated": null, "time": "bmo", "revenue": 1507541750, "revenueEstimated": null, "fiscalDateEnding": "2018-12-28", "updatedFromDate": "2023-05-17"}, {"date": "2019-03-28", "symbol": "CHEK", "eps": -11.6, "epsEstimated": -10.8, "time": "bmo", "revenue": null, "revenueEstimated": null, "fiscalDateEnding": "2018-12-31", "updatedFromDate": "2023-09-29"}, {"date": "2019-03-28", "symbol": "603916.SS", "eps": 0.1283, "epsEstimated": null, "time": "bmo", "revenue": 716035192.81, "revenueEstimated": null, "fiscalDateEnding": "2018-12-30", "updatedFromDate": "2023-05-17"}, {"date": "2019-03-28", "symbol": "REPX", "eps": -0.10823, "epsEstimated": null, "time": "amc", "revenue": 1171000, "revenueEstimated": null, "fiscalDateEnding": "2018-12-28", "updatedFromDate": "2023-10-10"}, {"date": "2019-03-28", "symbol": "600858.SS", "eps": 0.01956, "epsEstimated": null, "time": "bmo", "revenue": 3594471790.34, "revenueEstimated": null, "fiscalDateEnding": "2018-12-30", "updatedFromDate": "2023-05-17"}, {"date": "2019-03-28", "symbol": "GFASY", "eps": -39.33, "epsEstimated": null, "time": "amc", "revenue": 95421000, "revenueEstimated": null, "fiscalDateEnding": "2018-12-28", "updatedFromDate": "2023-09-29"}, {"date": "2019-03-28", "symbol": "BOXL", "eps": -0.48, "epsEstimated": -1.2, "time": "amc", "revenue": 11984967, "revenueEstimated": 27964930.000000007, "fiscalDateEnding": "2018-12-30", "updatedFromDate": "2023-09-29"}, {"date": "2019-03-28", "symbol": "ECOR", "eps": -7.8, "epsEstimated": -7.95, "time": "amc", "revenue": 367568, "revenueEstimated": 367570, "fiscalDateEnding": "2018-12-30", "updatedFromDate": "2023-09-29"}, {"date": "2019-03-28", "symbol": "CAAS", "eps": -0.1, "epsEstimated": 0.05, "time": "bmo", "revenue": 124274000, "revenueEstimated": 69041111.11111115, "fiscalDateEnding": "2018-12-30", "updatedFromDate": "2023-09-29"}, {"date": "2019-03-28", "symbol": "REED", "eps": -5, "epsEstimated": -3, "time": "amc", "revenue": 9629000, "revenueEstimated": 7878272.727272727, "fiscalDateEnding": "2018-12-30", "updatedFromDate": "2023-09-29"}, {"date": "2019-03-28", "symbol": "TOA.WA", "eps": 0.1541, "epsEstimated": null, "time": "bmo", "revenue": 106655000, "revenueEstimated": null, "fiscalDateEnding": "2018-12-28", "updatedFromDate": "2023-05-17"}, {"date": "2019-03-28", "symbol": "4943.TW", "eps": 1.83, "epsEstimated": 3.87, "time": "bmo", "revenue": 1338660000, "revenueEstimated": null, "fiscalDateEnding": "2018-12-30", "updatedFromDate": "2023-05-17"}, {"date": "2019-03-28", "symbol": "3091.SR", "eps": 0.01, "epsEstimated": null, "time": "bmo", "revenue": 56849188, "revenueEstimated": null, "fiscalDateEnding": "2018-12-28", "updatedFromDate": "2023-05-17"}, {"date": "2019-03-28", "symbol": "7061.T", "eps": null, "epsEstimated": null, "time": "bmo", "revenue": null, "revenueEstimated": null, "fiscalDateEnding": "2018-12-31", "updatedFromDate": "2023-05-17"}, {"date": "2019-03-28", "symbol": "GAN", "eps": -0.03678, "epsEstimated": null, "time": "bmo", "revenue": 5969000, "revenueEstimated": null, "fiscalDateEnding": "2018-12-30", "updatedFromDate": "2023-09-29"}, {"date": "2019-03-28", "symbol": "002151.SZ", "eps": 0.09578, "epsEstimated": null, "time": "bmo", "revenue": 866973459.38, "revenueEstimated": null, "fiscalDateEnding": "2018-12-30", "updatedFromDate": "2023-05-17"}, {"date": "2019-03-28", "symbol": "CNTTQ", "eps": -0.25, "epsEstimated": -0.04, "time": "bmo", "revenue": 45645143, "revenueEstimated": null, "fiscalDateEnding": "2018-12-31", "updatedFromDate": "2023-05-17"}, {"date": "2019-03-28", "symbol": "RZREF", "eps": null, "epsEstimated": null, "time": "bmo", "revenue": null, "revenueEstimated": null, "fiscalDateEnding": "2018-12-31", "updatedFromDate": "2023-05-17"}, {"date": "2019-03-28", "symbol": "1712.TW", "eps": 0.3452, "epsEstimated": null, "time": "bmo", "revenue": 4130309000, "revenueEstimated": null, "fiscalDateEnding": "2018-12-30", "updatedFromDate": "2023-05-17"}, {"date": "2019-03-28", "symbol": "RVU.WA", "eps": -0.47259, "epsEstimated": null, "time": "bmo", "revenue": 20663927, "revenueEstimated": null, "fiscalDateEnding": "2018-12-28", "updatedFromDate": "2023-05-17"}, {"date": "2019-03-28", "symbol": "CRDL", "eps": -0.25846, "epsEstimated": null, "time": "bmo", "revenue": null, "revenueEstimated": null, "fiscalDateEnding": "2018-12-31", "updatedFromDate": "2023-09-29"}, {"date": "2019-03-28", "symbol": "6123.HK", "eps": null, "epsEstimated": null, "time": "bmo", "revenue": null, "revenueEstimated": null, "fiscalDateEnding": "2018-12-31", "updatedFromDate": "2023-05-17"}, {"date": "2019-03-28", "symbol": "6136.HK", "eps": 0.04723, "epsEstimated": null, "time": "bmo", "revenue": 703800750, "revenueEstimated": null, "fiscalDateEnding": "2018-12-28", "updatedFromDate": "2023-05-17"}, {"date": "2019-03-28", "symbol": "TLO.TO", "eps": -0.01387, "epsEstimated": null, "time": "bmo", "revenue": null, "revenueEstimated": null, "fiscalDateEnding": "2018-12-28", "updatedFromDate": "2023-05-17"}, {"date": "2019-03-28", "symbol": "600373.SS", "eps": 0.3, "epsEstimated": 0.26, "time": "bmo", "revenue": 2878890466.1, "revenueEstimated": null, "fiscalDateEnding": "2018-12-28", "updatedFromDate": "2023-05-17"}, {"date": "2019-03-28", "symbol": "600109.SS", "eps": 0.1, "epsEstimated": 0.09, "time": "bmo", "revenue": 1291187968.97, "revenueEstimated": null, "fiscalDateEnding": "2018-12-31", "updatedFromDate": "2023-08-25"}, {"date": "2019-03-28", "symbol": "3600.HK", "eps": 0.04092, "epsEstimated": null, "time": "bmo", "revenue": 599887000, "revenueEstimated": null, "fiscalDateEnding": "2018-12-28", "updatedFromDate": "2023-05-17"}, {"date": "2019-03-28", "symbol": "601003.SS", "eps": 0.529, "epsEstimated": null, "time": "bmo", "revenue": 12897874946.8, "revenueEstimated": null, "fiscalDateEnding": "2018-12-30", "updatedFromDate": "2023-05-17"}, {"date": "2019-03-28", "symbol": "TCDAQ", "eps": -0.66, "epsEstimated": -0.89, "time": "bmo", "revenue": null, "revenueEstimated": null, "fiscalDateEnding": "2018-12-31", "updatedFromDate": "2023-08-25"}, {"date": "2019-03-28", "symbol": "SGH", "eps": 0.39, "epsEstimated": 0.38, "time": "amc", "revenue": 304063000, "revenueEstimated": 296165259.74025977, "fiscalDateEnding": "2019-02-28", "updatedFromDate": "2023-09-29"}, {"date": "2019-03-28", "symbol": "MNTR", "eps": -0.01, "epsEstimated": null, "time": "bmo", "revenue": 2002453, "revenueEstimated": null, "fiscalDateEnding": "2018-12-30", "updatedFromDate": "2023-09-29"}, {"date": "2019-03-28", "symbol": "002401.SZ", "eps": 0.0352, "epsEstimated": null, "time": "bmo", "revenue": 259149492.6, "revenueEstimated": null, "fiscalDateEnding": "2018-12-30", "updatedFromDate": "2023-05-17"}, {"date": "2019-03-28", "symbol": "DDEJF", "eps": -0.84359, "epsEstimated": null, "time": "amc", "revenue": 154687000, "revenueEstimated": null, "fiscalDateEnding": "2018-12-31", "updatedFromDate": "2023-09-29"}, {"date": "2019-03-28", "symbol": "CPFE3.SA", "eps": 0.436, "epsEstimated": null, "time": "bmo", "revenue": 6374654000, "revenueEstimated": null, "fiscalDateEnding": "2018-12-30", "updatedFromDate": "2023-05-17"}, {"date": "2019-03-28", "symbol": "600600.SS", "eps": -0.5, "epsEstimated": -0.42, "time": "bmo", "revenue": 2934426010, "revenueEstimated": null, "fiscalDateEnding": "2018-12-30", "updatedFromDate": "2023-05-17"}, {"date": "2019-03-28", "symbol": "SPTO.JK", "eps": 21.9, "epsEstimated": null, "time": "bmo", "revenue": 627291367930, "revenueEstimated": null, "fiscalDateEnding": "2018-12-30", "updatedFromDate": "2023-05-17"}, {"date": "2019-03-28", "symbol": "002283.SZ", "eps": 0.1023, "epsEstimated": null, "time": "bmo", "revenue": 815589972.86, "revenueEstimated": null, "fiscalDateEnding": "2018-12-30", "updatedFromDate": "2023-05-17"}, {"date": "2019-03-28", "symbol": "GUI.PA", "eps": -0.10559, "epsEstimated": null, "time": "bmo", "revenue": 15218750, "revenueEstimated": null, "fiscalDateEnding": "2018-12-28", "updatedFromDate": "2023-05-17"}, {"date": "2019-03-28", "symbol": "CTS.TO", "eps": -0.08559, "epsEstimated": null, "time": "bmo", "revenue": 136088000, "revenueEstimated": null, "fiscalDateEnding": "2018-12-31", "updatedFromDate": "2023-05-17"}, {"date": "2019-03-28", "symbol": "POM.TO", "eps": -0.13, "epsEstimated": -0.13, "time": "bmo", "revenue": null, "revenueEstimated": null, "fiscalDateEnding": "2018-12-31", "updatedFromDate": "2023-05-17"}, {"date": "2019-03-28", "symbol": "IVPAF", "eps": 0.05, "epsEstimated": null, "time": "bmo", "revenue": null, "revenueEstimated": null, "fiscalDateEnding": "2018-12-30", "updatedFromDate": "2023-08-16"}, {"date": "2019-03-28", "symbol": "1201.TW", "eps": -0.07, "epsEstimated": 0.49, "time": "bmo", "revenue": null, "revenueEstimated": null, "fiscalDateEnding": "2018-12-31", "updatedFromDate": "2023-05-17"}, {"date": "2019-03-28", "symbol": "2748.TW", "eps": 1.36, "epsEstimated": 1.17, "time": "bmo", "revenue": 678860000, "revenueEstimated": null, "fiscalDateEnding": "2018-12-31", "updatedFromDate": "2023-08-16"}, {"date": "2019-03-28", "symbol": "TCDA", "eps": -0.66, "epsEstimated": -0.89, "time": "bmo", "revenue": null, "revenueEstimated": null, "fiscalDateEnding": "2018-12-30", "updatedFromDate": "2023-05-17"}, {"date": "2019-03-28", "symbol": "NBY", "eps": -3.15, "epsEstimated": -4.9, "time": "amc", "revenue": 3625000, "revenueEstimated": 4142857.1428571427, "fiscalDateEnding": "2018-12-30", "updatedFromDate": "2023-09-29"}, {"date": "2019-03-28", "symbol": "SMTSF", "eps": 0.01, "epsEstimated": 0.00429, "time": "bmo", "revenue": 232371000, "revenueEstimated": null, "fiscalDateEnding": "2018-12-31", "updatedFromDate": "2023-09-29"}, {"date": "2019-03-28", "symbol": "IFRX", "eps": -0.46, "epsEstimated": -0.44, "time": "bmo", "revenue": null, "revenueEstimated": null, "fiscalDateEnding": "2018-12-31", "updatedFromDate": "2023-09-29"}, {"date": "2019-03-28", "symbol": "603258.SS", "eps": 0.1654, "epsEstimated": null, "time": "bmo", "revenue": 128665233.65, "revenueEstimated": null, "fiscalDateEnding": "2018-12-30", "updatedFromDate": "2023-05-17"}, {"date": "2019-03-28", "symbol": "LGD.TO", "eps": -0.01, "epsEstimated": -0.00857, "time": "bmo", "revenue": null, "revenueEstimated": null, "fiscalDateEnding": "2018-12-30", "updatedFromDate": "2023-05-17"}, {"date": "2019-03-28", "symbol": "2207.TW", "eps": 4.32, "epsEstimated": 3.79, "time": "bmo", "revenue": 48494270000, "revenueEstimated": null, "fiscalDateEnding": "2018-12-30", "updatedFromDate": "2023-05-17"}, {"date": "2019-03-28", "symbol": "RBO.PA", "eps": 0.2427, "epsEstimated": null, "time": "bmo", "revenue": 68680000, "revenueEstimated": null, "fiscalDateEnding": "2018-12-28", "updatedFromDate": "2023-05-17"}, {"date": "2019-03-28", "symbol": "4230.SR", "eps": -1.55763, "epsEstimated": null, "time": "bmo", "revenue": 158319000, "revenueEstimated": null, "fiscalDateEnding": "2018-12-30", "updatedFromDate": "2023-05-17"}, {"date": "2019-03-28", "symbol": "1512.TW", "eps": -0.20182, "epsEstimated": null, "time": "bmo", "revenue": 417385000, "revenueEstimated": null, "fiscalDateEnding": "2019-03-30", "updatedFromDate": "2023-05-17"}, {"date": "2019-03-28", "symbol": "4612.T", "eps": 11.75, "epsEstimated": 21.78, "time": "bmo", "revenue": 156592000000, "revenueEstimated": null, "fiscalDateEnding": "2018-12-31", "updatedFromDate": "2023-10-16"}, {"date": "2019-03-28", "symbol": "0400.HK", "eps": null, "epsEstimated": null, "time": "bmo", "revenue": null, "revenueEstimated": null, "fiscalDateEnding": "2018-12-28", "updatedFromDate": "2023-05-17"}, {"date": "2019-03-28", "symbol": "BLKLF", "eps": 0.04, "epsEstimated": 0.04, "time": "bmo", "revenue": 6228667, "revenueEstimated": null, "fiscalDateEnding": "2019-01-31", "updatedFromDate": "2023-08-25"}, {"date": "2019-03-28", "symbol": "USAQ", "eps": -0.00152, "epsEstimated": null, "time": "bmo", "revenue": null, "revenueEstimated": null, "fiscalDateEnding": "2018-12-30", "updatedFromDate": "2023-09-29"}, {"date": "2019-03-28", "symbol": "SGRO.JK", "eps": -62.30803, "epsEstimated": null, "time": "bmo", "revenue": 921831512000, "revenueEstimated": null, "fiscalDateEnding": "2018-12-30", "updatedFromDate": "2023-05-17"}, {"date": "2019-03-28", "symbol": "ALZCF", "eps": null, "epsEstimated": null, "time": "bmo", "revenue": null, "revenueEstimated": null, "fiscalDateEnding": "2018-12-31", "updatedFromDate": "2023-08-25"}, {"date": "2019-03-28", "symbol": "6449.TW", "eps": 0.09, "epsEstimated": 0.51, "time": "bmo", "revenue": 341712000, "revenueEstimated": null, "fiscalDateEnding": "2018-12-31", "updatedFromDate": "2023-08-25"}, {"date": "2019-03-28", "symbol": "002037.SZ", "eps": 0.3112, "epsEstimated": null, "time": "bmo", "revenue": 2537703222.47, "revenueEstimated": null, "fiscalDateEnding": "2018-12-30", "updatedFromDate": "2023-05-17"}, {"date": "2019-03-28", "symbol": "SNES", "eps": -40, "epsEstimated": -44, "time": "amc", "revenue": 137000, "revenueEstimated": 130150, "fiscalDateEnding": "2018-12-30", "updatedFromDate": "2023-09-29"}, {"date": "2019-03-28", "symbol": "600350.SS", "eps": 0.05, "epsEstimated": 0.07, "time": "bmo", "revenue": 2514883458.64, "revenueEstimated": null, "fiscalDateEnding": "2018-12-30", "updatedFromDate": "2023-05-17"}, {"date": "2019-03-28", "symbol": "002471.SZ", "eps": -0.0275, "epsEstimated": null, "time": "bmo", "revenue": 2116517128.55, "revenueEstimated": null, "fiscalDateEnding": "2018-12-30", "updatedFromDate": "2023-05-17"}, {"date": "2019-03-28", "symbol": "3046.TW", "eps": 0.16, "epsEstimated": 0.13, "time": "bmo", "revenue": 524360000, "revenueEstimated": null, "fiscalDateEnding": "2018-12-30", "updatedFromDate": "2023-05-17"}, {"date": "2019-03-28", "symbol": "6261.TWO", "eps": 1.19, "epsEstimated": 0.97, "time": "bmo", "revenue": 713540000, "revenueEstimated": null, "fiscalDateEnding": "2018-12-28", "updatedFromDate": "2023-05-17"}, {"date": "2019-03-28", "symbol": "1832.SR", "eps": -0.03924, "epsEstimated": null, "time": "bmo", "revenue": 7776361, "revenueEstimated": null, "fiscalDateEnding": "2018-12-28", "updatedFromDate": "2023-05-17"}, {"date": "2019-03-28", "symbol": "1319.TW", "eps": 0.82, "epsEstimated": 0.89, "time": "bmo", "revenue": null, "revenueEstimated": null, "fiscalDateEnding": "2018-12-31", "updatedFromDate": "2023-05-17"}, {"date": "2019-03-28", "symbol": "ELBMD", "eps": null, "epsEstimated": null, "time": "bmo", "revenue": null, "revenueEstimated": null, "fiscalDateEnding": "2018-12-31", "updatedFromDate": "2023-05-17"}, {"date": "2019-03-28", "symbol": "000541.SZ", "eps": 0.0619, "epsEstimated": null, "time": "bmo", "revenue": 889232750.52, "revenueEstimated": null, "fiscalDateEnding": "2018-12-28", "updatedFromDate": "2023-05-17"}, {"date": "2019-03-28", "symbol": "603912.SS", "eps": 0.1365, "epsEstimated": null, "time": "bmo", "revenue": 155167689.57, "revenueEstimated": null, "fiscalDateEnding": "2018-12-30", "updatedFromDate": "2023-05-17"}, {"date": "2019-03-28", "symbol": "MDKA.JK", "eps": -3e-05, "epsEstimated": null, "time": "bmo", "revenue": 77000110, "revenueEstimated": null, "fiscalDateEnding": "2018-12-30", "updatedFromDate": "2023-05-17"}, {"date": "2019-03-28", "symbol": "002062.SZ", "eps": 0.0659, "epsEstimated": null, "time": "bmo", "revenue": 3292515345.51, "revenueEstimated": null, "fiscalDateEnding": "2018-12-30", "updatedFromDate": "2023-05-17"}, {"date": "2019-03-28", "symbol": "HYREQ", "eps": -0.31, "epsEstimated": -0.13, "time": "bmo", "revenue": null, "revenueEstimated": null, "fiscalDateEnding": "2018-12-31", "updatedFromDate": "2023-08-16"}, {"date": "2019-03-28", "symbol": "CAPR", "eps": -1.1, "epsEstimated": -1.5, "time": "amc", "revenue": 648082, "revenueEstimated": 942661.8181818182, "fiscalDateEnding": "2018-12-30", "updatedFromDate": "2023-09-29"}, {"date": "2019-03-28", "symbol": "603161.SS", "eps": 0.2337, "epsEstimated": null, "time": "bmo", "revenue": 430143295.2, "revenueEstimated": null, "fiscalDateEnding": "2018-12-30", "updatedFromDate": "2023-05-17"}, {"date": "2019-03-28", "symbol": "XSPA", "eps": -10.6292, "epsEstimated": null, "time": "bmo", "revenue": 11534000, "revenueEstimated": null, "fiscalDateEnding": "2018-12-30", "updatedFromDate": "2023-08-25"}, {"date": "2019-03-28", "symbol": "3396.HK", "eps": 1.76, "epsEstimated": 1.07, "time": "bmo", "revenue": null, "revenueEstimated": null, "fiscalDateEnding": "2018-12-31", "updatedFromDate": "2023-05-17"}, {"date": "2019-03-28", "symbol": "2230.SR", "eps": 0.2164, "epsEstimated": null, "time": "bmo", "revenue": 872769000, "revenueEstimated": null, "fiscalDateEnding": "2018-12-30", "updatedFromDate": "2023-05-17"}, {"date": "2019-03-28", "symbol": "SHR.BK", "eps": -0.00665, "epsEstimated": null, "time": "bmo", "revenue": 985074409, "revenueEstimated": null, "fiscalDateEnding": "2018-12-31", "updatedFromDate": "2023-05-17"}, {"date": "2019-03-28", "symbol": "002320.SZ", "eps": 0.05037, "epsEstimated": null, "time": "bmo", "revenue": 366068153.4, "revenueEstimated": null, "fiscalDateEnding": "2019-03-30", "updatedFromDate": "2023-05-17"}, {"date": "2019-03-28", "symbol": "AZZ.TO", "eps": -0.00493, "epsEstimated": null, "time": "bmo", "revenue": null, "revenueEstimated": null, "fiscalDateEnding": "2018-12-30", "updatedFromDate": "2023-10-16"}, {"date": "2019-03-28", "symbol": "RGL.L", "eps": 0.01662, "epsEstimated": null, "time": "bmo", "revenue": 8536500, "revenueEstimated": null, "fiscalDateEnding": "2018-12-28", "updatedFromDate": "2023-05-17"}, {"date": "2019-03-28", "symbol": "IEHC", "eps": 0.535, "epsEstimated": null, "time": "bmo", "revenue": 28406666, "revenueEstimated": null, "fiscalDateEnding": "2019-03-28", "updatedFromDate": "2023-05-17"}, {"date": "2019-03-28", "symbol": "601991.SS", "eps": -0.03, "epsEstimated": 0.09, "time": "bmo", "revenue": 24290308000, "revenueEstimated": null, "fiscalDateEnding": "2018-12-30", "updatedFromDate": "2023-05-17"}, {"date": "2019-03-28", "symbol": "QEC.OL", "eps": 0.02, "epsEstimated": 0.005, "time": "bmo", "revenue": 6462000, "revenueEstimated": null, "fiscalDateEnding": "2018-12-31", "updatedFromDate": "2023-08-25"}, {"date": "2019-03-28", "symbol": "6828.HK", "eps": 0.00142, "epsEstimated": null, "time": "bmo", "revenue": 669032250, "revenueEstimated": null, "fiscalDateEnding": "2018-12-28", "updatedFromDate": "2023-05-17"}, {"date": "2019-03-28", "symbol": "AEGN.AT", "eps": -0.18, "epsEstimated": -0.25, "time": "bmo", "revenue": null, "revenueEstimated": null, "fiscalDateEnding": "2018-12-31", "updatedFromDate": "2023-05-17"}, {"date": "2019-03-28", "symbol": "1498.HK", "eps": -0.20579, "epsEstimated": null, "time": "bmo", "revenue": 173969750, "revenueEstimated": null, "fiscalDateEnding": "2018-12-28", "updatedFromDate": "2023-05-17"}, {"date": "2019-03-28", "symbol": "1786.TW", "eps": 0.4323, "epsEstimated": null, "time": "bmo", "revenue": 104435000, "revenueEstimated": null, "fiscalDateEnding": "2018-12-28", "updatedFromDate": "2023-05-17"}, {"date": "2019-03-28", "symbol": "PPSI", "eps": 0.15, "epsEstimated": 0.16, "time": "bmo", "revenue": 32366000, "revenueEstimated": 5801600, "fiscalDateEnding": "2018-12-30", "updatedFromDate": "2023-09-29"}, {"date": "2019-03-28", "symbol": "ENTX", "eps": -0.17, "epsEstimated": -0.35, "time": "bmo", "revenue": 500000, "revenueEstimated": null, "fiscalDateEnding": "2018-12-31", "updatedFromDate": "2023-09-29"}, {"date": "2019-03-28", "symbol": "6175.TWO", "eps": 0.3996, "epsEstimated": null, "time": "bmo", "revenue": 744723000, "revenueEstimated": null, "fiscalDateEnding": "2018-12-30", "updatedFromDate": "2023-05-17"}, {"date": "2019-03-28", "symbol": "AGZNF", "eps": -0.18, "epsEstimated": -0.25, "time": "bmo", "revenue": null, "revenueEstimated": null, "fiscalDateEnding": "2018-12-31", "updatedFromDate": "2023-05-17"}, {"date": "2019-03-28", "symbol": "200726.SZ", "eps": 0.2466, "epsEstimated": null, "time": "bmo", "revenue": 1855467026.81, "revenueEstimated": null, "fiscalDateEnding": "2018-12-30", "updatedFromDate": "2023-05-17"}, {"date": "2019-03-28", "symbol": "2768.HK", "eps": null, "epsEstimated": null, "time": "bmo", "revenue": null, "revenueEstimated": null, "fiscalDateEnding": "2018-12-31", "updatedFromDate": "2023-05-17"}, {"date": "2019-03-28", "symbol": "JEF", "eps": 0.14, "epsEstimated": 0.32, "time": "bmo", "revenue": 828443000, "revenueEstimated": 2731456000, "fiscalDateEnding": "2019-02-27", "updatedFromDate": "2023-09-29"}, {"date": "2019-03-28", "symbol": "SOS.MI", "eps": null, "epsEstimated": null, "time": "bmo", "revenue": null, "revenueEstimated": null, "fiscalDateEnding": "2018-12-31", "updatedFromDate": "2023-05-17"}, {"date": "2019-03-28", "symbol": "ITKH", "eps": null, "epsEstimated": null, "time": "bmo", "revenue": null, "revenueEstimated": null, "fiscalDateEnding": "2019-03-31", "updatedFromDate": "2023-09-29"}, {"date": "2019-03-28", "symbol": "2484.T", "eps": -3.0719, "epsEstimated": null, "time": "bmo", "revenue": 1686008000, "revenueEstimated": null, "fiscalDateEnding": "2019-02-27", "updatedFromDate": "2023-08-16"}, {"date": "2019-03-28", "symbol": "601600.SS", "eps": -0.04, "epsEstimated": -0.00625, "time": "bmo", "revenue": null, "revenueEstimated": null, "fiscalDateEnding": "2018-12-28", "updatedFromDate": "2023-05-17"}, {"date": "2019-03-28", "symbol": "OXM", "eps": 1.08, "epsEstimated": 1.06, "time": "amc", "revenue": 241221000, "revenueEstimated": 281949722.2222222, "fiscalDateEnding": "2018-12-28", "updatedFromDate": "2023-10-10"}, {"date": "2019-03-28", "symbol": "SUPR.JK", "eps": -954.31819, "epsEstimated": null, "time": "bmo", "revenue": 461123000000, "revenueEstimated": null, "fiscalDateEnding": "2018-12-30", "updatedFromDate": "2023-05-17"}, {"date": "2019-03-28", "symbol": "GNENF", "eps": null, "epsEstimated": null, "time": "bmo", "revenue": null, "revenueEstimated": null, "fiscalDateEnding": "2018-12-31", "updatedFromDate": "2023-05-17"}, {"date": "2019-03-28", "symbol": "CWEB.TO", "eps": 0.02, "epsEstimated": 0.06, "time": "bmo", "revenue": 21455000, "revenueEstimated": null, "fiscalDateEnding": "2018-12-31", "updatedFromDate": "2023-08-25"}, {"date": "2019-03-28", "symbol": "WAF.AX", "eps": null, "epsEstimated": null, "time": "bmo", "revenue": null, "revenueEstimated": null, "fiscalDateEnding": "2018-12-31", "updatedFromDate": "2023-10-16"}, {"date": "2019-03-28", "symbol": "EQTL3.SA", "eps": 0.35, "epsEstimated": 0.07, "time": "bmo", "revenue": 3644198000, "revenueEstimated": null, "fiscalDateEnding": "2018-12-30", "updatedFromDate": "2023-05-17"}, {"date": "2019-03-28", "symbol": "ELDN", "eps": 8.82, "epsEstimated": 7.2, "time": "amc", "revenue": null, "revenueEstimated": null, "fiscalDateEnding": "2018-12-30", "updatedFromDate": "2023-09-29"}, {"date": "2019-03-28", "symbol": "LEU", "eps": -5.1, "epsEstimated": null, "time": "amc", "revenue": 83800000, "revenueEstimated": null, "fiscalDateEnding": "2018-12-30", "updatedFromDate": "2023-09-29"}, {"date": "2019-03-28", "symbol": "603868.SS", "eps": 0.514, "epsEstimated": null, "time": "bmo", "revenue": 1157363412.77, "revenueEstimated": null, "fiscalDateEnding": "2018-12-30", "updatedFromDate": "2023-05-17"}, {"date": "2019-03-28", "symbol": "BZU.MI", "eps": null, "epsEstimated": 0.67, "time": "bmo", "revenue": null, "revenueEstimated": null, "fiscalDateEnding": "2018-12-28", "updatedFromDate": "2023-05-17"}, {"date": "2019-03-28", "symbol": "1587.TW", "eps": 0.6, "epsEstimated": 0.1, "time": "bmo", "revenue": 328402000, "revenueEstimated": null, "fiscalDateEnding": "2018-12-28", "updatedFromDate": "2023-05-17"}, {"date": "2019-03-28", "symbol": "SYPR", "eps": -0.01, "epsEstimated": -0.00667, "time": "bmo", "revenue": 23955000, "revenueEstimated": 47910000, "fiscalDateEnding": "2018-12-30", "updatedFromDate": "2023-09-29"}, {"date": "2019-03-28", "symbol": "ELBMF", "eps": null, "epsEstimated": null, "time": "bmo", "revenue": null, "revenueEstimated": null, "fiscalDateEnding": "2018-12-31", "updatedFromDate": "2023-05-17"}, {"date": "2019-03-28", "symbol": "1398.HK", "eps": 0.15, "epsEstimated": 0.18, "time": "bmo", "revenue": 195687000000, "revenueEstimated": null, "fiscalDateEnding": "2018-12-30", "updatedFromDate": "2023-08-16"}, {"date": "2019-03-28", "symbol": "ATEME.PA", "eps": null, "epsEstimated": null, "time": "bmo", "revenue": null, "revenueEstimated": null, "fiscalDateEnding": "2018-12-31", "updatedFromDate": "2023-05-17"}, {"date": "2019-03-28", "symbol": "RZE.V", "eps": null, "epsEstimated": null, "time": "bmo", "revenue": null, "revenueEstimated": null, "fiscalDateEnding": "2018-12-31", "updatedFromDate": "2023-05-17"}, {"date": "2019-03-28", "symbol": "VRAP.PA", "eps": 0.00684, "epsEstimated": null, "time": "bmo", "revenue": 68656250, "revenueEstimated": null, "fiscalDateEnding": "2018-12-28", "updatedFromDate": "2023-05-17"}, {"date": "2019-03-28", "symbol": "BKBEF", "eps": null, "epsEstimated": null, "time": "bmo", "revenue": null, "revenueEstimated": null, "fiscalDateEnding": "2018-12-30", "updatedFromDate": "2023-08-16"}, {"date": "2019-03-28", "symbol": "ALBKF", "eps": null, "epsEstimated": null, "time": "bmo", "revenue": null, "revenueEstimated": null, "fiscalDateEnding": "2018-12-31", "updatedFromDate": "2023-05-17"}, {"date": "2019-03-28", "symbol": "NH", "eps": -1.2, "epsEstimated": -1.35, "time": "amc", "revenue": 22862000, "revenueEstimated": 25718625, "fiscalDateEnding": "2018-12-30", "updatedFromDate": "2023-09-29"}, {"date": "2019-03-28", "symbol": "1541.TW", "eps": -0.36662, "epsEstimated": null, "time": "bmo", "revenue": 878504000, "revenueEstimated": null, "fiscalDateEnding": "2018-12-30", "updatedFromDate": "2023-05-17"}, {"date": "2019-03-28", "symbol": "600488.SS", "eps": 0.036, "epsEstimated": null, "time": "bmo", "revenue": 869929618.16, "revenueEstimated": null, "fiscalDateEnding": "2019-03-30", "updatedFromDate": "2023-05-17"}, {"date": "2019-03-28", "symbol": "002598.SZ", "eps": 0.06866, "epsEstimated": null, "time": "bmo", "revenue": 256568368.23, "revenueEstimated": null, "fiscalDateEnding": "2018-12-30", "updatedFromDate": "2023-05-17"}, {"date": "2019-03-28", "symbol": "PLM", "eps": 0.01, "epsEstimated": 0.01, "time": "bmo", "revenue": null, "revenueEstimated": null, "fiscalDateEnding": "2018-12-31", "updatedFromDate": "2023-09-29"}, {"date": "2019-03-28", "symbol": "OPN.WA", "eps": 0.968, "epsEstimated": null, "time": "bmo", "revenue": 358011000, "revenueEstimated": null, "fiscalDateEnding": "2018-12-30", "updatedFromDate": "2023-05-17"}, {"date": "2019-03-28", "symbol": "BEZQ.TA", "eps": -0.64, "epsEstimated": -0.05, "time": "bmo", "revenue": 2326000000, "revenueEstimated": null, "fiscalDateEnding": "2018-12-30", "updatedFromDate": "2023-08-16"}, {"date": "2019-03-28", "symbol": "SOF.BR", "eps": 8.79, "epsEstimated": null, "time": "bmo", "revenue": 309579250, "revenueEstimated": null, "fiscalDateEnding": "2018-12-28", "updatedFromDate": "2023-05-17"}, {"date": "2019-03-28", "symbol": "DTIL", "eps": -0.45888, "epsEstimated": null, "time": "bmo", "revenue": 4940000, "revenueEstimated": null, "fiscalDateEnding": "2018-12-31", "updatedFromDate": "2023-09-29"}, {"date": "2019-03-28", "symbol": "ELBM", "eps": -0.51096, "epsEstimated": null, "time": "bmo", "revenue": null, "revenueEstimated": null, "fiscalDateEnding": "2018-12-31", "updatedFromDate": "2023-09-29"}, {"date": "2019-03-28", "symbol": "0428.HK", "eps": null, "epsEstimated": null, "time": "bmo", "revenue": null, "revenueEstimated": null, "fiscalDateEnding": "2018-12-28", "updatedFromDate": "2023-05-17"}, {"date": "2019-03-28", "symbol": "5903.TWO", "eps": 1.58, "epsEstimated": 1.61, "time": "bmo", "revenue": 18419934000, "revenueEstimated": null, "fiscalDateEnding": "2018-12-30", "updatedFromDate": "2023-05-17"}, {"date": "2019-03-28", "symbol": "1615.TW", "eps": 0.172, "epsEstimated": null, "time": "bmo", "revenue": 622761000, "revenueEstimated": null, "fiscalDateEnding": "2019-03-30", "updatedFromDate": "2023-05-17"}, {"date": "2019-03-28", "symbol": "NHWK", "eps": 1.05, "epsEstimated": 1.36, "time": "bmo", "revenue": 2058136, "revenueEstimated": null, "fiscalDateEnding": "2018-12-30", "updatedFromDate": "2023-09-29"}, {"date": "2019-03-28", "symbol": "WISA", "eps": 360, "epsEstimated": 360, "time": "bmo", "revenue": 327635, "revenueEstimated": 327640, "fiscalDateEnding": "2018-12-30", "updatedFromDate": "2023-09-29"}, {"date": "2019-03-28", "symbol": "1606.HK", "eps": 0.0581, "epsEstimated": null, "time": "bmo", "revenue": 4131038000, "revenueEstimated": null, "fiscalDateEnding": "2018-12-28", "updatedFromDate": "2023-05-17"}, {"date": "2019-03-28", "symbol": "PCSA", "eps": -0.07, "epsEstimated": null, "time": "amc", "revenue": null, "revenueEstimated": null, "fiscalDateEnding": "2018-12-30", "updatedFromDate": "2023-09-29"}, {"date": "2019-03-28", "symbol": "SMNUF", "eps": 10, "epsEstimated": 13.05, "time": "bmo", "revenue": null, "revenueEstimated": null, "fiscalDateEnding": "2018-12-31", "updatedFromDate": "2023-05-17"}, {"date": "2019-03-28", "symbol": "CRDL.TO", "eps": -0.27673, "epsEstimated": null, "time": "bmo", "revenue": null, "revenueEstimated": null, "fiscalDateEnding": "2018-12-31", "updatedFromDate": "2023-08-25"}, {"date": "2019-03-28", "symbol": "000531.SZ", "eps": 0.01322, "epsEstimated": null, "time": "bmo", "revenue": 744601923.25, "revenueEstimated": null, "fiscalDateEnding": "2018-12-30", "updatedFromDate": "2023-05-17"}, {"date": "2019-03-28", "symbol": "PTPIF", "eps": null, "epsEstimated": null, "time": "bmo", "revenue": null, "revenueEstimated": null, "fiscalDateEnding": "2018-12-31", "updatedFromDate": "2023-05-17"}, {"date": "2019-03-28", "symbol": "600536.SS", "eps": 0.711, "epsEstimated": null, "time": "bmo", "revenue": 2072145241.71, "revenueEstimated": null, "fiscalDateEnding": "2018-12-30", "updatedFromDate": "2023-05-17"}, {"date": "2019-03-28", "symbol": "CIGMF", "eps": null, "epsEstimated": null, "time": "bmo", "revenue": null, "revenueEstimated": null, "fiscalDateEnding": "2018-12-31", "updatedFromDate": "2023-08-17"}, {"date": "2019-03-28", "symbol": "HMRZF", "eps": 0.49, "epsEstimated": 0.3, "time": "bmo", "revenue": 51015000000, "revenueEstimated": null, "fiscalDateEnding": "2019-02-28", "updatedFromDate": "2023-08-25"}, {"date": "2019-03-28", "symbol": "BLRX.TA", "eps": -0.05286, "epsEstimated": null, "time": "bmo", "revenue": null, "revenueEstimated": null, "fiscalDateEnding": "2018-12-30", "updatedFromDate": "2023-05-17"}, {"date": "2019-03-28", "symbol": "601005.SS", "eps": 0.03431, "epsEstimated": null, "time": "bmo", "revenue": 5202097000, "revenueEstimated": null, "fiscalDateEnding": "2018-12-30", "updatedFromDate": "2023-05-17"}, {"date": "2019-03-28", "symbol": "0921.HK", "eps": 0.31, "epsEstimated": null, "time": "bmo", "revenue": 8686763509.65, "revenueEstimated": null, "fiscalDateEnding": "2018-12-28", "updatedFromDate": "2023-05-17"}, {"date": "2019-03-28", "symbol": "002377.SZ", "eps": 0.09967, "epsEstimated": null, "time": "bmo", "revenue": 1160585092.28, "revenueEstimated": null, "fiscalDateEnding": "2018-12-30", "updatedFromDate": "2023-05-17"}, {"date": "2019-03-28", "symbol": "BRILL.AS", "eps": 0.2884, "epsEstimated": null, "time": "bmo", "revenue": 9282000, "revenueEstimated": null, "fiscalDateEnding": "2018-12-28", "updatedFromDate": "2023-05-17"}, {"date": "2019-03-28", "symbol": "VTSI", "eps": -0.13, "epsEstimated": -0.00591, "time": "amc", "revenue": 2534246, "revenueEstimated": 258442.99999999965, "fiscalDateEnding": "2018-12-30", "updatedFromDate": "2023-09-29"}, {"date": "2019-03-28", "symbol": "8011.TW", "eps": -0.09632, "epsEstimated": null, "time": "bmo", "revenue": 467172000, "revenueEstimated": null, "fiscalDateEnding": "2018-12-30", "updatedFromDate": "2023-05-17"}, {"date": "2019-03-28", "symbol": "ILNLF", "eps": -0.02, "epsEstimated": null, "time": "bmo", "revenue": null, "revenueEstimated": null, "fiscalDateEnding": "2018-12-31", "updatedFromDate": "2023-05-17"}, {"date": "2019-03-28", "symbol": "NVUS", "eps": -8.82, "epsEstimated": -7.2, "time": "bmo", "revenue": null, "revenueEstimated": null, "fiscalDateEnding": "2018-12-30", "updatedFromDate": "2023-05-17"}, {"date": "2019-03-28", "symbol": "600582.SS", "eps": 0.017, "epsEstimated": null, "time": "bmo", "revenue": 4375458956.85, "revenueEstimated": null, "fiscalDateEnding": "2018-12-28", "updatedFromDate": "2023-05-17"}, {"date": "2019-03-28", "symbol": "TWMC", "eps": -7.743, "epsEstimated": null, "time": "bmo", "revenue": 91984000, "revenueEstimated": null, "fiscalDateEnding": "2018-11-02", "updatedFromDate": "2023-05-17"}, {"date": "2019-03-28", "symbol": "IVUFF", "eps": null, "epsEstimated": null, "time": "bmo", "revenue": null, "revenueEstimated": null, "fiscalDateEnding": "2018-12-31", "updatedFromDate": "2023-05-17"}, {"date": "2019-03-28", "symbol": "CLA.MI", "eps": null, "epsEstimated": null, "time": "bmo", "revenue": null, "revenueEstimated": null, "fiscalDateEnding": "2018-12-31", "updatedFromDate": "2023-05-24"}, {"date": "2019-03-28", "symbol": "5522.TW", "eps": 0.3508, "epsEstimated": null, "time": "bmo", "revenue": 8017032000, "revenueEstimated": null, "fiscalDateEnding": "2018-12-31", "updatedFromDate": "2023-08-17"}, {"date": "2019-03-28", "symbol": "ORPOF", "eps": null, "epsEstimated": null, "time": "bmo", "revenue": null, "revenueEstimated": null, "fiscalDateEnding": "2018-12-31", "updatedFromDate": "2023-05-17"}, {"date": "2019-03-28", "symbol": "SMT.TO", "eps": -0.01, "epsEstimated": -0.00429, "time": "bmo", "revenue": 55019000, "revenueEstimated": null, "fiscalDateEnding": "2018-12-31", "updatedFromDate": "2023-10-16"}, {"date": "2019-03-28", "symbol": "2032.TW", "eps": -0.01398, "epsEstimated": null, "time": "bmo", "revenue": 715164000, "revenueEstimated": null, "fiscalDateEnding": "2018-12-30", "updatedFromDate": "2023-05-17"}, {"date": "2019-03-28", "symbol": "LDG.L", "eps": null, "epsEstimated": null, "time": "bmo", "revenue": null, "revenueEstimated": null, "fiscalDateEnding": "2019-03-31", "updatedFromDate": "2023-05-17"}, {"date": "2019-03-28", "symbol": "6152.TW", "eps": -1.60944, "epsEstimated": null, "time": "bmo", "revenue": 1187105000, "revenueEstimated": null, "fiscalDateEnding": "2018-12-30", "updatedFromDate": "2023-05-17"}, {"date": "2019-03-28", "symbol": "CRBO", "eps": 3.08, "epsEstimated": null, "time": "bmo", "revenue": 27688000, "revenueEstimated": null, "fiscalDateEnding": "2018-12-31", "updatedFromDate": "2023-09-29"}, {"date": "2019-03-28", "symbol": "000717.SZ", "eps": 0.227, "epsEstimated": null, "time": "bmo", "revenue": 7742153619.47, "revenueEstimated": null, "fiscalDateEnding": "2018-12-30", "updatedFromDate": "2023-05-17"}, {"date": "2019-03-28", "symbol": "9905.TW", "eps": 0.2559, "epsEstimated": null, "time": "bmo", "revenue": 1340632000, "revenueEstimated": null, "fiscalDateEnding": "2018-12-30", "updatedFromDate": "2023-05-17"}, {"date": "2019-03-28", "symbol": "SRIL.JK", "eps": 0.00069, "epsEstimated": null, "time": "bmo", "revenue": 269998371, "revenueEstimated": null, "fiscalDateEnding": "2018-12-30", "updatedFromDate": "2023-05-17"}, {"date": "2019-03-28", "symbol": "EDTXF", "eps": -0.00283, "epsEstimated": null, "time": "bmo", "revenue": 3840000, "revenueEstimated": null, "fiscalDateEnding": "2018-12-31", "updatedFromDate": "2023-09-29"}, {"date": "2019-03-28", "symbol": "DXR", "eps": null, "epsEstimated": null, "time": "bmo", "revenue": 200430, "revenueEstimated": null, "fiscalDateEnding": "2018-12-28", "updatedFromDate": "2023-05-17"}, {"date": "2019-03-28", "symbol": "XIAXF", "eps": null, "epsEstimated": null, "time": "bmo", "revenue": null, "revenueEstimated": null, "fiscalDateEnding": "2018-12-31", "updatedFromDate": "2023-05-17"}, {"date": "2019-03-28", "symbol": "OSE.PA", "eps": null, "epsEstimated": null, "time": "bmo", "revenue": null, "revenueEstimated": null, "fiscalDateEnding": "2018-12-31", "updatedFromDate": "2023-05-17"}, {"date": "2019-03-28", "symbol": "9924.TW", "eps": 1.02, "epsEstimated": null, "time": "bmo", "revenue": 2132729000, "revenueEstimated": null, "fiscalDateEnding": "2018-12-30", "updatedFromDate": "2023-05-17"}, {"date": "2019-03-28", "symbol": "6723.T", "eps": -3.59854, "epsEstimated": 0.77, "time": "bmo", "revenue": 186879000000, "revenueEstimated": null, "fiscalDateEnding": "2018-12-31", "updatedFromDate": "2023-10-16"}, {"date": "2019-03-28", "symbol": "SBRE.L", "eps": 0.04554, "epsEstimated": null, "time": "bmo", "revenue": 47765750, "revenueEstimated": null, "fiscalDateEnding": "2018-12-28", "updatedFromDate": "2023-05-17"}, {"date": "2019-03-28", "symbol": "6198.HK", "eps": null, "epsEstimated": null, "time": "bmo", "revenue": null, "revenueEstimated": null, "fiscalDateEnding": "2018-12-31", "updatedFromDate": "2023-05-17"}, {"date": "2019-03-28", "symbol": "QEC.TO", "eps": -0.02, "epsEstimated": -0.005, "time": "bmo", "revenue": 6462000, "revenueEstimated": null, "fiscalDateEnding": "2018-12-30", "updatedFromDate": "2023-05-17"}, {"date": "2019-03-28", "symbol": "MTEM", "eps": -2.7, "epsEstimated": -3, "time": "bmo", "revenue": 4077000, "revenueEstimated": 1561333.3333333335, "fiscalDateEnding": "2018-12-30", "updatedFromDate": "2023-09-29"}, {"date": "2019-03-28", "symbol": "NTO.TA", "eps": null, "epsEstimated": null, "time": "bmo", "revenue": null, "revenueEstimated": null, "fiscalDateEnding": "2018-12-31", "updatedFromDate": "2023-05-17"}, {"date": "2019-03-28", "symbol": "REN.MI", "eps": null, "epsEstimated": null, "time": "bmo", "revenue": null, "revenueEstimated": null, "fiscalDateEnding": "2018-12-31", "updatedFromDate": "2023-05-17"}, {"date": "2019-03-28", "symbol": "6878.HK", "eps": null, "epsEstimated": null, "time": "bmo", "revenue": null, "revenueEstimated": null, "fiscalDateEnding": "2018-12-28", "updatedFromDate": "2023-05-17"}, {"date": "2019-03-28", "symbol": "QTEYF", "eps": -0.02, "epsEstimated": -0.005, "time": "bmo", "revenue": null, "revenueEstimated": null, "fiscalDateEnding": "2018-12-31", "updatedFromDate": "2023-05-17"}, {"date": "2019-03-28", "symbol": "TGDLF", "eps": null, "epsEstimated": null, "time": "bmo", "revenue": null, "revenueEstimated": null, "fiscalDateEnding": "2018-12-31", "updatedFromDate": "2023-05-17"}, {"date": "2019-03-28", "symbol": "2600.HK", "eps": -0.05, "epsEstimated": -0.00746, "time": "bmo", "revenue": null, "revenueEstimated": null, "fiscalDateEnding": "2018-12-28", "updatedFromDate": "2023-05-17"}, {"date": "2019-03-28", "symbol": "SGBX", "eps": -8.6, "epsEstimated": -1.8, "time": "amc", "revenue": 2258562, "revenueEstimated": null, "fiscalDateEnding": "2018-12-30", "updatedFromDate": "2023-09-29"}, {"date": "2019-03-28", "symbol": "UMRX", "eps": -1.16, "epsEstimated": -1.41, "time": "bmo", "revenue": 3805000, "revenueEstimated": 4625043.1034482755, "fiscalDateEnding": "2018-12-30", "updatedFromDate": "2023-05-17"}, {"date": "2019-03-28", "symbol": "300624.SZ", "eps": null, "epsEstimated": null, "time": "bmo", "revenue": null, "revenueEstimated": null, "fiscalDateEnding": "2018-12-31", "updatedFromDate": "2023-05-17"}, {"date": "2019-03-28", "symbol": "HYRE", "eps": -0.31, "epsEstimated": -0.13, "time": "amc", "revenue": 3103445, "revenueEstimated": 1301446.7741935486, "fiscalDateEnding": "2018-12-30", "updatedFromDate": "2023-05-17"}, {"date": "2019-03-28", "symbol": "2836.TW", "eps": 0.09509, "epsEstimated": null, "time": "bmo", "revenue": 831509000, "revenueEstimated": null, "fiscalDateEnding": "2018-12-30", "updatedFromDate": "2023-05-17"}, {"date": "2019-03-28", "symbol": "4764.TW", "eps": 1.6, "epsEstimated": 1.71, "time": "bmo", "revenue": 1098132000, "revenueEstimated": null, "fiscalDateEnding": "2018-12-30", "updatedFromDate": "2023-05-17"}, {"date": "2019-03-28", "symbol": "IREN.SW", "eps": 3.4, "epsEstimated": null, "time": "bmo", "revenue": 46877250, "revenueEstimated": null, "fiscalDateEnding": "2018-12-28", "updatedFromDate": "2023-05-17"}, {"date": "2019-03-28", "symbol": "CCGDF", "eps": null, "epsEstimated": null, "time": "bmo", "revenue": null, "revenueEstimated": null, "fiscalDateEnding": "2018-12-31", "updatedFromDate": "2023-05-17"}, {"date": "2019-03-28", "symbol": "BZZUF", "eps": null, "epsEstimated": 0.67, "time": "bmo", "revenue": null, "revenueEstimated": null, "fiscalDateEnding": "2018-12-31", "updatedFromDate": "2023-05-17"}, {"date": "2019-03-28", "symbol": "601107.SS", "eps": -0.02056, "epsEstimated": null, "time": "bmo", "revenue": 1646031782.06, "revenueEstimated": null, "fiscalDateEnding": "2018-12-30", "updatedFromDate": "2023-05-17"}, {"date": "2019-03-28", "symbol": "1558.TW", "eps": 2.5, "epsEstimated": 2.23, "time": "bmo", "revenue": 1423886000, "revenueEstimated": null, "fiscalDateEnding": "2018-12-30", "updatedFromDate": "2023-05-17"}, {"date": "2019-03-28", "symbol": "2186.HK", "eps": null, "epsEstimated": null, "time": "bmo", "revenue": null, "revenueEstimated": null, "fiscalDateEnding": "2018-12-28", "updatedFromDate": "2023-05-17"}, {"date": "2019-03-28", "symbol": "TOUP.PA", "eps": -0.02852, "epsEstimated": null, "time": "bmo", "revenue": 41771750, "revenueEstimated": null, "fiscalDateEnding": "2018-12-28", "updatedFromDate": "2023-05-17"}, {"date": "2019-03-28", "symbol": "YTOEF", "eps": null, "epsEstimated": null, "time": "bmo", "revenue": null, "revenueEstimated": null, "fiscalDateEnding": "2018-12-31", "updatedFromDate": "2023-05-17"}, {"date": "2019-03-28", "symbol": "IWSY", "eps": 0.05, "epsEstimated": 0.03, "time": "bmo", "revenue": 1067000, "revenueEstimated": 640199.9999999999, "fiscalDateEnding": "2018-12-30", "updatedFromDate": "2023-09-29"}, {"date": "2019-03-28", "symbol": "AMRT.JK", "eps": 7.59, "epsEstimated": null, "time": "bmo", "revenue": 17212190000000, "revenueEstimated": null, "fiscalDateEnding": "2018-12-30", "updatedFromDate": "2023-05-17"}, {"date": "2019-03-28", "symbol": "TOPS", "eps": null, "epsEstimated": null, "time": "bmo", "revenue": 21365000, "revenueEstimated": null, "fiscalDateEnding": "2018-12-28", "updatedFromDate": "2023-09-29"}, {"date": "2019-03-28", "symbol": "VELXF", "eps": null, "epsEstimated": null, "time": "amc", "revenue": null, "revenueEstimated": null, "fiscalDateEnding": "2018-12-31", "updatedFromDate": "2023-05-17"}, {"date": "2019-03-28", "symbol": "000875.SZ", "eps": 0.05298, "epsEstimated": null, "time": "bmo", "revenue": 2303664431.54, "revenueEstimated": null, "fiscalDateEnding": "2018-12-30", "updatedFromDate": "2023-05-17"}, {"date": "2019-03-28", "symbol": "APG", "eps": null, "epsEstimated": null, "time": "bmo", "revenue": null, "revenueEstimated": null, "fiscalDateEnding": "2018-12-29", "updatedFromDate": "2023-09-29"}, {"date": "2019-03-28", "symbol": "603929.SS", "eps": 0.09422, "epsEstimated": null, "time": "bmo", "revenue": 389799587.28, "revenueEstimated": null, "fiscalDateEnding": "2018-12-30", "updatedFromDate": "2023-05-17"}, {"date": "2019-03-28", "symbol": "1508.HK", "eps": 0.03911, "epsEstimated": null, "time": "bmo", "revenue": 35540453750, "revenueEstimated": null, "fiscalDateEnding": "2018-12-28", "updatedFromDate": "2023-05-17"}, {"date": "2019-03-28", "symbol": "KSPN", "eps": -12.72952, "epsEstimated": null, "time": "amc", "revenue": 69456000, "revenueEstimated": null, "fiscalDateEnding": "2018-12-28", "updatedFromDate": "2023-10-10"}, {"date": "2019-03-28", "symbol": "3312.TW", "eps": 0.1836, "epsEstimated": null, "time": "bmo", "revenue": 2482099000, "revenueEstimated": null, "fiscalDateEnding": "2019-03-30", "updatedFromDate": "2023-05-17"}, {"date": "2019-03-28", "symbol": "603181.SS", "eps": 0.1041, "epsEstimated": null, "time": "bmo", "revenue": 463255020.44, "revenueEstimated": null, "fiscalDateEnding": "2018-12-30", "updatedFromDate": "2023-05-17"}, {"date": "2019-03-28", "symbol": "600764.SS", "eps": 0.107, "epsEstimated": null, "time": "bmo", "revenue": 178056581.46, "revenueEstimated": null, "fiscalDateEnding": "2018-12-30", "updatedFromDate": "2023-05-17"}, {"date": "2019-03-28", "symbol": "600022.SS", "eps": -0.02847, "epsEstimated": null, "time": "bmo", "revenue": 15361084220.84, "revenueEstimated": null, "fiscalDateEnding": "2018-12-30", "updatedFromDate": "2023-05-17"}, {"date": "2019-03-28", "symbol": "ULM.WA", "eps": 1.48, "epsEstimated": null, "time": "bmo", "revenue": 51567000, "revenueEstimated": null, "fiscalDateEnding": "2019-03-30", "updatedFromDate": "2023-05-17"}, {"date": "2019-03-28", "symbol": "6104.TWO", "eps": 0.4928, "epsEstimated": null, "time": "bmo", "revenue": 445907000, "revenueEstimated": null, "fiscalDateEnding": "2018-12-30", "updatedFromDate": "2023-05-17"}, {"date": "2019-03-28", "symbol": "600392.SS", "eps": -0.02948, "epsEstimated": null, "time": "bmo", "revenue": 910347678.83, "revenueEstimated": null, "fiscalDateEnding": "2018-12-30", "updatedFromDate": "2023-05-17"}, {"date": "2019-03-28", "symbol": "ZUE.WA", "eps": -2.80511, "epsEstimated": null, "time": "bmo", "revenue": 276870000, "revenueEstimated": null, "fiscalDateEnding": "2018-12-30", "updatedFromDate": "2023-05-17"}, {"date": "2019-03-28", "symbol": "QIWI", "eps": 0.24, "epsEstimated": 0.11, "time": "bmo", "revenue": 9281000000, "revenueEstimated": 3885849999.9999995, "fiscalDateEnding": "2018-12-30", "updatedFromDate": "2023-09-29"}, {"date": "2019-03-28", "symbol": "603848.SS", "eps": 0.1907, "epsEstimated": null, "time": "bmo", "revenue": 408191080.71, "revenueEstimated": null, "fiscalDateEnding": "2018-12-30", "updatedFromDate": "2023-05-17"}, {"date": "2019-03-28", "symbol": "ANTARCHILE.SN", "eps": 0.2095, "epsEstimated": null, "time": "bmo", "revenue": 6057439000, "revenueEstimated": null, "fiscalDateEnding": "2018-12-30", "updatedFromDate": "2023-05-17"}, {"date": "2019-03-28", "symbol": "600633.SS", "eps": 0.06059, "epsEstimated": null, "time": "bmo", "revenue": 585227460.67, "revenueEstimated": null, "fiscalDateEnding": "2018-12-30", "updatedFromDate": "2023-05-17"}, {"date": "2019-03-28", "symbol": "1104.TW", "eps": null, "epsEstimated": null, "time": "bmo", "revenue": null, "revenueEstimated": null, "fiscalDateEnding": "2018-12-31", "updatedFromDate": "2023-05-17"}, {"date": "2019-03-28", "symbol": "9921.TW", "eps": 2.14, "epsEstimated": 1.71, "time": "bmo", "revenue": 14819459000, "revenueEstimated": null, "fiscalDateEnding": "2018-12-30", "updatedFromDate": "2023-05-17"}, {"date": "2019-03-28", "symbol": "000789.SZ", "eps": 0.3331, "epsEstimated": null, "time": "bmo", "revenue": 3189995925.55, "revenueEstimated": null, "fiscalDateEnding": "2018-12-30", "updatedFromDate": "2023-05-17"}, {"date": "2019-03-28", "symbol": "4438.TW", "eps": 0.2, "epsEstimated": 0.17, "time": "bmo", "revenue": 3034796000, "revenueEstimated": null, "fiscalDateEnding": "2018-12-31", "updatedFromDate": "2023-08-17"}, {"date": "2019-03-28", "symbol": "1302.HK", "eps": null, "epsEstimated": null, "time": "bmo", "revenue": null, "revenueEstimated": null, "fiscalDateEnding": "2018-12-28", "updatedFromDate": "2023-05-17"}, {"date": "2019-03-28", "symbol": "600458.SS", "eps": -0.62838, "epsEstimated": null, "time": "bmo", "revenue": 3679747737.72, "revenueEstimated": null, "fiscalDateEnding": "2018-12-30", "updatedFromDate": "2023-05-17"}, {"date": "2019-03-28", "symbol": "ELBM.V", "eps": -0.51096, "epsEstimated": null, "time": "bmo", "revenue": null, "revenueEstimated": null, "fiscalDateEnding": "2018-12-31", "updatedFromDate": "2023-10-16"}, {"date": "2019-03-28", "symbol": "CMMCF", "eps": null, "epsEstimated": null, "time": "bmo", "revenue": null, "revenueEstimated": null, "fiscalDateEnding": "2018-12-31", "updatedFromDate": "2023-05-17"}, {"date": "2019-03-28", "symbol": "1772.HK", "eps": 0.07737, "epsEstimated": null, "time": "bmo", "revenue": 1410381870.21, "revenueEstimated": null, "fiscalDateEnding": "2018-12-30", "updatedFromDate": "2023-08-16"}, {"date": "2019-03-28", "symbol": "8926.TW", "eps": -0.27, "epsEstimated": null, "time": "bmo", "revenue": 525806000, "revenueEstimated": null, "fiscalDateEnding": "2018-12-30", "updatedFromDate": "2023-05-17"}, {"date": "2019-03-28", "symbol": "ETE.AT", "eps": -0.08, "epsEstimated": 0.07, "time": "bmo", "revenue": null, "revenueEstimated": null, "fiscalDateEnding": "2018-12-31", "updatedFromDate": "2023-05-17"}, {"date": "2019-03-28", "symbol": "SDGMF", "eps": 0.01, "epsEstimated": 0.1, "time": "bmo", "revenue": null, "revenueEstimated": null, "fiscalDateEnding": "2018-12-31", "updatedFromDate": "2023-05-17"}, {"date": "2019-03-28", "symbol": "CIG.WA", "eps": -0.07155, "epsEstimated": null, "time": "bmo", "revenue": 4324000, "revenueEstimated": null, "fiscalDateEnding": "2018-12-30", "updatedFromDate": "2023-08-16"}, {"date": "2019-03-28", "symbol": "601607.SS", "eps": 0.18, "epsEstimated": 0.29, "time": "bmo", "revenue": 41482813654.87, "revenueEstimated": null, "fiscalDateEnding": "2018-12-30", "updatedFromDate": "2023-08-16"}, {"date": "2019-03-28", "symbol": "AMS", "eps": 0.03, "epsEstimated": null, "time": "bmo", "revenue": 4770000, "revenueEstimated": null, "fiscalDateEnding": "2018-12-30", "updatedFromDate": "2023-09-29"}, {"date": "2019-03-28", "symbol": "KOD", "eps": -0.25, "epsEstimated": -0.31, "time": "bmo", "revenue": null, "revenueEstimated": null, "fiscalDateEnding": "2018-12-30", "updatedFromDate": "2023-09-29"}, {"date": "2019-03-28", "symbol": "2606.TW", "eps": 0.2384, "epsEstimated": null, "time": "bmo", "revenue": 3261125000, "revenueEstimated": null, "fiscalDateEnding": "2018-12-30", "updatedFromDate": "2023-05-17"}, {"date": "2019-03-28", "symbol": "MNKPF", "eps": 1.83, "epsEstimated": null, "time": "bmo", "revenue": 790600000, "revenueEstimated": null, "fiscalDateEnding": "2019-03-28", "updatedFromDate": "2023-05-17"}, {"date": "2019-03-28", "symbol": "600271.SS", "eps": 0.41, "epsEstimated": 0.47, "time": "bmo", "revenue": 4834151647.92, "revenueEstimated": null, "fiscalDateEnding": "2018-12-30", "updatedFromDate": "2023-08-16"}, {"date": "2019-03-28", "symbol": "600933.SS", "eps": 0.1224, "epsEstimated": null, "time": "bmo", "revenue": 635440344.79, "revenueEstimated": null, "fiscalDateEnding": "2018-12-30", "updatedFromDate": "2023-05-17"}, {"date": "2019-03-28", "symbol": "2402.TW", "eps": 0.32, "epsEstimated": 0.26, "time": "bmo", "revenue": 1896368000, "revenueEstimated": null, "fiscalDateEnding": "2018-12-31", "updatedFromDate": "2023-08-25"}, {"date": "2019-03-28", "symbol": "6141.TW", "eps": -0.84293, "epsEstimated": null, "time": "bmo", "revenue": 945416000, "revenueEstimated": null, "fiscalDateEnding": "2018-12-30", "updatedFromDate": "2023-08-16"}, {"date": "2019-03-28", "symbol": "2362.TW", "eps": 0.05061, "epsEstimated": null, "time": "bmo", "revenue": 4067539000, "revenueEstimated": null, "fiscalDateEnding": "2018-12-30", "updatedFromDate": "2023-05-17"}, {"date": "2019-03-28", "symbol": "TLOFF", "eps": null, "epsEstimated": null, "time": "bmo", "revenue": null, "revenueEstimated": null, "fiscalDateEnding": "2018-12-31", "updatedFromDate": "2023-05-17"}, {"date": "2019-03-28", "symbol": "1986.HK", "eps": 0.1247, "epsEstimated": null, "time": "bmo", "revenue": 454586750, "revenueEstimated": null, "fiscalDateEnding": "2018-12-28", "updatedFromDate": "2023-05-17"}, {"date": "2019-03-28", "symbol": "000988.SZ", "eps": 0.02865, "epsEstimated": null, "time": "bmo", "revenue": 1205224082.97, "revenueEstimated": null, "fiscalDateEnding": "2018-12-30", "updatedFromDate": "2023-08-16"}, {"date": "2019-03-28", "symbol": "VJET", "eps": -0.05, "epsEstimated": -0.2, "time": "amc", "revenue": 8574000, "revenueEstimated": null, "fiscalDateEnding": "2018-12-31", "updatedFromDate": "2023-09-29"}, {"date": "2019-03-28", "symbol": "7803.T", "eps": 9.47, "epsEstimated": null, "time": "bmo", "revenue": 8306147000, "revenueEstimated": null, "fiscalDateEnding": "2018-12-28", "updatedFromDate": "2023-10-16"}, {"date": "2019-03-28", "symbol": "SEEL", "eps": -0.20781, "epsEstimated": null, "time": "bmo", "revenue": null, "revenueEstimated": null, "fiscalDateEnding": "2018-12-30", "updatedFromDate": "2023-09-29"}, {"date": "2019-03-28", "symbol": "002627.SZ", "eps": 0.01968, "epsEstimated": null, "time": "bmo", "revenue": 342813610.84, "revenueEstimated": null, "fiscalDateEnding": "2018-12-30", "updatedFromDate": "2023-05-17"}, {"date": "2019-03-28", "symbol": "2377.TW", "eps": 0.79, "epsEstimated": 1.67, "time": "bmo", "revenue": 29751579000, "revenueEstimated": null, "fiscalDateEnding": "2018-12-30", "updatedFromDate": "2023-05-17"}, {"date": "2019-03-28", "symbol": "SWYDF", "eps": -0.03, "epsEstimated": -0.03, "time": "bmo", "revenue": null, "revenueEstimated": null, "fiscalDateEnding": "2018-12-31", "updatedFromDate": "2023-05-17"}, {"date": "2019-03-28", "symbol": "EDAC.MI", "eps": null, "epsEstimated": null, "time": "bmo", "revenue": null, "revenueEstimated": null, "fiscalDateEnding": "2018-12-31", "updatedFromDate": "2023-05-17"}, {"date": "2019-03-28", "symbol": "NOVC", "eps": 0.07, "epsEstimated": null, "time": "bmo", "revenue": 14481000, "revenueEstimated": null, "fiscalDateEnding": "2018-12-30", "updatedFromDate": "2023-09-29"}, {"date": "2019-03-28", "symbol": "STKS", "eps": 0.11, "epsEstimated": 0.12, "time": "amc", "revenue": 25813000, "revenueEstimated": 28159636.363636363, "fiscalDateEnding": "2018-12-30", "updatedFromDate": "2023-09-29"}, {"date": "2019-03-28", "symbol": "EDT.TO", "eps": 0.00188, "epsEstimated": null, "time": "bmo", "revenue": 1864000, "revenueEstimated": null, "fiscalDateEnding": "2018-12-31", "updatedFromDate": "2023-10-16"}, {"date": "2019-03-28", "symbol": "MMX", "eps": 0.00723, "epsEstimated": null, "time": "bmo", "revenue": 5613336.698524, "revenueEstimated": null, "fiscalDateEnding": "2018-12-30", "updatedFromDate": "2023-05-17"}, {"date": "2019-03-28", "symbol": "IDCBF", "eps": 0.15, "epsEstimated": 0.18, "time": "bmo", "revenue": null, "revenueEstimated": null, "fiscalDateEnding": "2018-12-31", "updatedFromDate": "2023-08-16"}, {"date": "2019-03-28", "symbol": "CROJF", "eps": null, "epsEstimated": null, "time": "bmo", "revenue": null, "revenueEstimated": null, "fiscalDateEnding": "2018-12-31", "updatedFromDate": "2023-05-17"}, {"date": "2019-03-28", "symbol": "5706.TW", "eps": 0.53, "epsEstimated": 0.31, "time": "bmo", "revenue": 674446000, "revenueEstimated": null, "fiscalDateEnding": "2018-12-30", "updatedFromDate": "2023-08-16"}, {"date": "2019-03-28", "symbol": "ENPL.L", "eps": 0.4516, "epsEstimated": null, "time": "bmo", "revenue": 2781000000, "revenueEstimated": null, "fiscalDateEnding": "2018-12-28", "updatedFromDate": "2023-05-17"}, {"date": "2019-03-28", "symbol": "BJGBF", "eps": null, "epsEstimated": null, "time": "bmo", "revenue": null, "revenueEstimated": null, "fiscalDateEnding": "2018-12-31", "updatedFromDate": "2023-05-17"}, {"date": "2019-03-28", "symbol": "DLMAF", "eps": 0.54, "epsEstimated": 0.55, "time": "bmo", "revenue": 947649000, "revenueEstimated": null, "fiscalDateEnding": "2018-12-28", "updatedFromDate": "2023-10-17"}, {"date": "2019-03-28", "symbol": "2723.TW", "eps": 1.62, "epsEstimated": 1.84, "time": "bmo", "revenue": 5860020000, "revenueEstimated": null, "fiscalDateEnding": "2018-12-30", "updatedFromDate": "2023-05-17"}, {"date": "2019-03-28", "symbol": "COGT", "eps": -1.16, "epsEstimated": -1.41, "time": "bmo", "revenue": 3805000, "revenueEstimated": null, "fiscalDateEnding": "2018-12-30", "updatedFromDate": "2023-09-29"}, {"date": "2019-03-28", "symbol": "603339.SS", "eps": 0.1306, "epsEstimated": null, "time": "bmo", "revenue": 371156523.7, "revenueEstimated": null, "fiscalDateEnding": "2018-12-30", "updatedFromDate": "2023-05-17"}, {"date": "2019-03-28", "symbol": "1527.TW", "eps": 1.97, "epsEstimated": 1.33, "time": "bmo", "revenue": 877831000, "revenueEstimated": null, "fiscalDateEnding": "2018-12-30", "updatedFromDate": "2023-08-16"}, {"date": "2019-03-28", "symbol": "BSDE.JK", "eps": 36.3, "epsEstimated": 41.26, "time": "bmo", "revenue": 1841606141259, "revenueEstimated": null, "fiscalDateEnding": "2018-12-30", "updatedFromDate": "2023-08-16"}, {"date": "2019-03-29", "symbol": "4540.TW", "eps": 0.96, "epsEstimated": 1.84, "time": "bmo", "revenue": 805847000, "revenueEstimated": null, "fiscalDateEnding": "2018-12-31", "updatedFromDate": "2023-08-25"}, {"date": "2019-03-29", "symbol": "000779.SZ", "eps": 1.25, "epsEstimated": null, "time": "bmo", "revenue": 1890053115.6, "revenueEstimated": null, "fiscalDateEnding": "2018-12-30", "updatedFromDate": "2023-05-17"}, {"date": "2019-03-29", "symbol": "601996.SS", "eps": 0.02737, "epsEstimated": null, "time": "bmo", "revenue": 506817408.09, "revenueEstimated": null, "fiscalDateEnding": "2018-12-30", "updatedFromDate": "2023-05-17"}, {"date": "2019-03-29", "symbol": "600369.SS", "eps": -0.01188, "epsEstimated": null, "time": "bmo", "revenue": 897523682.77, "revenueEstimated": null, "fiscalDateEnding": "2018-12-30", "updatedFromDate": "2023-05-17"}, {"date": "2019-03-29", "symbol": "MDLN.JK", "eps": -3.88605, "epsEstimated": null, "time": "bmo", "revenue": 433044714772, "revenueEstimated": null, "fiscalDateEnding": "2018-12-30", "updatedFromDate": "2023-05-17"}, {"date": "2019-03-29", "symbol": "1877.HK", "eps": -0.23743, "epsEstimated": null, "time": "bmo", "revenue": 193772250, "revenueEstimated": null, "fiscalDateEnding": "2019-03-30", "updatedFromDate": "2023-05-17"}, {"date": "2019-03-29", "symbol": "002082.SZ", "eps": 0.05, "epsEstimated": null, "time": "bmo", "revenue": 3257833146.08, "revenueEstimated": null, "fiscalDateEnding": "2018-12-29", "updatedFromDate": "2023-05-17"}, {"date": "2019-03-29", "symbol": "RPLAN.ST", "eps": 0.00845, "epsEstimated": null, "time": "bmo", "revenue": 12794000, "revenueEstimated": null, "fiscalDateEnding": "2018-12-29", "updatedFromDate": "2023-05-17"}, {"date": "2019-03-29", "symbol": "RENN", "eps": -1.92, "epsEstimated": null, "time": "bmo", "revenue": 122170000, "revenueEstimated": null, "fiscalDateEnding": "2018-12-30", "updatedFromDate": "2023-09-29"}, {"date": "2019-03-29", "symbol": "CRVW", "eps": -0.03, "epsEstimated": null, "time": "bmo", "revenue": 1492953, "revenueEstimated": null, "fiscalDateEnding": "2018-12-30", "updatedFromDate": "2023-09-29"}, {"date": "2019-03-29", "symbol": "RSTI.ME", "eps": 0.1357, "epsEstimated": null, "time": "bmo", "revenue": 301958000000, "revenueEstimated": null, "fiscalDateEnding": "2018-12-30", "updatedFromDate": "2023-05-17"}, {"date": "2019-03-29", "symbol": "LITB", "eps": -0.36, "epsEstimated": null, "time": "bmo", "revenue": 57539000, "revenueEstimated": null, "fiscalDateEnding": "2018-12-31", "updatedFromDate": "2023-09-29"}, {"date": "2019-03-29", "symbol": "1739.HK", "eps": 0.01046, "epsEstimated": null, "time": "bmo", "revenue": 192728000, "revenueEstimated": null, "fiscalDateEnding": "2018-12-29", "updatedFromDate": "2023-05-17"}, {"date": "2019-03-29", "symbol": "RIPLEY.SN", "eps": 3.52, "epsEstimated": null, "time": "bmo", "revenue": 390788704000, "revenueEstimated": null, "fiscalDateEnding": "2018-12-29", "updatedFromDate": "2023-08-17"}, {"date": "2019-03-29", "symbol": "2012.TW", "eps": 0.4964, "epsEstimated": null, "time": "bmo", "revenue": 2635014000, "revenueEstimated": null, "fiscalDateEnding": "2018-12-31", "updatedFromDate": "2023-08-17"}, {"date": "2019-03-29", "symbol": "6674.TW", "eps": 0.4399, "epsEstimated": null, "time": "bmo", "revenue": 772113000, "revenueEstimated": null, "fiscalDateEnding": "2018-12-30", "updatedFromDate": "2023-05-17"}, {"date": "2019-03-29", "symbol": "002058.SZ", "eps": 0.02347, "epsEstimated": null, "time": "bmo", "revenue": 38721287.33, "revenueEstimated": null, "fiscalDateEnding": "2018-12-30", "updatedFromDate": "2023-05-17"}, {"date": "2019-03-29", "symbol": "1316.TW", "eps": -0.80588, "epsEstimated": null, "time": "bmo", "revenue": 141635000, "revenueEstimated": null, "fiscalDateEnding": "2018-12-30", "updatedFromDate": "2023-05-17"}, {"date": "2019-03-29", "symbol": "2020.TW", "eps": -0.03128, "epsEstimated": null, "time": "bmo", "revenue": 1184410000, "revenueEstimated": null, "fiscalDateEnding": "2018-12-30", "updatedFromDate": "2023-05-17"}, {"date": "2019-03-29", "symbol": "4966.TWO", "eps": 8.65, "epsEstimated": 8.67, "time": "bmo", "revenue": 3123334000, "revenueEstimated": null, "fiscalDateEnding": "2018-12-30", "updatedFromDate": "2023-05-17"}, {"date": "2019-03-29", "symbol": "KMX", "eps": 1.13, "epsEstimated": 1.04, "time": "bmo", "revenue": 4318602000, "revenueEstimated": 3974642548.672567, "fiscalDateEnding": "2019-02-27", "updatedFromDate": "2023-09-29"}, {"date": "2019-03-29", "symbol": "1409.TW", "eps": 0.2683, "epsEstimated": null, "time": "bmo", "revenue": 10124756000, "revenueEstimated": null, "fiscalDateEnding": "2018-12-30", "updatedFromDate": "2023-05-17"}, {"date": "2019-03-29", "symbol": "TNP", "eps": -0.45, "epsEstimated": 0.15, "time": "bmo", "revenue": 153755000, "revenueEstimated": 700219.0476190288, "fiscalDateEnding": "2018-12-31", "updatedFromDate": "2023-09-29"}, {"date": "2019-03-29", "symbol": "FECOF", "eps": -0.00018, "epsEstimated": null, "time": "bmo", "revenue": 188, "revenueEstimated": null, "fiscalDateEnding": "2018-12-31", "updatedFromDate": "2023-09-29"}, {"date": "2019-03-29", "symbol": "4829.T", "eps": 1.03, "epsEstimated": null, "time": "bmo", "revenue": 888074000, "revenueEstimated": null, "fiscalDateEnding": "2018-12-29", "updatedFromDate": "2023-10-17"}, {"date": "2019-03-29", "symbol": "2608.TW", "eps": 0.76, "epsEstimated": 0.63, "time": "bmo", "revenue": 2723880000, "revenueEstimated": null, "fiscalDateEnding": "2018-12-30", "updatedFromDate": "2023-05-17"}, {"date": "2019-03-29", "symbol": "FRO.WA", "eps": 0.253, "epsEstimated": null, "time": "bmo", "revenue": 103522900, "revenueEstimated": null, "fiscalDateEnding": "2018-12-31", "updatedFromDate": "2023-05-17"}, {"date": "2019-03-29", "symbol": "600643.SS", "eps": 0.2108, "epsEstimated": null, "time": "bmo", "revenue": 263608565.78, "revenueEstimated": null, "fiscalDateEnding": "2018-12-30", "updatedFromDate": "2023-05-17"}, {"date": "2019-03-29", "symbol": "2520.TW", "eps": 2.09, "epsEstimated": 1.24, "time": "bmo", "revenue": 7730483000, "revenueEstimated": null, "fiscalDateEnding": "2018-12-30", "updatedFromDate": "2023-05-17"}, {"date": "2019-03-29", "symbol": "9717.T", "eps": 17.88, "epsEstimated": null, "time": "bmo", "revenue": 3526693000, "revenueEstimated": null, "fiscalDateEnding": "2019-02-27", "updatedFromDate": "2023-05-17"}, {"date": "2019-03-29", "symbol": "SIEB", "eps": 0.2, "epsEstimated": null, "time": "bmo", "revenue": 6487000, "revenueEstimated": null, "fiscalDateEnding": "2018-12-30", "updatedFromDate": "2023-09-29"}, {"date": "2019-03-29", "symbol": "NTIP", "eps": -0.02, "epsEstimated": null, "time": "bmo", "revenue": 374000, "revenueEstimated": null, "fiscalDateEnding": "2018-12-30", "updatedFromDate": "2023-09-29"}, {"date": "2019-03-29", "symbol": "603856.SS", "eps": 0.1166, "epsEstimated": null, "time": "bmo", "revenue": 448789284.2, "revenueEstimated": null, "fiscalDateEnding": "2018-12-30", "updatedFromDate": "2023-05-17"}, {"date": "2019-03-29", "symbol": "NFCX.JK", "eps": 2, "epsEstimated": null, "time": "bmo", "revenue": 1783057390080, "revenueEstimated": null, "fiscalDateEnding": "2018-12-30", "updatedFromDate": "2023-05-17"}, {"date": "2019-03-29", "symbol": "600222.SS", "eps": -0.20974, "epsEstimated": null, "time": "bmo", "revenue": 344705557.51, "revenueEstimated": null, "fiscalDateEnding": "2018-12-30", "updatedFromDate": "2023-05-17"}, {"date": "2019-03-29", "symbol": "DGLY", "eps": -9.2, "epsEstimated": -0.27, "time": "bmo", "revenue": 2378287, "revenueEstimated": 1259094.705882353, "fiscalDateEnding": "2018-12-30", "updatedFromDate": "2023-09-29"}, {"date": "2019-03-29", "symbol": "600481.SS", "eps": 0.0064, "epsEstimated": null, "time": "bmo", "revenue": 351519068.59, "revenueEstimated": null, "fiscalDateEnding": "2018-12-29", "updatedFromDate": "2023-05-17"}, {"date": "2019-03-29", "symbol": "DSNG.JK", "eps": 13.51, "epsEstimated": null, "time": "bmo", "revenue": 1423742000000, "revenueEstimated": null, "fiscalDateEnding": "2018-12-30", "updatedFromDate": "2023-05-17"}, {"date": "2019-03-29", "symbol": "IAM.SN", "eps": null, "epsEstimated": null, "time": "bmo", "revenue": null, "revenueEstimated": null, "fiscalDateEnding": "2018-12-31", "updatedFromDate": "2023-05-17"}, {"date": "2019-03-29", "symbol": "000727.SZ", "eps": 0.1327, "epsEstimated": null, "time": "bmo", "revenue": 2150778012.43, "revenueEstimated": null, "fiscalDateEnding": "2018-12-30", "updatedFromDate": "2023-05-17"}, {"date": "2019-03-29", "symbol": "BRPT.JK", "eps": 2e-05, "epsEstimated": null, "time": "bmo", "revenue": 717614000, "revenueEstimated": null, "fiscalDateEnding": "2018-12-30", "updatedFromDate": "2023-05-17"}, {"date": "2019-03-29", "symbol": "LSDAF", "eps": 2.26, "epsEstimated": 2.14, "time": "bmo", "revenue": 1593996000, "revenueEstimated": null, "fiscalDateEnding": "2018-12-31", "updatedFromDate": "2023-08-17"}, {"date": "2019-03-29", "symbol": "002915.SZ", "eps": 0.06212, "epsEstimated": null, "time": "bmo", "revenue": 117841818.09, "revenueEstimated": null, "fiscalDateEnding": "2018-12-30", "updatedFromDate": "2023-05-17"}, {"date": "2019-03-29", "symbol": "WIIM.JK", "eps": 9.43, "epsEstimated": null, "time": "bmo", "revenue": 360541994215, "revenueEstimated": null, "fiscalDateEnding": "2018-12-31", "updatedFromDate": "2023-05-17"}, {"date": "2019-03-29", "symbol": "CBWTF", "eps": -0.05, "epsEstimated": null, "time": "bmo", "revenue": 747000, "revenueEstimated": null, "fiscalDateEnding": "2018-12-31", "updatedFromDate": "2023-09-29"}, {"date": "2019-03-29", "symbol": "600058.SS", "eps": -0.3808, "epsEstimated": null, "time": "bmo", "revenue": 16868556028.8, "revenueEstimated": null, "fiscalDateEnding": "2018-12-30", "updatedFromDate": "2023-05-17"}, {"date": "2019-03-29", "symbol": "1890.HK", "eps": 0.05797, "epsEstimated": null, "time": "bmo", "revenue": 178553750, "revenueEstimated": null, "fiscalDateEnding": "2018-12-29", "updatedFromDate": "2023-10-16"}, {"date": "2019-03-29", "symbol": "2889.TW", "eps": 0.1483, "epsEstimated": null, "time": "bmo", "revenue": 1207835000, "revenueEstimated": null, "fiscalDateEnding": "2018-12-31", "updatedFromDate": "2023-08-25"}, {"date": "2019-03-29", "symbol": "SBSP3.SA", "eps": 2.21, "epsEstimated": 1.21, "time": "bmo", "revenue": 4902411000, "revenueEstimated": null, "fiscalDateEnding": "2018-12-30", "updatedFromDate": "2023-05-17"}, {"date": "2019-03-29", "symbol": "OPT", "eps": -0.17964, "epsEstimated": null, "time": "bmo", "revenue": null, "revenueEstimated": null, "fiscalDateEnding": "2019-03-29", "updatedFromDate": "2023-05-17"}, {"date": "2019-03-29", "symbol": "TKIM.JK", "eps": -0.0007, "epsEstimated": null, "time": "bmo", "revenue": 238357000, "revenueEstimated": null, "fiscalDateEnding": "2018-12-30", "updatedFromDate": "2023-05-17"}, {"date": "2019-03-29", "symbol": "JAN", "eps": -1.19677, "epsEstimated": null, "time": "bmo", "revenue": 6293000, "revenueEstimated": null, "fiscalDateEnding": "2019-03-29", "updatedFromDate": "2023-09-29"}, {"date": "2019-03-29", "symbol": "RBW.WA", "eps": -0.44908, "epsEstimated": null, "time": "bmo", "revenue": 234780000, "revenueEstimated": null, "fiscalDateEnding": "2018-12-30", "updatedFromDate": "2023-05-17"}, {"date": "2019-03-29", "symbol": "1635.HK", "eps": 0.04874, "epsEstimated": null, "time": "bmo", "revenue": 1196353453.51, "revenueEstimated": null, "fiscalDateEnding": "2018-12-30", "updatedFromDate": "2023-05-17"}, {"date": "2019-03-29", "symbol": "PSTV", "eps": 8.05, "epsEstimated": 14.67, "time": "bmo", "revenue": 2135000, "revenueEstimated": 3890739.1304347822, "fiscalDateEnding": "2018-12-30", "updatedFromDate": "2023-09-29"}, {"date": "2019-03-29", "symbol": "CYAD", "eps": null, "epsEstimated": -1.78, "time": "bmo", "revenue": null, "revenueEstimated": null, "fiscalDateEnding": "2018-12-29", "updatedFromDate": "2023-05-17"}, {"date": "2019-03-29", "symbol": "T14.SI", "eps": null, "epsEstimated": null, "time": "bmo", "revenue": null, "revenueEstimated": null, "fiscalDateEnding": "2018-12-31", "updatedFromDate": "2023-05-17"}, {"date": "2019-03-29", "symbol": "MLLUY", "eps": 0.24, "epsEstimated": null, "time": "bmo", "revenue": 289534523000, "revenueEstimated": null, "fiscalDateEnding": "2018-12-31", "updatedFromDate": "2023-09-29"}, {"date": "2019-03-29", "symbol": "KMSTF", "eps": null, "epsEstimated": null, "time": "bmo", "revenue": null, "revenueEstimated": null, "fiscalDateEnding": "2018-12-31", "updatedFromDate": "2023-05-17"}, {"date": "2019-03-29", "symbol": "000060.SZ", "eps": 0.04606, "epsEstimated": null, "time": "bmo", "revenue": 2999420272.83, "revenueEstimated": null, "fiscalDateEnding": "2018-12-30", "updatedFromDate": "2023-05-17"}, {"date": "2019-03-29", "symbol": "DIOD.ME", "eps": null, "epsEstimated": null, "time": "bmo", "revenue": null, "revenueEstimated": null, "fiscalDateEnding": "2018-12-29", "updatedFromDate": "2023-05-17"}, {"date": "2019-03-29", "symbol": "MEX.WA", "eps": 0.09008, "epsEstimated": null, "time": "bmo", "revenue": 16164877.4, "revenueEstimated": null, "fiscalDateEnding": "2019-03-30", "updatedFromDate": "2023-05-17"}, {"date": "2019-03-29", "symbol": "1446.TW", "eps": 0.06887, "epsEstimated": null, "time": "bmo", "revenue": 105346000, "revenueEstimated": null, "fiscalDateEnding": "2018-12-30", "updatedFromDate": "2023-05-17"}, {"date": "2019-03-29", "symbol": "002546.SZ", "eps": 0.06228, "epsEstimated": null, "time": "bmo", "revenue": 242501506.76, "revenueEstimated": null, "fiscalDateEnding": "2018-12-30", "updatedFromDate": "2023-05-17"}, {"date": "2019-03-29", "symbol": "002045.SZ", "eps": -0.37388, "epsEstimated": null, "time": "bmo", "revenue": 1111077199, "revenueEstimated": null, "fiscalDateEnding": "2018-12-30", "updatedFromDate": "2023-05-17"}, {"date": "2019-03-29", "symbol": "2467.TW", "eps": 0.551, "epsEstimated": null, "time": "bmo", "revenue": 1119529000, "revenueEstimated": null, "fiscalDateEnding": "2019-03-30", "updatedFromDate": "2023-05-17"}, {"date": "2019-03-29", "symbol": "TPST", "eps": 12.3, "epsEstimated": 12.85, "time": "bmo", "revenue": 3555000, "revenueEstimated": null, "fiscalDateEnding": "2018-12-30", "updatedFromDate": "2023-09-29"}, {"date": "2019-03-29", "symbol": "AKU", "eps": 0.04, "epsEstimated": 0.07, "time": "bmo", "revenue": 45451531, "revenueEstimated": null, "fiscalDateEnding": "2018-12-31", "updatedFromDate": "2023-09-29"}, {"date": "2019-03-29", "symbol": "PTKFF", "eps": 13.93, "epsEstimated": 14.1, "time": "bmo", "revenue": null, "revenueEstimated": null, "fiscalDateEnding": "2018-12-31", "updatedFromDate": "2023-05-17"}, {"date": "2019-03-29", "symbol": "ESAU.MI", "eps": null, "epsEstimated": null, "time": "bmo", "revenue": null, "revenueEstimated": null, "fiscalDateEnding": "2018-12-29", "updatedFromDate": "2023-05-17"}, {"date": "2019-03-29", "symbol": "XBIO", "eps": -20.41, "epsEstimated": null, "time": "bmo", "revenue": null, "revenueEstimated": null, "fiscalDateEnding": "2018-12-30", "updatedFromDate": "2023-09-29"}, {"date": "2019-03-29", "symbol": "VAQTF", "eps": null, "epsEstimated": null, "time": "bmo", "revenue": null, "revenueEstimated": null, "fiscalDateEnding": "2018-12-31", "updatedFromDate": "2023-05-17"}, {"date": "2019-03-29", "symbol": "TALK.ST", "eps": -0.13749, "epsEstimated": null, "time": "bmo", "revenue": 6908216, "revenueEstimated": null, "fiscalDateEnding": "2018-12-30", "updatedFromDate": "2023-05-17"}, {"date": "2019-03-29", "symbol": "3149.TW", "eps": -0.48277, "epsEstimated": null, "time": "bmo", "revenue": 852371000, "revenueEstimated": null, "fiscalDateEnding": "2018-12-30", "updatedFromDate": "2023-05-17"}, {"date": "2019-03-29", "symbol": "MOG-B", "eps": 1.2, "epsEstimated": null, "time": "bmo", "revenue": 718811000, "revenueEstimated": null, "fiscalDateEnding": "2019-03-29", "updatedFromDate": "2023-10-16"}, {"date": "2019-03-29", "symbol": "QLGN", "eps": -415, "epsEstimated": -235, "time": "bmo", "revenue": null, "revenueEstimated": null, "fiscalDateEnding": "2018-12-30", "updatedFromDate": "2023-10-10"}, {"date": "2019-03-29", "symbol": "LEAD.JK", "eps": null, "epsEstimated": null, "time": "bmo", "revenue": null, "revenueEstimated": null, "fiscalDateEnding": "2018-12-31", "updatedFromDate": "2023-05-17"}, {"date": "2019-03-29", "symbol": "000993.SZ", "eps": -0.67255, "epsEstimated": null, "time": "bmo", "revenue": 162674440.25, "revenueEstimated": null, "fiscalDateEnding": "2018-12-30", "updatedFromDate": "2023-05-17"}, {"date": "2019-03-29", "symbol": "INDY.JK", "eps": -0.00616, "epsEstimated": null, "time": "bmo", "revenue": 782434928, "revenueEstimated": null, "fiscalDateEnding": "2018-12-30", "updatedFromDate": "2023-05-17"}, {"date": "2019-03-29", "symbol": "2634.TW", "eps": 0.52, "epsEstimated": 0.64, "time": "bmo", "revenue": 8368611000, "revenueEstimated": null, "fiscalDateEnding": "2018-12-30", "updatedFromDate": "2023-05-17"}, {"date": "2019-03-29", "symbol": "603228.SS", "eps": 0.2167, "epsEstimated": null, "time": "bmo", "revenue": 1344046029.16, "revenueEstimated": null, "fiscalDateEnding": "2018-12-30", "updatedFromDate": "2023-05-17"}, {"date": "2019-03-29", "symbol": "HNNMY", "eps": 0.01, "epsEstimated": 0.01, "time": "bmo", "revenue": 51015000000, "revenueEstimated": null, "fiscalDateEnding": "2019-02-28", "updatedFromDate": "2023-09-29"}, {"date": "2019-03-29", "symbol": "DILD.JK", "eps": 7.79, "epsEstimated": null, "time": "bmo", "revenue": 133195204199, "revenueEstimated": null, "fiscalDateEnding": "2018-12-30", "updatedFromDate": "2023-05-17"}, {"date": "2019-03-29", "symbol": "2382.TW", "eps": 1.06, "epsEstimated": 1.04, "time": "bmo", "revenue": 316684186000, "revenueEstimated": null, "fiscalDateEnding": "2018-12-30", "updatedFromDate": "2023-05-17"}, {"date": "2019-03-29", "symbol": "SITOQ", "eps": -0.04, "epsEstimated": -0.08, "time": "bmo", "revenue": null, "revenueEstimated": null, "fiscalDateEnding": "2018-12-31", "updatedFromDate": "2023-05-17"}, {"date": "2019-03-29", "symbol": "600713.SS", "eps": 0.06376, "epsEstimated": null, "time": "bmo", "revenue": 8707346480.98, "revenueEstimated": null, "fiscalDateEnding": "2018-12-30", "updatedFromDate": "2023-05-17"}, {"date": "2019-03-29", "symbol": "1773.HK", "eps": 0.0329, "epsEstimated": null, "time": "bmo", "revenue": 229338750, "revenueEstimated": null, "fiscalDateEnding": "2018-12-29", "updatedFromDate": "2023-10-16"}, {"date": "2019-03-29", "symbol": "HZMMF", "eps": null, "epsEstimated": null, "time": "bmo", "revenue": null, "revenueEstimated": null, "fiscalDateEnding": "2018-12-31", "updatedFromDate": "2023-05-17"}, {"date": "2019-03-29", "symbol": "000554.SZ", "eps": 0.00156, "epsEstimated": null, "time": "bmo", "revenue": 781790612.95, "revenueEstimated": null, "fiscalDateEnding": "2018-12-30", "updatedFromDate": "2023-05-17"}, {"date": "2019-03-29", "symbol": "MPMX.JK", "eps": -122.69992, "epsEstimated": null, "time": "bmo", "revenue": 4212312000000, "revenueEstimated": null, "fiscalDateEnding": "2018-12-30", "updatedFromDate": "2023-05-17"}, {"date": "2019-03-29", "symbol": "SCK.MI", "eps": null, "epsEstimated": null, "time": "bmo", "revenue": null, "revenueEstimated": null, "fiscalDateEnding": "2018-12-31", "updatedFromDate": "2023-05-17"}, {"date": "2019-03-29", "symbol": "3546.TWO", "eps": 0.51, "epsEstimated": 0.45, "time": "bmo", "revenue": 258667000, "revenueEstimated": null, "fiscalDateEnding": "2018-12-30", "updatedFromDate": "2023-05-17"}, {"date": "2019-03-29", "symbol": "AYRSF", "eps": null, "epsEstimated": null, "time": "bmo", "revenue": null, "revenueEstimated": null, "fiscalDateEnding": "2018-12-31", "updatedFromDate": "2023-05-17"}, {"date": "2019-03-29", "symbol": "ALRN", "eps": -9.6, "epsEstimated": -10.4, "time": "bmo", "revenue": null, "revenueEstimated": null, "fiscalDateEnding": "2018-12-30", "updatedFromDate": "2023-09-29"}, {"date": "2019-03-29", "symbol": "AXXDF", "eps": -0.01, "epsEstimated": null, "time": "bmo", "revenue": null, "revenueEstimated": null, "fiscalDateEnding": "2018-12-31", "updatedFromDate": "2023-09-29"}, {"date": "2019-03-29", "symbol": "000880.SZ", "eps": -0.06051, "epsEstimated": null, "time": "bmo", "revenue": 547598742.75, "revenueEstimated": null, "fiscalDateEnding": "2018-12-30", "updatedFromDate": "2023-05-17"}, {"date": "2019-03-29", "symbol": "012030.KS", "eps": 20.85, "epsEstimated": null, "time": "bmo", "revenue": 52842482000, "revenueEstimated": null, "fiscalDateEnding": "2018-12-29", "updatedFromDate": "2023-05-17"}, {"date": "2019-03-29", "symbol": "2425.TW", "eps": 0.1978, "epsEstimated": null, "time": "bmo", "revenue": 1052902000, "revenueEstimated": null, "fiscalDateEnding": "2018-12-30", "updatedFromDate": "2023-05-17"}, {"date": "2019-03-29", "symbol": "3607.T", "eps": -16.82, "epsEstimated": null, "time": "bmo", "revenue": 2389711000, "revenueEstimated": null, "fiscalDateEnding": "2019-02-27", "updatedFromDate": "2023-05-17"}, {"date": "2019-03-29", "symbol": "ZLIOF", "eps": 0.09, "epsEstimated": 0.1, "time": "bmo", "revenue": null, "revenueEstimated": null, "fiscalDateEnding": "2018-12-31", "updatedFromDate": "2023-05-17"}, {"date": "2019-03-29", "symbol": "3321.T", "eps": 22.48, "epsEstimated": null, "time": "bmo", "revenue": 8965478000, "revenueEstimated": null, "fiscalDateEnding": "2018-12-29", "updatedFromDate": "2023-10-16"}, {"date": "2019-03-29", "symbol": "603115.SS", "eps": 0.21, "epsEstimated": null, "time": "bmo", "revenue": 250936900, "revenueEstimated": null, "fiscalDateEnding": "2018-12-29", "updatedFromDate": "2023-05-17"}, {"date": "2019-03-29", "symbol": "603656.SS", "eps": 0.1036, "epsEstimated": null, "time": "bmo", "revenue": 101970894.5, "revenueEstimated": null, "fiscalDateEnding": "2018-12-30", "updatedFromDate": "2023-05-17"}, {"date": "2019-03-29", "symbol": "SAME.JK", "eps": 0.933, "epsEstimated": null, "time": "bmo", "revenue": 258681172347, "revenueEstimated": null, "fiscalDateEnding": "2018-12-30", "updatedFromDate": "2023-05-17"}, {"date": "2019-03-29", "symbol": "RVP", "eps": -0.01, "epsEstimated": null, "time": "bmo", "revenue": 8263636, "revenueEstimated": null, "fiscalDateEnding": "2018-12-30", "updatedFromDate": "2023-09-29"}, {"date": "2019-03-29", "symbol": "2338.TW", "eps": -0.11102, "epsEstimated": null, "time": "bmo", "revenue": 719500000, "revenueEstimated": null, "fiscalDateEnding": "2018-12-30", "updatedFromDate": "2023-05-17"}, {"date": "2019-03-29", "symbol": "600081.SS", "eps": 0.08416, "epsEstimated": null, "time": "bmo", "revenue": 2178913928.45, "revenueEstimated": null, "fiscalDateEnding": "2018-12-30", "updatedFromDate": "2023-05-17"}, {"date": "2019-03-29", "symbol": "600077.SS", "eps": 0.2229, "epsEstimated": null, "time": "bmo", "revenue": 3027794469.23, "revenueEstimated": null, "fiscalDateEnding": "2018-12-30", "updatedFromDate": "2023-05-17"}, {"date": "2019-03-29", "symbol": "ALLIX.PA", "eps": null, "epsEstimated": null, "time": "bmo", "revenue": null, "revenueEstimated": null, "fiscalDateEnding": "2018-12-31", "updatedFromDate": "2023-05-17"}, {"date": "2019-03-29", "symbol": "601618.SS", "eps": 0.08, "epsEstimated": 0.14, "time": "bmo", "revenue": 63106772000, "revenueEstimated": null, "fiscalDateEnding": "2018-12-29", "updatedFromDate": "2023-05-17"}, {"date": "2019-03-29", "symbol": "QMCI", "eps": 0.00186, "epsEstimated": null, "time": "bmo", "revenue": 2849988, "revenueEstimated": null, "fiscalDateEnding": "2018-12-30", "updatedFromDate": "2023-09-29"}, {"date": "2019-03-29", "symbol": "LIGT3.SA", "eps": 0.45, "epsEstimated": 0.73, "time": "bmo", "revenue": 2835849000, "revenueEstimated": null, "fiscalDateEnding": "2018-12-30", "updatedFromDate": "2023-05-17"}, {"date": "2019-03-29", "symbol": "9265.T", "eps": -5.97285, "epsEstimated": null, "time": "bmo", "revenue": 14854187000, "revenueEstimated": null, "fiscalDateEnding": "2018-12-29", "updatedFromDate": "2023-10-16"}, {"date": "2019-03-29", "symbol": "1907.HK", "eps": null, "epsEstimated": null, "time": "bmo", "revenue": null, "revenueEstimated": null, "fiscalDateEnding": "2018-12-29", "updatedFromDate": "2023-05-17"}, {"date": "2019-03-29", "symbol": "TAEE11.SA", "eps": 0.95, "epsEstimated": 0.52, "time": "bmo", "revenue": 564117000, "revenueEstimated": null, "fiscalDateEnding": "2018-12-30", "updatedFromDate": "2023-05-17"}, {"date": "2019-03-29", "symbol": "4536.TW", "eps": 2.48, "epsEstimated": 1.66, "time": "bmo", "revenue": 1809654000, "revenueEstimated": null, "fiscalDateEnding": "2018-12-30", "updatedFromDate": "2023-05-17"}, {"date": "2019-03-29", "symbol": "3021.TW", "eps": 0.2127, "epsEstimated": null, "time": "bmo", "revenue": 571735000, "revenueEstimated": null, "fiscalDateEnding": "2018-12-29", "updatedFromDate": "2023-05-17"}, {"date": "2019-03-29", "symbol": "002510.SZ", "eps": 0.136, "epsEstimated": null, "time": "bmo", "revenue": 965948240.27, "revenueEstimated": null, "fiscalDateEnding": "2018-12-30", "updatedFromDate": "2023-05-17"}, {"date": "2019-03-29", "symbol": "088260.KS", "eps": null, "epsEstimated": null, "time": "bmo", "revenue": null, "revenueEstimated": null, "fiscalDateEnding": "2018-12-31", "updatedFromDate": "2023-10-16"}, {"date": "2019-03-29", "symbol": "002106.SZ", "eps": 0.07427, "epsEstimated": null, "time": "bmo", "revenue": 1260707048.74, "revenueEstimated": null, "fiscalDateEnding": "2018-12-30", "updatedFromDate": "2023-05-17"}, {"date": "2019-03-29", "symbol": "688363.SS", "eps": 0.245, "epsEstimated": null, "time": "bmo", "revenue": 398651598.56, "revenueEstimated": null, "fiscalDateEnding": "2018-12-30", "updatedFromDate": "2023-05-17"}, {"date": "2019-03-29", "symbol": "000532.SZ", "eps": 0.09888, "epsEstimated": null, "time": "bmo", "revenue": 233136582.83, "revenueEstimated": null, "fiscalDateEnding": "2018-12-30", "updatedFromDate": "2023-05-17"}, {"date": "2019-03-29", "symbol": "KULR", "eps": -0.00511, "epsEstimated": null, "time": "bmo", "revenue": 392099, "revenueEstimated": null, "fiscalDateEnding": "2018-12-30", "updatedFromDate": "2023-09-29"}, {"date": "2019-03-29", "symbol": "METEX.PA", "eps": -0.08993, "epsEstimated": null, "time": "bmo", "revenue": 583750, "revenueEstimated": null, "fiscalDateEnding": "2018-12-29", "updatedFromDate": "2023-05-17"}, {"date": "2019-03-29", "symbol": "2461.TW", "eps": 0.08, "epsEstimated": 0.31, "time": "bmo", "revenue": 1412728000, "revenueEstimated": null, "fiscalDateEnding": "2018-12-30", "updatedFromDate": "2023-05-17"}, {"date": "2019-03-29", "symbol": "002148.SZ", "eps": 0.00606, "epsEstimated": null, "time": "bmo", "revenue": 45364727.87, "revenueEstimated": null, "fiscalDateEnding": "2018-12-30", "updatedFromDate": "2023-05-17"}, {"date": "2019-03-29", "symbol": "CHCI", "eps": -0.23, "epsEstimated": null, "time": "bmo", "revenue": 18711000, "revenueEstimated": null, "fiscalDateEnding": "2018-12-30", "updatedFromDate": "2023-09-29"}, {"date": "2019-03-29", "symbol": "000958.SZ", "eps": 0.00525, "epsEstimated": null, "time": "bmo", "revenue": 817071586.33, "revenueEstimated": null, "fiscalDateEnding": "2018-12-30", "updatedFromDate": "2023-05-17"}, {"date": "2019-03-29", "symbol": "MEAL3.SA", "eps": 0.01217, "epsEstimated": null, "time": "bmo", "revenue": 1582081000, "revenueEstimated": null, "fiscalDateEnding": "2018-12-31", "updatedFromDate": "2023-08-25"}, {"date": "2019-03-29", "symbol": "BBTN.JK", "eps": 54, "epsEstimated": 82.73, "time": "bmo", "revenue": 3213663000000, "revenueEstimated": null, "fiscalDateEnding": "2018-12-31", "updatedFromDate": "2023-08-25"}, {"date": "2019-03-29", "symbol": "TOFB", "eps": 0.04, "epsEstimated": null, "time": "amc", "revenue": 3008000, "revenueEstimated": null, "fiscalDateEnding": "2018-12-28", "updatedFromDate": "2023-09-29"}, {"date": "2019-03-29", "symbol": "BCLI", "eps": -0.26, "epsEstimated": -0.14, "time": "bmo", "revenue": 170000, "revenueEstimated": null, "fiscalDateEnding": "2018-12-30", "updatedFromDate": "2023-09-29"}, {"date": "2019-03-29", "symbol": "GRAL.MI", "eps": null, "epsEstimated": null, "time": "bmo", "revenue": null, "revenueEstimated": null, "fiscalDateEnding": "2018-12-31", "updatedFromDate": "2023-05-24"}, {"date": "2019-03-29", "symbol": "EUK.MI", "eps": null, "epsEstimated": null, "time": "bmo", "revenue": null, "revenueEstimated": null, "fiscalDateEnding": "2018-12-31", "updatedFromDate": "2023-05-24"}, {"date": "2019-03-29", "symbol": "BB.TO", "eps": 0.11, "epsEstimated": 0.06, "time": "bmo", "revenue": 267000000, "revenueEstimated": 139090909.0909091, "fiscalDateEnding": "2018-12-29", "updatedFromDate": "2023-10-17"}, {"date": "2019-03-29", "symbol": "EVA.MI", "eps": null, "epsEstimated": null, "time": "bmo", "revenue": null, "revenueEstimated": null, "fiscalDateEnding": "2018-12-31", "updatedFromDate": "2023-05-24"}, {"date": "2019-03-29", "symbol": "KROTF", "eps": 0.25, "epsEstimated": 0.25, "time": "bmo", "revenue": null, "revenueEstimated": null, "fiscalDateEnding": "2018-12-31", "updatedFromDate": "2023-05-17"}, {"date": "2019-03-29", "symbol": "RSTIP.ME", "eps": 0.1642, "epsEstimated": null, "time": "bmo", "revenue": 301958000000, "revenueEstimated": null, "fiscalDateEnding": "2018-12-30", "updatedFromDate": "2023-05-17"}, {"date": "2019-03-29", "symbol": "9943.TW", "eps": 1.67, "epsEstimated": null, "time": "bmo", "revenue": 724868000, "revenueEstimated": null, "fiscalDateEnding": "2018-12-30", "updatedFromDate": "2023-05-17"}, {"date": "2019-03-29", "symbol": "INMB", "eps": -0.16756, "epsEstimated": null, "time": "bmo", "revenue": null, "revenueEstimated": null, "fiscalDateEnding": "2018-12-30", "updatedFromDate": "2023-09-29"}, {"date": "2019-03-29", "symbol": "BPAN4.SA", "eps": 0.06448, "epsEstimated": null, "time": "bmo", "revenue": 1191029000, "revenueEstimated": null, "fiscalDateEnding": "2018-12-31", "updatedFromDate": "2023-05-17"}, {"date": "2019-03-29", "symbol": "601038.SS", "eps": -0.9161, "epsEstimated": null, "time": "bmo", "revenue": 736327927.72, "revenueEstimated": null, "fiscalDateEnding": "2018-12-30", "updatedFromDate": "2023-05-17"}, {"date": "2019-03-29", "symbol": "JRPT.JK", "eps": 16.27, "epsEstimated": null, "time": "bmo", "revenue": 519521088000, "revenueEstimated": null, "fiscalDateEnding": "2018-12-29", "updatedFromDate": "2023-05-17"}, {"date": "2019-03-29", "symbol": "2915.TW", "eps": 0.3653, "epsEstimated": null, "time": "bmo", "revenue": 1086096000, "revenueEstimated": null, "fiscalDateEnding": "2018-12-30", "updatedFromDate": "2023-05-17"}, {"date": "2019-03-29", "symbol": "000505.SZ", "eps": 0.09308, "epsEstimated": null, "time": "bmo", "revenue": 1869692338.03, "revenueEstimated": null, "fiscalDateEnding": "2018-12-30", "updatedFromDate": "2023-05-17"}, {"date": "2019-03-29", "symbol": "5215.TW", "eps": 0.59, "epsEstimated": null, "time": "bmo", "revenue": 398740000, "revenueEstimated": null, "fiscalDateEnding": "2018-12-29", "updatedFromDate": "2023-05-17"}, {"date": "2019-03-29", "symbol": "0726.HK", "eps": 0.01014, "epsEstimated": null, "time": "bmo", "revenue": 173975250, "revenueEstimated": null, "fiscalDateEnding": "2018-12-29", "updatedFromDate": "2023-10-16"}, {"date": "2019-03-29", "symbol": "002492.SZ", "eps": 0.01382, "epsEstimated": null, "time": "bmo", "revenue": 63207527.43, "revenueEstimated": null, "fiscalDateEnding": "2018-12-30", "updatedFromDate": "2023-05-17"}, {"date": "2019-03-29", "symbol": "CASI", "eps": -1, "epsEstimated": -0.3, "time": "bmo", "revenue": null, "revenueEstimated": null, "fiscalDateEnding": "2018-12-29", "updatedFromDate": "2023-09-29"}, {"date": "2019-03-29", "symbol": "603200.SS", "eps": 0.1621, "epsEstimated": null, "time": "bmo", "revenue": 140553069.33, "revenueEstimated": null, "fiscalDateEnding": "2018-12-30", "updatedFromDate": "2023-05-17"}, {"date": "2019-03-29", "symbol": "8155.T", "eps": 32.18, "epsEstimated": null, "time": "bmo", "revenue": 24064000000, "revenueEstimated": null, "fiscalDateEnding": "2018-12-29", "updatedFromDate": "2023-10-16"}, {"date": "2019-03-29", "symbol": "600749.SS", "eps": -0.0336, "epsEstimated": null, "time": "bmo", "revenue": 15375666.16, "revenueEstimated": null, "fiscalDateEnding": "2019-03-30", "updatedFromDate": "2023-05-17"}, {"date": "2019-03-29", "symbol": "600073.SS", "eps": 0.00436, "epsEstimated": null, "time": "bmo", "revenue": 5395515233.9, "revenueEstimated": null, "fiscalDateEnding": "2018-12-30", "updatedFromDate": "2023-05-17"}, {"date": "2019-03-29", "symbol": "2405.TW", "eps": -0.2758, "epsEstimated": null, "time": "bmo", "revenue": 787177000, "revenueEstimated": null, "fiscalDateEnding": "2018-12-30", "updatedFromDate": "2023-05-17"}, {"date": "2019-03-29", "symbol": "0434.HK", "eps": null, "epsEstimated": null, "time": "bmo", "revenue": null, "revenueEstimated": null, "fiscalDateEnding": "2018-12-29", "updatedFromDate": "2023-05-17"}, {"date": "2019-03-29", "symbol": "000927.SZ", "eps": 0.655, "epsEstimated": null, "time": "bmo", "revenue": 182423619.3, "revenueEstimated": null, "fiscalDateEnding": "2018-12-30", "updatedFromDate": "2023-05-17"}, {"date": "2019-03-29", "symbol": "HRUM.JK", "eps": null, "epsEstimated": null, "time": "bmo", "revenue": null, "revenueEstimated": null, "fiscalDateEnding": "2018-12-31", "updatedFromDate": "2023-05-17"}, {"date": "2019-03-29", "symbol": "3209.TW", "eps": 0.1918, "epsEstimated": null, "time": "bmo", "revenue": 8410963000, "revenueEstimated": null, "fiscalDateEnding": "2018-12-30", "updatedFromDate": "2023-05-17"}, {"date": "2019-03-29", "symbol": "003530.KS", "eps": 42.47, "epsEstimated": null, "time": "bmo", "revenue": 69761651000, "revenueEstimated": null, "fiscalDateEnding": "2018-12-31", "updatedFromDate": "2023-10-16"}, {"date": "2019-03-29", "symbol": "BKFCF", "eps": 0.22, "epsEstimated": 0.21, "time": "bmo", "revenue": null, "revenueEstimated": null, "fiscalDateEnding": "2018-12-31", "updatedFromDate": "2023-05-17"}, {"date": "2019-03-29", "symbol": "PDGR3.SA", "eps": null, "epsEstimated": null, "time": "bmo", "revenue": null, "revenueEstimated": null, "fiscalDateEnding": "2018-12-31", "updatedFromDate": "2023-05-17"}, {"date": "2019-03-29", "symbol": "RSTAF", "eps": null, "epsEstimated": null, "time": "bmo", "revenue": null, "revenueEstimated": null, "fiscalDateEnding": "2018-12-31", "updatedFromDate": "2023-05-17"}, {"date": "2019-03-29", "symbol": "CBSM.PA", "eps": 0.3958, "epsEstimated": null, "time": "bmo", "revenue": 4361750, "revenueEstimated": null, "fiscalDateEnding": "2018-12-29", "updatedFromDate": "2023-10-16"}, {"date": "2019-03-29", "symbol": "BOYAF", "eps": null, "epsEstimated": null, "time": "bmo", "revenue": null, "revenueEstimated": null, "fiscalDateEnding": "2018-12-31", "updatedFromDate": "2023-05-17"}, {"date": "2019-03-29", "symbol": "SNN", "eps": 0.176, "epsEstimated": null, "time": "bmo", "revenue": 1242500000, "revenueEstimated": null, "fiscalDateEnding": "2019-03-29", "updatedFromDate": "2023-09-29"}, {"date": "2019-03-29", "symbol": "RALS.JK", "eps": 8.88, "epsEstimated": null, "time": "bmo", "revenue": 1222779000000, "revenueEstimated": null, "fiscalDateEnding": "2018-12-30", "updatedFromDate": "2023-05-17"}, {"date": "2019-03-29", "symbol": "1504.TW", "eps": 0.35, "epsEstimated": 0.33, "time": "bmo", "revenue": 11707047000, "revenueEstimated": null, "fiscalDateEnding": "2018-12-29", "updatedFromDate": "2023-05-17"}, {"date": "2019-03-29", "symbol": "JBSS3.SA", "eps": 0.22, "epsEstimated": 0.74, "time": "bmo", "revenue": 47318725000, "revenueEstimated": null, "fiscalDateEnding": "2018-12-30", "updatedFromDate": "2023-05-17"}, {"date": "2019-03-29", "symbol": "TRNFP.ME", "eps": 9346.79, "epsEstimated": null, "time": "bmo", "revenue": 260098000000, "revenueEstimated": null, "fiscalDateEnding": "2018-12-29", "updatedFromDate": "2023-10-16"}, {"date": "2019-03-29", "symbol": "TAR.WA", "eps": 0.636, "epsEstimated": null, "time": "bmo", "revenue": 200236461.58, "revenueEstimated": null, "fiscalDateEnding": "2019-03-30", "updatedFromDate": "2023-05-17"}, {"date": "2019-03-29", "symbol": "3406.TW", "eps": 2.86, "epsEstimated": null, "time": "bmo", "revenue": 2094690000, "revenueEstimated": null, "fiscalDateEnding": "2018-12-30", "updatedFromDate": "2023-05-17"}, {"date": "2019-03-29", "symbol": "FUV", "eps": -4.6, "epsEstimated": -4.6, "time": "bmo", "revenue": 3214, "revenueEstimated": 2808.75, "fiscalDateEnding": "2018-12-30", "updatedFromDate": "2023-09-29"}, {"date": "2019-03-29", "symbol": "RGRX", "eps": -0.00204, "epsEstimated": null, "time": "bmo", "revenue": 19191, "revenueEstimated": null, "fiscalDateEnding": "2018-12-30", "updatedFromDate": "2023-09-29"}, {"date": "2019-03-29", "symbol": "NYMX", "eps": -0.05, "epsEstimated": null, "time": "bmo", "revenue": 19000, "revenueEstimated": null, "fiscalDateEnding": "2018-12-31", "updatedFromDate": "2023-09-29"}, {"date": "2019-03-29", "symbol": "8049.TWO", "eps": 0.598, "epsEstimated": null, "time": "bmo", "revenue": 507785000, "revenueEstimated": null, "fiscalDateEnding": "2018-12-30", "updatedFromDate": "2023-05-17"}, {"date": "2019-03-29", "symbol": "MPPA.JK", "eps": -74.69929, "epsEstimated": null, "time": "bmo", "revenue": 2551048000000, "revenueEstimated": null, "fiscalDateEnding": "2018-12-30", "updatedFromDate": "2023-05-17"}, {"date": "2019-03-29", "symbol": "001696.SZ", "eps": 0.0638, "epsEstimated": null, "time": "bmo", "revenue": 1316036158.1, "revenueEstimated": null, "fiscalDateEnding": "2019-03-30", "updatedFromDate": "2023-05-17"}, {"date": "2019-03-29", "symbol": "6083.T", "eps": 8.12, "epsEstimated": null, "time": "bmo", "revenue": 3750343000, "revenueEstimated": null, "fiscalDateEnding": "2018-12-29", "updatedFromDate": "2023-10-16"}, {"date": "2019-03-29", "symbol": "AYRWF", "eps": -11.70323, "epsEstimated": null, "time": "bmo", "revenue": 224429.711534, "revenueEstimated": null, "fiscalDateEnding": "2018-12-31", "updatedFromDate": "2023-09-29"}, {"date": "2019-03-29", "symbol": "8374.TW", "eps": -0.1, "epsEstimated": null, "time": "bmo", "revenue": 804375000, "revenueEstimated": null, "fiscalDateEnding": "2018-12-30", "updatedFromDate": "2023-05-17"}, {"date": "2019-03-29", "symbol": "603993.SS", "eps": 0.02, "epsEstimated": 0.05, "time": "bmo", "revenue": 5879048773.77, "revenueEstimated": null, "fiscalDateEnding": "2018-12-30", "updatedFromDate": "2023-05-17"}, {"date": "2019-03-29", "symbol": "1219.TW", "eps": null, "epsEstimated": null, "time": "bmo", "revenue": null, "revenueEstimated": null, "fiscalDateEnding": "2018-12-31", "updatedFromDate": "2023-05-17"}, {"date": "2019-03-29", "symbol": "1907.TW", "eps": 0.06027, "epsEstimated": null, "time": "bmo", "revenue": 19594947000, "revenueEstimated": null, "fiscalDateEnding": "2018-12-30", "updatedFromDate": "2023-08-16"}, {"date": "2019-03-29", "symbol": "000151.SZ", "eps": 0.05876, "epsEstimated": null, "time": "bmo", "revenue": 395046446.79, "revenueEstimated": null, "fiscalDateEnding": "2018-12-30", "updatedFromDate": "2023-05-17"}, {"date": "2019-03-29", "symbol": "DNVVF", "eps": null, "epsEstimated": null, "time": "bmo", "revenue": null, "revenueEstimated": null, "fiscalDateEnding": "2018-12-31", "updatedFromDate": "2023-05-17"}, {"date": "2019-03-29", "symbol": "027970.KS", "eps": 25.43, "epsEstimated": null, "time": "bmo", "revenue": 42342773000, "revenueEstimated": null, "fiscalDateEnding": "2018-12-29", "updatedFromDate": "2023-05-17"}, {"date": "2019-03-29", "symbol": "002570.SZ", "eps": 0.01353, "epsEstimated": null, "time": "bmo", "revenue": 680774649.9, "revenueEstimated": null, "fiscalDateEnding": "2018-12-30", "updatedFromDate": "2023-05-17"}, {"date": "2019-03-29", "symbol": "OVTZ", "eps": -0.00201, "epsEstimated": null, "time": "bmo", "revenue": null, "revenueEstimated": null, "fiscalDateEnding": "2018-12-30", "updatedFromDate": "2023-05-17"}, {"date": "2019-03-29", "symbol": "2505.TW", "eps": 0.3303, "epsEstimated": null, "time": "bmo", "revenue": 588557000, "revenueEstimated": null, "fiscalDateEnding": "2018-12-30", "updatedFromDate": "2023-05-17"}, {"date": "2019-03-29", "symbol": "LMRMF", "eps": -0.01, "epsEstimated": null, "time": "bmo", "revenue": null, "revenueEstimated": null, "fiscalDateEnding": "2019-01-31", "updatedFromDate": "2023-09-29"}, {"date": "2019-03-29", "symbol": "EQS.PA", "eps": null, "epsEstimated": null, "time": "bmo", "revenue": null, "revenueEstimated": null, "fiscalDateEnding": "2018-12-31", "updatedFromDate": "2023-05-17"}, {"date": "2019-03-29", "symbol": "CICOF", "eps": null, "epsEstimated": null, "time": "bmo", "revenue": null, "revenueEstimated": null, "fiscalDateEnding": "2018-12-31", "updatedFromDate": "2023-05-17"}, {"date": "2019-03-29", "symbol": "TCRR", "eps": -16.22, "epsEstimated": -0.38, "time": "bmo", "revenue": null, "revenueEstimated": null, "fiscalDateEnding": "2018-12-30", "updatedFromDate": "2023-09-29"}, {"date": "2019-03-29", "symbol": "603859.SS", "eps": 0.2871, "epsEstimated": null, "time": "bmo", "revenue": 138716761.42, "revenueEstimated": null, "fiscalDateEnding": "2018-12-30", "updatedFromDate": "2023-05-17"}, {"date": "2019-03-29", "symbol": "SNGS.ME", "eps": 6.42, "epsEstimated": null, "time": "bmo", "revenue": 376274801000, "revenueEstimated": null, "fiscalDateEnding": "2018-12-31", "updatedFromDate": "2023-05-17"}, {"date": "2019-03-29", "symbol": "GGB", "eps": 0.05, "epsEstimated": null, "time": "bmo", "revenue": 10899702000, "revenueEstimated": null, "fiscalDateEnding": "2018-12-31", "updatedFromDate": "2023-09-29"}, {"date": "2019-03-29", "symbol": "AYR-A.CN", "eps": -11.70323, "epsEstimated": null, "time": "bmo", "revenue": 224429.711534, "revenueEstimated": null, "fiscalDateEnding": "2018-12-31", "updatedFromDate": "2023-10-16"}, {"date": "2019-03-29", "symbol": "600570.SS", "eps": 0.27, "epsEstimated": null, "time": "bmo", "revenue": 592186314.03, "revenueEstimated": null, "fiscalDateEnding": "2018-12-29", "updatedFromDate": "2023-05-17"}, {"date": "2019-03-29", "symbol": "MTDL.JK", "eps": 7.9, "epsEstimated": null, "time": "bmo", "revenue": 3650064000000, "revenueEstimated": null, "fiscalDateEnding": "2018-12-30", "updatedFromDate": "2023-05-17"}, {"date": "2019-03-29", "symbol": "603313.SS", "eps": 0.1857, "epsEstimated": null, "time": "bmo", "revenue": 945102810.99, "revenueEstimated": null, "fiscalDateEnding": "2018-12-30", "updatedFromDate": "2023-05-17"}, {"date": "2019-03-29", "symbol": "WOOD.JK", "eps": 9.2, "epsEstimated": null, "time": "bmo", "revenue": 722568949941, "revenueEstimated": null, "fiscalDateEnding": "2018-12-30", "updatedFromDate": "2023-05-17"}, {"date": "2019-03-29", "symbol": "6226.TW", "eps": 0.00366, "epsEstimated": null, "time": "bmo", "revenue": 241880000, "revenueEstimated": null, "fiscalDateEnding": "2018-12-29", "updatedFromDate": "2023-05-17"}, {"date": "2019-03-29", "symbol": "002672.SZ", "eps": 0.12, "epsEstimated": 0.07, "time": "bmo", "revenue": 806667629.12, "revenueEstimated": null, "fiscalDateEnding": "2018-12-29", "updatedFromDate": "2023-05-17"}, {"date": "2019-03-29", "symbol": "1217.TW", "eps": null, "epsEstimated": null, "time": "bmo", "revenue": null, "revenueEstimated": null, "fiscalDateEnding": "2018-12-31", "updatedFromDate": "2023-05-17"}, {"date": "2019-03-29", "symbol": "HM-B.ST", "eps": 0.49, "epsEstimated": 0.3, "time": "bmo", "revenue": 51015000000, "revenueEstimated": null, "fiscalDateEnding": "2019-02-27", "updatedFromDate": "2023-05-17"}, {"date": "2019-03-29", "symbol": "SMRA.JK", "eps": 17.1, "epsEstimated": 12.01, "time": "bmo", "revenue": 1638266342000, "revenueEstimated": null, "fiscalDateEnding": "2018-12-30", "updatedFromDate": "2023-05-17"}, {"date": "2019-03-29", "symbol": "GTBP", "eps": -1.19, "epsEstimated": null, "time": "bmo", "revenue": null, "revenueEstimated": null, "fiscalDateEnding": "2018-12-30", "updatedFromDate": "2023-09-29"}, {"date": "2019-03-29", "symbol": "600131.SS", "eps": -0.01379, "epsEstimated": null, "time": "bmo", "revenue": 323094428.36, "revenueEstimated": null, "fiscalDateEnding": "2018-12-30", "updatedFromDate": "2023-05-17"}, {"date": "2019-03-29", "symbol": "8299.TWO", "eps": 3.96, "epsEstimated": 4.55, "time": "bmo", "revenue": 10122573000, "revenueEstimated": null, "fiscalDateEnding": "2018-12-30", "updatedFromDate": "2023-05-17"}, {"date": "2019-03-29", "symbol": "XLY.TO", "eps": -0.0601, "epsEstimated": null, "time": "bmo", "revenue": 235000, "revenueEstimated": null, "fiscalDateEnding": "2018-12-31", "updatedFromDate": "2023-10-16"}, {"date": "2019-03-29", "symbol": "600635.SS", "eps": 0.05, "epsEstimated": 0.07, "time": "bmo", "revenue": 1749598394.59, "revenueEstimated": null, "fiscalDateEnding": "2018-12-29", "updatedFromDate": "2023-05-17"}, {"date": "2019-03-29", "symbol": "ETTX", "eps": -2.36, "epsEstimated": -0.8, "time": "bmo", "revenue": null, "revenueEstimated": 1694915.2542372881, "fiscalDateEnding": "2018-12-30", "updatedFromDate": "2023-05-17"}, {"date": "2019-03-29", "symbol": "OGEN", "eps": -5.39, "epsEstimated": -4.9, "time": "bmo", "revenue": null, "revenueEstimated": null, "fiscalDateEnding": "2018-12-30", "updatedFromDate": "2023-09-29"}, {"date": "2019-03-29", "symbol": "TBLA.JK", "eps": 41.19, "epsEstimated": null, "time": "bmo", "revenue": 2324460000000, "revenueEstimated": null, "fiscalDateEnding": "2018-12-30", "updatedFromDate": "2023-05-17"}, {"date": "2019-03-29", "symbol": "CPLE6.SA", "eps": 1.36, "epsEstimated": 0.97, "time": "bmo", "revenue": 3896006000, "revenueEstimated": null, "fiscalDateEnding": "2018-12-29", "updatedFromDate": "2023-05-17"}, {"date": "2019-03-29", "symbol": "601186.SS", "eps": 0.36, "epsEstimated": 0.51, "time": "bmo", "revenue": 240252428000, "revenueEstimated": null, "fiscalDateEnding": "2018-12-30", "updatedFromDate": "2023-05-17"}, {"date": "2019-03-29", "symbol": "HZM.TO", "eps": -0.0082, "epsEstimated": null, "time": "bmo", "revenue": null, "revenueEstimated": null, "fiscalDateEnding": "2018-12-29", "updatedFromDate": "2023-05-17"}, {"date": "2019-03-29", "symbol": "ASSA.JK", "eps": 10.08, "epsEstimated": null, "time": "bmo", "revenue": 507608349645, "revenueEstimated": null, "fiscalDateEnding": "2018-12-31", "updatedFromDate": "2023-05-17"}, {"date": "2019-03-29", "symbol": "0895.HK", "eps": 0.12, "epsEstimated": null, "time": "bmo", "revenue": 806667629.12, "revenueEstimated": null, "fiscalDateEnding": "2018-12-29", "updatedFromDate": "2023-05-17"}, {"date": "2019-03-29", "symbol": "4989.TW", "eps": 0.4403, "epsEstimated": null, "time": "bmo", "revenue": 789290000, "revenueEstimated": null, "fiscalDateEnding": "2018-12-30", "updatedFromDate": "2023-05-17"}, {"date": "2019-03-29", "symbol": "IMNN", "eps": 4.2, "epsEstimated": 2.05, "time": "bmo", "revenue": 125000, "revenueEstimated": 62500, "fiscalDateEnding": "2018-12-31", "updatedFromDate": "2023-09-29"}, {"date": "2019-03-29", "symbol": "4162.TWO", "eps": 0.23, "epsEstimated": 0.01691, "time": "bmo", "revenue": 78299000, "revenueEstimated": null, "fiscalDateEnding": "2018-12-30", "updatedFromDate": "2023-05-17"}, {"date": "2019-03-29", "symbol": "600008.SS", "eps": 0.05, "epsEstimated": 0.05, "time": "bmo", "revenue": 2448004021.45, "revenueEstimated": null, "fiscalDateEnding": "2018-12-29", "updatedFromDate": "2023-05-17"}, {"date": "2019-03-29", "symbol": "ELLO", "eps": 0.06304, "epsEstimated": null, "time": "bmo", "revenue": 4246000, "revenueEstimated": null, "fiscalDateEnding": "2018-12-31", "updatedFromDate": "2023-09-29"}, {"date": "2019-03-29", "symbol": "BRTX", "eps": -1066.67, "epsEstimated": null, "time": "bmo", "revenue": 29000, "revenueEstimated": null, "fiscalDateEnding": "2018-12-30", "updatedFromDate": "2023-09-29"}, {"date": "2019-03-29", "symbol": "8467.TW", "eps": -0.41525, "epsEstimated": null, "time": "bmo", "revenue": 294501000, "revenueEstimated": null, "fiscalDateEnding": "2018-12-29", "updatedFromDate": "2023-05-17"}, {"date": "2019-03-29", "symbol": "1431.HK", "eps": 0.01189, "epsEstimated": null, "time": "bmo", "revenue": 347377500, "revenueEstimated": null, "fiscalDateEnding": "2018-12-29", "updatedFromDate": "2023-05-17"}, {"date": "2019-03-29", "symbol": "CICOY", "eps": 0.02885, "epsEstimated": null, "time": "bmo", "revenue": 120829528787.97, "revenueEstimated": null, "fiscalDateEnding": "2018-12-31", "updatedFromDate": "2023-09-29"}, {"date": "2019-03-29", "symbol": "BWPT.JK", "eps": -5.83957, "epsEstimated": null, "time": "bmo", "revenue": 719550000000, "revenueEstimated": null, "fiscalDateEnding": "2018-12-30", "updatedFromDate": "2023-05-17"}, {"date": "2019-03-29", "symbol": "1119.HK", "eps": 0.07237, "epsEstimated": null, "time": "bmo", "revenue": 698242500, "revenueEstimated": null, "fiscalDateEnding": "2018-12-29", "updatedFromDate": "2023-05-17"}, {"date": "2019-03-29", "symbol": "ACGBF", "eps": 0.08, "epsEstimated": 0.13, "time": "bmo", "revenue": null, "revenueEstimated": null, "fiscalDateEnding": "2018-12-31", "updatedFromDate": "2023-05-17"}, {"date": "2019-03-29", "symbol": "CPHI", "eps": -1.7, "epsEstimated": null, "time": "bmo", "revenue": 3242820, "revenueEstimated": null, "fiscalDateEnding": "2018-12-30", "updatedFromDate": "2023-09-29"}, {"date": "2019-03-29", "symbol": "600997.SS", "eps": 0.23, "epsEstimated": null, "time": "bmo", "revenue": 5702373735.25, "revenueEstimated": null, "fiscalDateEnding": "2018-12-29", "updatedFromDate": "2023-05-17"}, {"date": "2019-03-29", "symbol": "TOTL.JK", "eps": 4.61, "epsEstimated": null, "time": "bmo", "revenue": 768610219000, "revenueEstimated": null, "fiscalDateEnding": "2018-12-30", "updatedFromDate": "2023-05-17"}, {"date": "2019-03-29", "symbol": "1776.TW", "eps": 0.09251, "epsEstimated": null, "time": "bmo", "revenue": 404973000, "revenueEstimated": null, "fiscalDateEnding": "2019-03-30", "updatedFromDate": "2023-05-17"}, {"date": "2019-03-29", "symbol": "600616.SS", "eps": 0.06154, "epsEstimated": null, "time": "bmo", "revenue": 226971998.69, "revenueEstimated": null, "fiscalDateEnding": "2019-03-30", "updatedFromDate": "2023-05-17"}, {"date": "2019-03-29", "symbol": "000529.SZ", "eps": 0.111, "epsEstimated": null, "time": "bmo", "revenue": 906671692.78, "revenueEstimated": null, "fiscalDateEnding": "2018-12-30", "updatedFromDate": "2023-05-17"}, {"date": "2019-03-29", "symbol": "2501.TW", "eps": 0.79, "epsEstimated": 0.5, "time": "bmo", "revenue": 1856337000, "revenueEstimated": null, "fiscalDateEnding": "2018-12-29", "updatedFromDate": "2023-05-17"}, {"date": "2019-03-29", "symbol": "TNP-PF", "eps": -4.2, "epsEstimated": -0.018, "time": "bmo", "revenue": null, "revenueEstimated": null, "fiscalDateEnding": "2018-12-31", "updatedFromDate": "2023-05-17"}, {"date": "2019-03-29", "symbol": "002467.SZ", "eps": 0.01342, "epsEstimated": null, "time": "bmo", "revenue": 253311725.88, "revenueEstimated": null, "fiscalDateEnding": "2018-12-30", "updatedFromDate": "2023-05-17"}, {"date": "2019-03-29", "symbol": "600754.SS", "eps": 0.22, "epsEstimated": 0.28, "time": "bmo", "revenue": 3337177320.89, "revenueEstimated": null, "fiscalDateEnding": "2018-12-29", "updatedFromDate": "2023-05-17"}, {"date": "2019-03-29", "symbol": "600400.SS", "eps": 0.01618, "epsEstimated": null, "time": "bmo", "revenue": 790246147.38, "revenueEstimated": null, "fiscalDateEnding": "2018-12-30", "updatedFromDate": "2023-05-17"}, {"date": "2019-03-29", "symbol": "1604.TW", "eps": 0.04159, "epsEstimated": null, "time": "bmo", "revenue": 1410930000, "revenueEstimated": null, "fiscalDateEnding": "2018-12-30", "updatedFromDate": "2023-05-17"}, {"date": "2019-03-29", "symbol": "1763.HK", "eps": 0.4884, "epsEstimated": null, "time": "bmo", "revenue": 997226000, "revenueEstimated": null, "fiscalDateEnding": "2018-12-29", "updatedFromDate": "2023-05-17"}, {"date": "2019-03-29", "symbol": "601298.SS", "eps": null, "epsEstimated": null, "time": "bmo", "revenue": null, "revenueEstimated": null, "fiscalDateEnding": "2018-12-31", "updatedFromDate": "2023-05-17"}, {"date": "2019-03-29", "symbol": "1702.TW", "eps": 1.37, "epsEstimated": 1.02, "time": "bmo", "revenue": 4802687000, "revenueEstimated": null, "fiscalDateEnding": "2018-12-30", "updatedFromDate": "2023-05-17"}, {"date": "2019-03-29", "symbol": "600777.SS", "eps": -0.00734, "epsEstimated": null, "time": "bmo", "revenue": 1220156285.24, "revenueEstimated": null, "fiscalDateEnding": "2018-12-30", "updatedFromDate": "2023-05-17"}, {"date": "2019-03-29", "symbol": "REEMF", "eps": -0.01, "epsEstimated": null, "time": "bmo", "revenue": -8000, "revenueEstimated": null, "fiscalDateEnding": "2018-12-30", "updatedFromDate": "2023-09-29"}, {"date": "2019-03-29", "symbol": "BGI", "eps": -0.28512, "epsEstimated": null, "time": "amc", "revenue": 82321000, "revenueEstimated": null, "fiscalDateEnding": "2019-03-29", "updatedFromDate": "2023-05-17"}, {"date": "2019-03-29", "symbol": "4104.TW", "eps": 0.949, "epsEstimated": null, "time": "bmo", "revenue": 1597829000, "revenueEstimated": null, "fiscalDateEnding": "2019-03-30", "updatedFromDate": "2023-05-17"}, {"date": "2019-03-29", "symbol": "1473.TW", "eps": 0.645, "epsEstimated": null, "time": "bmo", "revenue": 1648475000, "revenueEstimated": null, "fiscalDateEnding": "2018-12-30", "updatedFromDate": "2023-05-17"}, {"date": "2019-03-29", "symbol": "8415.TWO", "eps": 0.1904, "epsEstimated": null, "time": "bmo", "revenue": 4231679000, "revenueEstimated": null, "fiscalDateEnding": "2018-12-30", "updatedFromDate": "2023-05-17"}, {"date": "2019-03-29", "symbol": "600546.SS", "eps": 0.11, "epsEstimated": null, "time": "bmo", "revenue": 8207985024.63, "revenueEstimated": null, "fiscalDateEnding": "2018-12-29", "updatedFromDate": "2023-05-17"}, {"date": "2019-03-29", "symbol": "BFNH", "eps": -0.00056, "epsEstimated": null, "time": "bmo", "revenue": 5735, "revenueEstimated": null, "fiscalDateEnding": "2018-12-30", "updatedFromDate": "2023-09-29"}, {"date": "2019-03-29", "symbol": "000936.SZ", "eps": 0.03132, "epsEstimated": null, "time": "bmo", "revenue": 829382997.91, "revenueEstimated": null, "fiscalDateEnding": "2018-12-30", "updatedFromDate": "2023-05-17"}, {"date": "2019-03-29", "symbol": "2612.TW", "eps": 0.78, "epsEstimated": 0.65, "time": "bmo", "revenue": 963884000, "revenueEstimated": null, "fiscalDateEnding": "2018-12-29", "updatedFromDate": "2023-05-17"}, {"date": "2019-03-29", "symbol": "ATD.WA", "eps": 0.03, "epsEstimated": null, "time": "bmo", "revenue": 74112000, "revenueEstimated": null, "fiscalDateEnding": "2018-12-29", "updatedFromDate": "2023-05-17"}, {"date": "2019-03-29", "symbol": "1227.TW", "eps": null, "epsEstimated": null, "time": "bmo", "revenue": null, "revenueEstimated": null, "fiscalDateEnding": "2018-12-31", "updatedFromDate": "2023-05-17"}, {"date": "2019-03-29", "symbol": "2233.TW", "eps": 1.51, "epsEstimated": 1.34, "time": "bmo", "revenue": 629357000, "revenueEstimated": null, "fiscalDateEnding": "2018-12-29", "updatedFromDate": "2023-05-17"}, {"date": "2019-03-29", "symbol": "1455.TW", "eps": -0.4, "epsEstimated": -0.00676, "time": "bmo", "revenue": 3816187000, "revenueEstimated": null, "fiscalDateEnding": "2018-12-30", "updatedFromDate": "2023-05-17"}, {"date": "2019-03-29", "symbol": "MIKA.JK", "eps": 9, "epsEstimated": 10.38, "time": "bmo", "revenue": 680364144015, "revenueEstimated": null, "fiscalDateEnding": "2018-12-30", "updatedFromDate": "2023-05-17"}, {"date": "2019-03-29", "symbol": "KP2.L", "eps": -0.0009, "epsEstimated": null, "time": "bmo", "revenue": null, "revenueEstimated": null, "fiscalDateEnding": "2018-12-29", "updatedFromDate": "2023-05-17"}, {"date": "2019-03-29", "symbol": "5009.TWO", "eps": 0.18, "epsEstimated": 0.17, "time": "bmo", "revenue": 2688760000, "revenueEstimated": null, "fiscalDateEnding": "2018-12-30", "updatedFromDate": "2023-05-17"}, {"date": "2019-03-29", "symbol": "600990.SS", "eps": 1.65, "epsEstimated": null, "time": "bmo", "revenue": 3191491408.48, "revenueEstimated": null, "fiscalDateEnding": "2018-12-30", "updatedFromDate": "2023-05-17"}, {"date": "2019-03-29", "symbol": "600308.SS", "eps": 0.05934, "epsEstimated": null, "time": "bmo", "revenue": 3633367894.86, "revenueEstimated": null, "fiscalDateEnding": "2018-12-30", "updatedFromDate": "2023-05-17"}, {"date": "2019-03-29", "symbol": "ERDCF", "eps": null, "epsEstimated": null, "time": "bmo", "revenue": null, "revenueEstimated": null, "fiscalDateEnding": "2018-12-31", "updatedFromDate": "2023-05-17"}, {"date": "2019-03-29", "symbol": "CICN", "eps": -2.25988, "epsEstimated": null, "time": "bmo", "revenue": 237000, "revenueEstimated": null, "fiscalDateEnding": "2018-12-31", "updatedFromDate": "2023-09-29"}, {"date": "2019-03-29", "symbol": "COGN3.SA", "eps": 0.25, "epsEstimated": 0.25, "time": "bmo", "revenue": 1921012000, "revenueEstimated": null, "fiscalDateEnding": "2018-12-30", "updatedFromDate": "2023-08-16"}, {"date": "2019-03-29", "symbol": "9972.T", "eps": -7.84, "epsEstimated": null, "time": "bmo", "revenue": 2797038000, "revenueEstimated": null, "fiscalDateEnding": "2019-02-27", "updatedFromDate": "2023-05-17"}, {"date": "2019-03-29", "symbol": "2618.TW", "eps": 0.12, "epsEstimated": -0.41, "time": "bmo", "revenue": 45095211000, "revenueEstimated": null, "fiscalDateEnding": "2018-12-30", "updatedFromDate": "2023-05-17"}, {"date": "2019-03-29", "symbol": "AKU.TO", "eps": 0.04, "epsEstimated": 0.07, "time": "bmo", "revenue": 45451531, "revenueEstimated": 83214579, "fiscalDateEnding": "2018-12-31", "updatedFromDate": "2023-10-16"}, {"date": "2019-03-29", "symbol": "WINS.JK", "eps": -0.00424, "epsEstimated": null, "time": "bmo", "revenue": 12644960, "revenueEstimated": null, "fiscalDateEnding": "2018-12-30", "updatedFromDate": "2023-05-17"}, {"date": "2019-03-29", "symbol": "002561.SZ", "eps": 0.1424, "epsEstimated": null, "time": "bmo", "revenue": 562931273.3, "revenueEstimated": null, "fiscalDateEnding": "2018-12-30", "updatedFromDate": "2023-05-17"}, {"date": "2019-03-29", "symbol": "FRIGO.AT", "eps": -0.00612, "epsEstimated": null, "time": "bmo", "revenue": 417297000, "revenueEstimated": null, "fiscalDateEnding": "2018-12-30", "updatedFromDate": "2023-05-17"}, {"date": "2019-03-29", "symbol": "002030.SZ", "eps": 0.0139, "epsEstimated": null, "time": "bmo", "revenue": 292490617.81, "revenueEstimated": null, "fiscalDateEnding": "2018-12-30", "updatedFromDate": "2023-05-17"}, {"date": "2019-03-29", "symbol": "MAIN.JK", "eps": 43.79, "epsEstimated": null, "time": "bmo", "revenue": 1867386973000, "revenueEstimated": null, "fiscalDateEnding": "2018-12-31", "updatedFromDate": "2023-05-17"}, {"date": "2019-03-29", "symbol": "3996.HK", "eps": 0.08039, "epsEstimated": null, "time": "bmo", "revenue": 61822747000, "revenueEstimated": null, "fiscalDateEnding": "2018-12-29", "updatedFromDate": "2023-05-17"}, {"date": "2019-03-29", "symbol": "2104.TW", "eps": 0.38, "epsEstimated": 0.76, "time": "bmo", "revenue": 6282563000, "revenueEstimated": null, "fiscalDateEnding": "2018-12-31", "updatedFromDate": "2023-08-17"}, {"date": "2019-03-29", "symbol": "000978.SZ", "eps": 0.00377, "epsEstimated": null, "time": "bmo", "revenue": 133817365.51, "revenueEstimated": null, "fiscalDateEnding": "2018-12-30", "updatedFromDate": "2023-05-17"}, {"date": "2019-03-29", "symbol": "CVET", "eps": 1.73, "epsEstimated": null, "time": "bmo", "revenue": 894871000, "revenueEstimated": null, "fiscalDateEnding": "2018-12-30", "updatedFromDate": "2023-05-17"}, {"date": "2019-03-29", "symbol": "1810.TW", "eps": -0.1233, "epsEstimated": null, "time": "bmo", "revenue": 1554226000, "revenueEstimated": null, "fiscalDateEnding": "2018-12-30", "updatedFromDate": "2023-05-17"}, {"date": "2019-03-29", "symbol": "600329.SS", "eps": 0.2023, "epsEstimated": null, "time": "bmo", "revenue": 1669817163.13, "revenueEstimated": null, "fiscalDateEnding": "2018-12-30", "updatedFromDate": "2023-05-17"}, {"date": "2019-03-29", "symbol": "0493.HK", "eps": -0.03699, "epsEstimated": null, "time": "bmo", "revenue": 14870706750, "revenueEstimated": null, "fiscalDateEnding": "2018-12-29", "updatedFromDate": "2023-10-16"}, {"date": "2019-03-29", "symbol": "002084.SZ", "eps": 0.01173, "epsEstimated": null, "time": "bmo", "revenue": 648666907.84, "revenueEstimated": null, "fiscalDateEnding": "2018-12-30", "updatedFromDate": "2023-05-17"}, {"date": "2019-03-29", "symbol": "KHC", "eps": 0.3309, "epsEstimated": null, "time": "bmo", "revenue": 5959000000, "revenueEstimated": null, "fiscalDateEnding": "2019-03-29", "updatedFromDate": "2023-09-29"}, {"date": "2019-03-29", "symbol": "ELP", "eps": 0.18, "epsEstimated": null, "time": "amc", "revenue": 3671143000, "revenueEstimated": null, "fiscalDateEnding": "2018-12-31", "updatedFromDate": "2023-09-29"}, {"date": "2019-03-29", "symbol": "FVL.TO", "eps": -0.0001, "epsEstimated": null, "time": "bmo", "revenue": null, "revenueEstimated": null, "fiscalDateEnding": "2018-12-30", "updatedFromDate": "2023-05-17"}, {"date": "2019-03-29", "symbol": "600398.SS", "eps": 0.18, "epsEstimated": 0.21, "time": "bmo", "revenue": 6047292071.33, "revenueEstimated": null, "fiscalDateEnding": "2018-12-30", "updatedFromDate": "2023-08-16"}, {"date": "2019-03-29", "symbol": "OVT.V", "eps": null, "epsEstimated": null, "time": "bmo", "revenue": null, "revenueEstimated": null, "fiscalDateEnding": "2018-12-31", "updatedFromDate": "2023-05-17"}, {"date": "2019-03-29", "symbol": "4935.TW", "eps": 0.25, "epsEstimated": null, "time": "bmo", "revenue": 1445269000, "revenueEstimated": null, "fiscalDateEnding": "2018-12-30", "updatedFromDate": "2023-05-17"}, {"date": "2019-03-29", "symbol": "5534.TW", "eps": 1.96, "epsEstimated": 1.23, "time": "bmo", "revenue": 1437651000, "revenueEstimated": null, "fiscalDateEnding": "2018-12-30", "updatedFromDate": "2023-05-17"}, {"date": "2019-03-29", "symbol": "PNLF.JK", "eps": 10.96, "epsEstimated": null, "time": "bmo", "revenue": 1722628000000, "revenueEstimated": null, "fiscalDateEnding": "2018-12-30", "updatedFromDate": "2023-05-17"}, {"date": "2019-03-29", "symbol": "2312.TW", "eps": 0.08456, "epsEstimated": null, "time": "bmo", "revenue": 33285940000, "revenueEstimated": null, "fiscalDateEnding": "2018-12-29", "updatedFromDate": "2023-05-17"}, {"date": "2019-03-29", "symbol": "ALDEL.PA", "eps": 0.87, "epsEstimated": null, "time": "bmo", "revenue": 57618250, "revenueEstimated": null, "fiscalDateEnding": "2018-12-29", "updatedFromDate": "2023-05-17"}, {"date": "2019-03-29", "symbol": "SBS", "eps": 0.58, "epsEstimated": 0.27, "time": "bmo", "revenue": 4902411000, "revenueEstimated": null, "fiscalDateEnding": "2018-12-31", "updatedFromDate": "2023-09-29"}, {"date": "2019-03-29", "symbol": "BULL.JK", "eps": 0.00047, "epsEstimated": null, "time": "bmo", "revenue": 19821145, "revenueEstimated": null, "fiscalDateEnding": "2018-12-30", "updatedFromDate": "2023-05-17"}, {"date": "2019-03-29", "symbol": "002184.SZ", "eps": -0.31322, "epsEstimated": null, "time": "bmo", "revenue": 506730005.28, "revenueEstimated": null, "fiscalDateEnding": "2018-12-30", "updatedFromDate": "2023-05-17"}, {"date": "2019-03-29", "symbol": "GMELF", "eps": null, "epsEstimated": null, "time": "bmo", "revenue": null, "revenueEstimated": null, "fiscalDateEnding": "2018-12-31", "updatedFromDate": "2023-05-17"}, {"date": "2019-03-29", "symbol": "000922.SZ", "eps": 0.03479, "epsEstimated": null, "time": "bmo", "revenue": 583788636.82, "revenueEstimated": null, "fiscalDateEnding": "2018-12-30", "updatedFromDate": "2023-05-17"}, {"date": "2019-03-29", "symbol": "KINO.JK", "eps": 31.25, "epsEstimated": null, "time": "bmo", "revenue": 1014311600304, "revenueEstimated": null, "fiscalDateEnding": "2018-12-31", "updatedFromDate": "2023-05-17"}, {"date": "2019-03-29", "symbol": "2354.T", "eps": null, "epsEstimated": null, "time": "bmo", "revenue": null, "revenueEstimated": null, "fiscalDateEnding": "2019-09-30", "updatedFromDate": "2023-05-17"}, {"date": "2019-03-29", "symbol": "SWKH", "eps": 0.39, "epsEstimated": null, "time": "bmo", "revenue": 6517000, "revenueEstimated": null, "fiscalDateEnding": "2018-12-30", "updatedFromDate": "2023-09-29"}, {"date": "2019-03-29", "symbol": "CYTR", "eps": -0.07, "epsEstimated": -0.07, "time": "bmo", "revenue": null, "revenueEstimated": 250000, "fiscalDateEnding": "2018-12-30", "updatedFromDate": "2023-05-17"}, {"date": "2019-03-29", "symbol": "2393.TW", "eps": 0.32, "epsEstimated": 0.47, "time": "bmo", "revenue": 5597693000, "revenueEstimated": null, "fiscalDateEnding": "2018-12-30", "updatedFromDate": "2023-05-17"}, {"date": "2019-03-29", "symbol": "600640.SS", "eps": 0.09747, "epsEstimated": null, "time": "bmo", "revenue": 1999340152.05, "revenueEstimated": null, "fiscalDateEnding": "2018-12-30", "updatedFromDate": "2023-05-17"}, {"date": "2019-03-29", "symbol": "000089.SZ", "eps": 0.05, "epsEstimated": 0.09, "time": "bmo", "revenue": 936100827.54, "revenueEstimated": null, "fiscalDateEnding": "2018-12-30", "updatedFromDate": "2023-05-17"}, {"date": "2019-03-29", "symbol": "CPIN.JK", "eps": 66.01, "epsEstimated": null, "time": "bmo", "revenue": 14572508000000, "revenueEstimated": null, "fiscalDateEnding": "2018-12-30", "updatedFromDate": "2023-08-16"}, {"date": "2019-03-29", "symbol": "300019.SZ", "eps": 0.1345, "epsEstimated": null, "time": "bmo", "revenue": 287388385.4, "revenueEstimated": null, "fiscalDateEnding": "2018-12-30", "updatedFromDate": "2023-05-17"}, {"date": "2019-03-29", "symbol": "1713.HK", "eps": 0.04129, "epsEstimated": null, "time": "bmo", "revenue": 618183250, "revenueEstimated": null, "fiscalDateEnding": "2018-12-29", "updatedFromDate": "2023-05-17"}, {"date": "2019-03-29", "symbol": "BGF", "eps": 0.2559, "epsEstimated": 0.1557, "time": "bmo", "revenue": 412734000, "revenueEstimated": 406429181, "fiscalDateEnding": "2019-03-29", "updatedFromDate": "2023-04-03"}, {"date": "2019-03-29", "symbol": "600184.SS", "eps": 0.02679, "epsEstimated": null, "time": "bmo", "revenue": 1267282657.68, "revenueEstimated": null, "fiscalDateEnding": "2018-12-30", "updatedFromDate": "2023-05-17"}, {"date": "2019-03-29", "symbol": "600885.SS", "eps": 0.15, "epsEstimated": 0.17, "time": "bmo", "revenue": 1826409180.1, "revenueEstimated": null, "fiscalDateEnding": "2018-12-30", "updatedFromDate": "2023-08-16"}, {"date": "2019-03-29", "symbol": "IMMO.BR", "eps": 2.91, "epsEstimated": null, "time": "bmo", "revenue": 102196000, "revenueEstimated": null, "fiscalDateEnding": "2018-12-29", "updatedFromDate": "2023-05-17"}, {"date": "2019-03-29", "symbol": "TSNU", "eps": 1.16, "epsEstimated": 0.69, "time": "bmo", "revenue": 10443000000, "revenueEstimated": 10259501220, "fiscalDateEnding": "2019-03-29", "updatedFromDate": "2023-04-03"}, {"date": "2019-03-29", "symbol": "1599.HK", "eps": 0.1234, "epsEstimated": null, "time": "bmo", "revenue": 2103509750, "revenueEstimated": null, "fiscalDateEnding": "2018-12-29", "updatedFromDate": "2023-05-17"}, {"date": "2019-03-29", "symbol": "2201.TW", "eps": 0.44, "epsEstimated": 0.63, "time": "bmo", "revenue": 20233324000, "revenueEstimated": null, "fiscalDateEnding": "2018-12-29", "updatedFromDate": "2023-05-17"}, {"date": "2019-03-29", "symbol": "FGOVF", "eps": null, "epsEstimated": null, "time": "amc", "revenue": null, "revenueEstimated": null, "fiscalDateEnding": "2018-12-31", "updatedFromDate": "2023-05-17"}, {"date": "2019-03-29", "symbol": "1220.TW", "eps": 0.1, "epsEstimated": 0.14, "time": "bmo", "revenue": null, "revenueEstimated": null, "fiscalDateEnding": "2018-12-31", "updatedFromDate": "2023-05-17"}, {"date": "2019-03-29", "symbol": "ACEHF", "eps": 15.57, "epsEstimated": 17.28, "time": "bmo", "revenue": null, "revenueEstimated": null, "fiscalDateEnding": "2018-12-31", "updatedFromDate": "2023-05-17"}, {"date": "2019-03-29", "symbol": "ANDR", "eps": -0.00223, "epsEstimated": null, "time": "bmo", "revenue": 493990, "revenueEstimated": null, "fiscalDateEnding": "2018-12-30", "updatedFromDate": "2023-09-29"}, {"date": "2019-03-29", "symbol": "2792.T", "eps": 52.92, "epsEstimated": null, "time": "bmo", "revenue": 12706663000, "revenueEstimated": null, "fiscalDateEnding": "2018-12-29", "updatedFromDate": "2023-10-16"}, {"date": "2019-03-29", "symbol": "1210.TW", "eps": 0.603, "epsEstimated": null, "time": "bmo", "revenue": 72442933000, "revenueEstimated": null, "fiscalDateEnding": "2018-12-31", "updatedFromDate": "2023-08-25"}, {"date": "2019-03-29", "symbol": "2975.T", "eps": 41.69, "epsEstimated": null, "time": "bmo", "revenue": null, "revenueEstimated": null, "fiscalDateEnding": "2019-02-28", "updatedFromDate": "2023-10-16"}, {"date": "2019-03-29", "symbol": "601919.SS", "eps": 0.04, "epsEstimated": 0.03, "time": "bmo", "revenue": 38699460879.19, "revenueEstimated": null, "fiscalDateEnding": "2018-12-31", "updatedFromDate": "2023-08-25"}, {"date": "2019-03-29", "symbol": "TAYD", "eps": 0.13, "epsEstimated": null, "time": "bmo", "revenue": 7812496, "revenueEstimated": null, "fiscalDateEnding": "2019-02-27", "updatedFromDate": "2023-09-29"}, {"date": "2019-03-29", "symbol": "5876.TW", "eps": 0.83, "epsEstimated": 0.8, "time": "bmo", "revenue": 9570998000, "revenueEstimated": null, "fiscalDateEnding": "2018-12-30", "updatedFromDate": "2023-05-17"}, {"date": "2019-03-29", "symbol": "HOKI.JK", "eps": 2.04, "epsEstimated": null, "time": "bmo", "revenue": 370689454516, "revenueEstimated": null, "fiscalDateEnding": "2018-12-30", "updatedFromDate": "2023-05-17"}, {"date": "2019-03-29", "symbol": "CPHC", "eps": 0.11, "epsEstimated": null, "time": "bmo", "revenue": 12038387, "revenueEstimated": null, "fiscalDateEnding": "2018-12-30", "updatedFromDate": "2023-09-29"}, {"date": "2019-03-29", "symbol": "PPOKF", "eps": null, "epsEstimated": null, "time": "bmo", "revenue": null, "revenueEstimated": null, "fiscalDateEnding": "2018-12-31", "updatedFromDate": "2023-05-17"}, {"date": "2019-03-29", "symbol": "9939.TW", "eps": -0.01, "epsEstimated": 0.17, "time": "bmo", "revenue": 3999805000, "revenueEstimated": null, "fiscalDateEnding": "2018-12-30", "updatedFromDate": "2023-05-17"}, {"date": "2019-03-29", "symbol": "600875.SS", "eps": 0.11, "epsEstimated": null, "time": "bmo", "revenue": 7850522229.54, "revenueEstimated": null, "fiscalDateEnding": "2018-12-29", "updatedFromDate": "2023-05-17"}, {"date": "2019-03-29", "symbol": "GPIIF", "eps": null, "epsEstimated": null, "time": "bmo", "revenue": null, "revenueEstimated": null, "fiscalDateEnding": "2018-12-31", "updatedFromDate": "2023-05-17"}, {"date": "2019-03-29", "symbol": "MMLP.JK", "eps": 20.76, "epsEstimated": null, "time": "bmo", "revenue": 79100572000, "revenueEstimated": null, "fiscalDateEnding": "2018-12-31", "updatedFromDate": "2023-05-17"}, {"date": "2019-03-29", "symbol": "9914.TW", "eps": 1.64, "epsEstimated": 1.64, "time": "bmo", "revenue": 5944893000, "revenueEstimated": null, "fiscalDateEnding": "2018-12-30", "updatedFromDate": "2023-05-17"}, {"date": "2019-03-29", "symbol": "9945.TW", "eps": 0.1623, "epsEstimated": null, "time": "bmo", "revenue": 4045277000, "revenueEstimated": null, "fiscalDateEnding": "2018-12-30", "updatedFromDate": "2023-05-17"}, {"date": "2019-03-29", "symbol": "601375.SS", "eps": -0.0708, "epsEstimated": null, "time": "bmo", "revenue": 383362459.43, "revenueEstimated": null, "fiscalDateEnding": "2018-12-30", "updatedFromDate": "2023-05-17"}, {"date": "2019-03-29", "symbol": "EALT4.SA", "eps": 0.2556, "epsEstimated": null, "time": "bmo", "revenue": 87896000, "revenueEstimated": null, "fiscalDateEnding": "2019-03-30", "updatedFromDate": "2023-05-17"}, {"date": "2019-03-29", "symbol": "600693.SS", "eps": 0.2464, "epsEstimated": null, "time": "bmo", "revenue": 1154727857.29, "revenueEstimated": null, "fiscalDateEnding": "2018-12-30", "updatedFromDate": "2023-05-17"}, {"date": "2019-03-29", "symbol": "DTSRF", "eps": null, "epsEstimated": null, "time": "bmo", "revenue": null, "revenueEstimated": null, "fiscalDateEnding": "2018-12-30", "updatedFromDate": "2023-08-16"}, {"date": "2019-03-29", "symbol": "2352.TW", "eps": 0.53, "epsEstimated": 0.56, "time": "bmo", "revenue": 42387467000, "revenueEstimated": null, "fiscalDateEnding": "2018-12-30", "updatedFromDate": "2023-05-17"}, {"date": "2019-03-29", "symbol": "LAS-A.TO", "eps": 2.26, "epsEstimated": 2.14, "time": "bmo", "revenue": 426799000, "revenueEstimated": null, "fiscalDateEnding": "2018-12-30", "updatedFromDate": "2023-05-17"}, {"date": "2019-03-29", "symbol": "601238.SS", "eps": 0.11, "epsEstimated": 0.23, "time": "bmo", "revenue": 18871371668, "revenueEstimated": null, "fiscalDateEnding": "2018-12-30", "updatedFromDate": "2023-08-16"}, {"date": "2019-03-29", "symbol": "BPIRF", "eps": 0.33, "epsEstimated": 0.015, "time": "bmo", "revenue": null, "revenueEstimated": null, "fiscalDateEnding": "2018-12-31", "updatedFromDate": "2023-05-17"}, {"date": "2019-03-29", "symbol": "600006.SS", "eps": 0.06857, "epsEstimated": null, "time": "bmo", "revenue": 5177803558.19, "revenueEstimated": null, "fiscalDateEnding": "2018-12-30", "updatedFromDate": "2023-05-17"}, {"date": "2019-03-29", "symbol": "CLSN", "eps": -0.28, "epsEstimated": -0.14, "time": "bmo", "revenue": 125000, "revenueEstimated": 62500, "fiscalDateEnding": "2018-12-30", "updatedFromDate": "2023-08-16"}, {"date": "2019-03-29", "symbol": "BB", "eps": 0.11, "epsEstimated": 0.06, "time": "bmo", "revenue": 255000000, "revenueEstimated": 236671875, "fiscalDateEnding": "2019-02-28", "updatedFromDate": "2023-09-29"}, {"date": "2019-03-29", "symbol": "4157.TWO", "eps": -0.13067, "epsEstimated": null, "time": "bmo", "revenue": 4686000, "revenueEstimated": null, "fiscalDateEnding": "2018-12-30", "updatedFromDate": "2023-08-16"}, {"date": "2019-03-29", "symbol": "LADX", "eps": -0.07, "epsEstimated": -0.07, "time": "bmo", "revenue": 250000, "revenueEstimated": null, "fiscalDateEnding": "2018-12-31", "updatedFromDate": "2023-09-29"}, {"date": "2019-03-29", "symbol": "BACHY", "eps": 0.33, "epsEstimated": null, "time": "bmo", "revenue": 127402000000, "revenueEstimated": null, "fiscalDateEnding": "2018-12-31", "updatedFromDate": "2023-09-29"}, {"date": "2019-03-29", "symbol": "6214.TW", "eps": 0.3672, "epsEstimated": null, "time": "bmo", "revenue": 5531566000, "revenueEstimated": null, "fiscalDateEnding": "2018-12-30", "updatedFromDate": "2023-05-17"}, {"date": "2019-03-29", "symbol": "601328.SS", "eps": 0.22, "epsEstimated": 0.21, "time": "bmo", "revenue": 54766000000, "revenueEstimated": null, "fiscalDateEnding": "2018-12-30", "updatedFromDate": "2023-08-16"}, {"date": "2019-03-29", "symbol": "GLPG", "eps": 0.27, "epsEstimated": 0.63, "time": "amc", "revenue": 106379000, "revenueEstimated": 232514100, "fiscalDateEnding": "2018-12-31", "updatedFromDate": "2023-09-29"}, {"date": "2019-03-29", "symbol": "HMI.L", "eps": -0.00672, "epsEstimated": null, "time": "bmo", "revenue": 406955.25, "revenueEstimated": null, "fiscalDateEnding": "2018-12-29", "updatedFromDate": "2023-10-16"}, {"date": "2019-03-29", "symbol": "SNWV", "eps": -0.01, "epsEstimated": -0.02, "time": "bmo", "revenue": 456789, "revenueEstimated": null, "fiscalDateEnding": "2018-12-30", "updatedFromDate": "2023-09-29"}, {"date": "2019-03-29", "symbol": "601866.SS", "eps": 0.04962, "epsEstimated": null, "time": "bmo", "revenue": 3222224317.11, "revenueEstimated": null, "fiscalDateEnding": "2018-12-30", "updatedFromDate": "2023-05-17"}, {"date": "2019-03-29", "symbol": "MYOR.JK", "eps": 27.56, "epsEstimated": null, "time": "bmo", "revenue": 6710882601714, "revenueEstimated": null, "fiscalDateEnding": "2018-12-30", "updatedFromDate": "2023-05-17"}, {"date": "2019-03-29", "symbol": "IPMLF", "eps": -0.12, "epsEstimated": -0.15, "time": "bmo", "revenue": null, "revenueEstimated": null, "fiscalDateEnding": "2018-12-31", "updatedFromDate": "2023-05-17"}, {"date": "2019-03-29", "symbol": "BSXGF", "eps": -0.01, "epsEstimated": null, "time": "bmo", "revenue": null, "revenueEstimated": null, "fiscalDateEnding": "2018-12-31", "updatedFromDate": "2023-08-16"}, {"date": "2019-03-29", "symbol": "OXE.ST", "eps": -0.62237, "epsEstimated": null, "time": "bmo", "revenue": 9041000, "revenueEstimated": null, "fiscalDateEnding": "2018-12-30", "updatedFromDate": "2023-05-17"}, {"date": "2019-03-29", "symbol": "8215.TW", "eps": 0.28, "epsEstimated": 0.31, "time": "bmo", "revenue": 3410111000, "revenueEstimated": null, "fiscalDateEnding": "2018-12-30", "updatedFromDate": "2023-05-17"}, {"date": "2019-03-29", "symbol": "1102.TW", "eps": 0.55, "epsEstimated": 1.07, "time": "bmo", "revenue": 21832939000, "revenueEstimated": null, "fiscalDateEnding": "2018-12-30", "updatedFromDate": "2023-05-17"}, {"date": "2019-03-29", "symbol": "2356.TW", "eps": 0.39, "epsEstimated": 0.48, "time": "bmo", "revenue": 134102019000, "revenueEstimated": null, "fiscalDateEnding": "2018-12-30", "updatedFromDate": "2023-05-17"}, {"date": "2019-03-29", "symbol": "SNPXF", "eps": null, "epsEstimated": null, "time": "bmo", "revenue": null, "revenueEstimated": null, "fiscalDateEnding": "2018-12-31", "updatedFromDate": "2023-05-17"}, {"date": "2019-03-29", "symbol": "HUATF", "eps": 0.05, "epsEstimated": 0.16, "time": "bmo", "revenue": null, "revenueEstimated": null, "fiscalDateEnding": "2018-12-31", "updatedFromDate": "2023-05-17"}, {"date": "2019-03-29", "symbol": "3346.TW", "eps": 0.98, "epsEstimated": 1.18, "time": "bmo", "revenue": 1242372000, "revenueEstimated": null, "fiscalDateEnding": "2018-12-30", "updatedFromDate": "2023-08-16"}, {"date": "2019-03-29", "symbol": "2385.TW", "eps": 1.27, "epsEstimated": 1.34, "time": "bmo", "revenue": 23449807000, "revenueEstimated": null, "fiscalDateEnding": "2018-12-30", "updatedFromDate": "2023-05-17"}, {"date": "2019-03-29", "symbol": "6264.T", "eps": 3.12, "epsEstimated": null, "time": "bmo", "revenue": 931380000, "revenueEstimated": null, "fiscalDateEnding": "2019-02-27", "updatedFromDate": "2023-05-17"}, {"date": "2019-03-29", "symbol": "2345.TW", "eps": 1.41, "epsEstimated": 1.4, "time": "bmo", "revenue": 11168556000, "revenueEstimated": null, "fiscalDateEnding": "2018-12-29", "updatedFromDate": "2023-05-17"}, {"date": "2019-03-29", "symbol": "603566.SS", "eps": 0.04584, "epsEstimated": null, "time": "bmo", "revenue": 177098821.33, "revenueEstimated": null, "fiscalDateEnding": "2018-12-30", "updatedFromDate": "2023-05-17"}, {"date": "2019-03-29", "symbol": "YADGF", "eps": null, "epsEstimated": null, "time": "bmo", "revenue": null, "revenueEstimated": null, "fiscalDateEnding": "2018-12-31", "updatedFromDate": "2023-05-17"}, {"date": "2019-03-29", "symbol": "7921.T", "eps": 1.38, "epsEstimated": null, "time": "bmo", "revenue": 4092056000, "revenueEstimated": null, "fiscalDateEnding": "2018-12-29", "updatedFromDate": "2023-10-16"}, {"date": "2019-03-29", "symbol": "LMR.V", "eps": null, "epsEstimated": null, "time": "bmo", "revenue": null, "revenueEstimated": null, "fiscalDateEnding": "2019-06-30", "updatedFromDate": "2023-05-17"}, {"date": "2019-03-29", "symbol": "ERD.TO", "eps": -0.00356, "epsEstimated": null, "time": "bmo", "revenue": null, "revenueEstimated": null, "fiscalDateEnding": "2018-12-30", "updatedFromDate": "2023-05-17"}, {"date": "2019-03-29", "symbol": "601666.SS", "eps": 0.137, "epsEstimated": null, "time": "bmo", "revenue": 5710022653.27, "revenueEstimated": null, "fiscalDateEnding": "2018-12-29", "updatedFromDate": "2023-05-17"}, {"date": "2019-03-29", "symbol": "1837.HK", "eps": 0.01436, "epsEstimated": null, "time": "bmo", "revenue": 446021500, "revenueEstimated": null, "fiscalDateEnding": "2018-12-29", "updatedFromDate": "2023-05-17"}, {"date": "2019-03-29", "symbol": "601138.SS", "eps": 0.37, "epsEstimated": 0.29, "time": "bmo", "revenue": 131451929000, "revenueEstimated": null, "fiscalDateEnding": "2018-12-30", "updatedFromDate": "2023-05-17"}, {"date": "2019-03-29", "symbol": "6405.TW", "eps": 0.00922, "epsEstimated": null, "time": "bmo", "revenue": 188646000, "revenueEstimated": null, "fiscalDateEnding": "2018-12-30", "updatedFromDate": "2023-05-17"}, {"date": "2019-03-29", "symbol": "600320.SS", "eps": 0.04536, "epsEstimated": null, "time": "bmo", "revenue": 7023382040, "revenueEstimated": null, "fiscalDateEnding": "2018-12-30", "updatedFromDate": "2023-05-17"}, {"date": "2019-03-29", "symbol": "BSX.TO", "eps": -0.01, "epsEstimated": null, "time": "bmo", "revenue": null, "revenueEstimated": null, "fiscalDateEnding": "2018-12-30", "updatedFromDate": "2023-05-17"}, {"date": "2019-03-29", "symbol": "6605.TW", "eps": 2.27, "epsEstimated": null, "time": "bmo", "revenue": 4102944000, "revenueEstimated": null, "fiscalDateEnding": "2019-03-30", "updatedFromDate": "2023-05-17"}, {"date": "2019-03-29", "symbol": "HMIFF", "eps": null, "epsEstimated": null, "time": "bmo", "revenue": null, "revenueEstimated": null, "fiscalDateEnding": "2018-12-31", "updatedFromDate": "2023-05-17"}, {"date": "2019-03-29", "symbol": "3037.TW", "eps": 0.5, "epsEstimated": 0.55, "time": "bmo", "revenue": 20480198000, "revenueEstimated": null, "fiscalDateEnding": "2018-12-30", "updatedFromDate": "2023-05-17"}, {"date": "2019-03-29", "symbol": "III.TO", "eps": -0.12, "epsEstimated": -0.15, "time": "bmo", "revenue": 91714000, "revenueEstimated": null, "fiscalDateEnding": "2018-12-30", "updatedFromDate": "2023-05-17"}, {"date": "2019-03-29", "symbol": "DELL", "eps": 4.58, "epsEstimated": 1.81, "time": "amc", "revenue": 23841000000, "revenueEstimated": 23200112903.225807, "fiscalDateEnding": "2019-01-31", "updatedFromDate": "2023-11-29"}, {"date": "2019-03-29", "symbol": "DNGDF", "eps": null, "epsEstimated": null, "time": "bmo", "revenue": null, "revenueEstimated": null, "fiscalDateEnding": "2018-12-31", "updatedFromDate": "2023-08-16"}, {"date": "2019-03-29", "symbol": "DNG.TO", "eps": 0.03289, "epsEstimated": null, "time": "bmo", "revenue": 25665245, "revenueEstimated": null, "fiscalDateEnding": "2018-12-30", "updatedFromDate": "2023-08-16"}, {"date": "2019-03-29", "symbol": "SACH", "eps": 0.1051, "epsEstimated": null, "time": "bmo", "revenue": 2336325, "revenueEstimated": null, "fiscalDateEnding": "2018-12-30", "updatedFromDate": "2023-09-29"}, {"date": "2019-03-29", "symbol": "1522.TW", "eps": 0.38, "epsEstimated": 0.37, "time": "bmo", "revenue": 4324036000, "revenueEstimated": null, "fiscalDateEnding": "2018-12-30", "updatedFromDate": "2023-08-16"}, {"date": "2019-03-29", "symbol": "8349.TWO", "eps": 1.15, "epsEstimated": 1.73, "time": "bmo", "revenue": 2629340000, "revenueEstimated": null, "fiscalDateEnding": "2018-12-30", "updatedFromDate": "2023-08-16"}, {"date": "2019-03-29", "symbol": "VOTDF", "eps": null, "epsEstimated": null, "time": "bmo", "revenue": null, "revenueEstimated": null, "fiscalDateEnding": "2019-03-31", "updatedFromDate": "2023-08-16"}, {"date": "2019-03-29", "symbol": "6886.HK", "eps": 0.05, "epsEstimated": 0.16, "time": "bmo", "revenue": 3815773113.4, "revenueEstimated": null, "fiscalDateEnding": "2018-12-30", "updatedFromDate": "2023-08-16"}, {"date": "2019-03-29", "symbol": "ETHC.NE", "eps": null, "epsEstimated": null, "time": "bmo", "revenue": null, "revenueEstimated": null, "fiscalDateEnding": "2018-12-31", "updatedFromDate": "2023-08-16"}, {"date": "2019-03-29", "symbol": "2615.TW", "eps": 0.13, "epsEstimated": 0.2, "time": "bmo", "revenue": 18593323000, "revenueEstimated": null, "fiscalDateEnding": "2018-12-30", "updatedFromDate": "2023-08-16"}, {"date": "2019-03-29", "symbol": "3090.TW", "eps": 1.12, "epsEstimated": null, "time": "bmo", "revenue": 2122617000, "revenueEstimated": null, "fiscalDateEnding": "2018-12-30", "updatedFromDate": "2023-08-16"}, {"date": "2019-03-29", "symbol": "601288.SS", "eps": 0.08, "epsEstimated": 0.13, "time": "bmo", "revenue": 141191000000, "revenueEstimated": null, "fiscalDateEnding": "2018-12-30", "updatedFromDate": "2023-08-16"}, {"date": "2019-03-29", "symbol": "601688.SS", "eps": 0.05, "epsEstimated": 0.15, "time": "bmo", "revenue": 3815773113.4, "revenueEstimated": null, "fiscalDateEnding": "2018-12-30", "updatedFromDate": "2023-08-16"}, {"date": "2019-03-29", "symbol": "600115.SS", "eps": -0.12, "epsEstimated": -0.12, "time": "bmo", "revenue": 27052000000, "revenueEstimated": null, "fiscalDateEnding": "2018-12-31", "updatedFromDate": "2023-08-16"}, {"date": "2019-03-29", "symbol": "000157.SZ", "eps": 0.09, "epsEstimated": 0.07, "time": "bmo", "revenue": 7661406287.75, "revenueEstimated": null, "fiscalDateEnding": "2018-12-30", "updatedFromDate": "2023-08-16"}, {"date": "2019-03-29", "symbol": "600460.SS", "eps": 0.01361, "epsEstimated": null, "time": "bmo", "revenue": 813691786.34, "revenueEstimated": null, "fiscalDateEnding": "2018-12-30", "updatedFromDate": "2023-08-16"}, {"date": "2019-03-29", "symbol": "CNICF", "eps": null, "epsEstimated": null, "time": "bmo", "revenue": null, "revenueEstimated": null, "fiscalDateEnding": "2018-12-31", "updatedFromDate": "2023-08-16"}, {"date": "2019-03-29", "symbol": "3328.HK", "eps": 0.22, "epsEstimated": 0.21, "time": "bmo", "revenue": 54766000000, "revenueEstimated": null, "fiscalDateEnding": "2018-12-30", "updatedFromDate": "2023-08-16"}, {"date": "2019-03-29", "symbol": "2204.TW", "eps": 1.23, "epsEstimated": 1.48, "time": "bmo", "revenue": 7748402000, "revenueEstimated": null, "fiscalDateEnding": "2018-12-31", "updatedFromDate": "2023-08-25"}, {"date": "2019-03-29", "symbol": "6541.TW", "eps": -1.43, "epsEstimated": -2.48, "time": "bmo", "revenue": null, "revenueEstimated": null, "fiscalDateEnding": "2018-12-30", "updatedFromDate": "2023-08-16"}, {"date": "2019-03-29", "symbol": "3605.TW", "eps": 0.58, "epsEstimated": 0.58, "time": "bmo", "revenue": 1606529000, "revenueEstimated": null, "fiscalDateEnding": "2018-12-30", "updatedFromDate": "2023-08-16"}, {"date": "2019-03-29", "symbol": "1157.HK", "eps": 0.09, "epsEstimated": 0.1, "time": "bmo", "revenue": 7661406287.75, "revenueEstimated": null, "fiscalDateEnding": "2018-12-30", "updatedFromDate": "2023-08-16"}, {"date": "2019-03-29", "symbol": "000069.SZ", "eps": 0.67, "epsEstimated": 0.43, "time": "bmo", "revenue": 23592037592.63, "revenueEstimated": null, "fiscalDateEnding": "2018-12-30", "updatedFromDate": "2023-08-16"}, {"date": "2019-03-29", "symbol": "6209.TW", "eps": -0.31819, "epsEstimated": null, "time": "bmo", "revenue": 826916000, "revenueEstimated": null, "fiscalDateEnding": "2018-12-30", "updatedFromDate": "2023-08-16"}, {"date": "2019-03-29", "symbol": "TATNP.ME", "eps": 16.83, "epsEstimated": 20.89, "time": "bmo", "revenue": 235377000000, "revenueEstimated": null, "fiscalDateEnding": "2018-12-30", "updatedFromDate": "2023-08-16"}, {"date": "2019-03-29", "symbol": "6099.HK", "eps": 0.16, "epsEstimated": 0.13, "time": "bmo", "revenue": 3324496167.61, "revenueEstimated": null, "fiscalDateEnding": "2018-12-30", "updatedFromDate": "2023-08-16"}, {"date": "2019-03-29", "symbol": "272210.KS", "eps": null, "epsEstimated": null, "time": "bmo", "revenue": null, "revenueEstimated": null, "fiscalDateEnding": "2018-12-31", "updatedFromDate": "2023-08-16"}, {"date": "2019-03-29", "symbol": "2351.TW", "eps": 1.12, "epsEstimated": 1.17, "time": "bmo", "revenue": 2566085000, "revenueEstimated": null, "fiscalDateEnding": "2018-12-30", "updatedFromDate": "2023-08-16"}, {"date": "2019-03-29", "symbol": "3006.TW", "eps": 0.1, "epsEstimated": 0.65, "time": "bmo", "revenue": 2692980000, "revenueEstimated": null, "fiscalDateEnding": "2018-12-30", "updatedFromDate": "2023-08-16"}, {"date": "2019-03-29", "symbol": "ME.TO", "eps": -0.01911, "epsEstimated": null, "time": "bmo", "revenue": null, "revenueEstimated": null, "fiscalDateEnding": "2018-12-30", "updatedFromDate": "2023-08-16"}, {"date": "2019-03-29", "symbol": "1802.TW", "eps": 0.00723, "epsEstimated": null, "time": "bmo", "revenue": 11196323000, "revenueEstimated": null, "fiscalDateEnding": "2018-12-30", "updatedFromDate": "2023-08-16"}, {"date": "2019-03-29", "symbol": "3908.HK", "eps": 0.2515, "epsEstimated": null, "time": "bmo", "revenue": 7123708587, "revenueEstimated": null, "fiscalDateEnding": "2018-12-29", "updatedFromDate": "2023-08-16"}, {"date": "2019-03-29", "symbol": "MRVFF", "eps": -0.41, "epsEstimated": -0.87, "time": "bmo", "revenue": null, "revenueEstimated": null, "fiscalDateEnding": "2018-12-31", "updatedFromDate": "2023-08-16"}, {"date": "2019-03-29", "symbol": "NBEV", "eps": -0.18, "epsEstimated": -0.026, "time": "bmo", "revenue": 13996568, "revenueEstimated": 2332761.333333333, "fiscalDateEnding": "2018-12-30", "updatedFromDate": "2023-08-16"}, {"date": "2019-03-29", "symbol": "603799.SS", "eps": -0.36, "epsEstimated": 0.44, "time": "bmo", "revenue": 4377133071.58, "revenueEstimated": null, "fiscalDateEnding": "2018-12-30", "updatedFromDate": "2023-08-16"}, {"date": "2019-03-29", "symbol": "300777.SZ", "eps": null, "epsEstimated": null, "time": "bmo", "revenue": null, "revenueEstimated": null, "fiscalDateEnding": "2018-12-31", "updatedFromDate": "2023-08-16"}, {"date": "2019-03-29", "symbol": "TBIG.JK", "eps": 2.96, "epsEstimated": 11.2, "time": "bmo", "revenue": 1150324000000, "revenueEstimated": null, "fiscalDateEnding": "2018-12-31", "updatedFromDate": "2023-08-16"}, {"date": "2019-03-29", "symbol": "300726.SZ", "eps": 0.1128, "epsEstimated": null, "time": "bmo", "revenue": 173454085.54, "revenueEstimated": null, "fiscalDateEnding": "2018-12-30", "updatedFromDate": "2023-08-16"}, {"date": "2019-03-29", "symbol": "1787.HK", "eps": 0.01, "epsEstimated": 0.1, "time": "bmo", "revenue": 17527454083.75, "revenueEstimated": null, "fiscalDateEnding": "2018-12-30", "updatedFromDate": "2023-08-16"}, {"date": "2019-03-29", "symbol": "601800.SS", "eps": 0.41, "epsEstimated": 0.6, "time": "bmo", "revenue": 162324960580, "revenueEstimated": null, "fiscalDateEnding": "2018-12-30", "updatedFromDate": "2023-08-16"}, {"date": "2019-03-29", "symbol": "PYT.VI", "eps": 0.33, "epsEstimated": 0.34, "time": "bmo", "revenue": 157702000, "revenueEstimated": null, "fiscalDateEnding": "2018-12-30", "updatedFromDate": "2023-08-16"}, {"date": "2019-03-29", "symbol": "600741.SS", "eps": 0.53, "epsEstimated": 0.3, "time": "bmo", "revenue": 38371645493.67, "revenueEstimated": null, "fiscalDateEnding": "2018-12-30", "updatedFromDate": "2023-08-16"}, {"date": "2019-03-29", "symbol": "1288.HK", "eps": 0.08, "epsEstimated": 0.13, "time": "bmo", "revenue": 141191000000, "revenueEstimated": null, "fiscalDateEnding": "2018-12-30", "updatedFromDate": "2023-08-16"}, {"date": "2019-03-29", "symbol": "603877.SS", "eps": 0.61, "epsEstimated": 0.77, "time": "bmo", "revenue": 2823847915.59, "revenueEstimated": null, "fiscalDateEnding": "2018-12-30", "updatedFromDate": "2023-08-16"}, {"date": "2019-03-29", "symbol": "ASRI.JK", "eps": 16.85, "epsEstimated": 8.35, "time": "bmo", "revenue": 772151316000, "revenueEstimated": null, "fiscalDateEnding": "2018-12-30", "updatedFromDate": "2023-08-16"}, {"date": "2019-03-29", "symbol": "OAOFY", "eps": null, "epsEstimated": null, "time": "bmo", "revenue": null, "revenueEstimated": null, "fiscalDateEnding": "2018-12-31", "updatedFromDate": "2023-08-16"}, {"date": "2019-03-29", "symbol": "ATAD.L", "eps": 107.61, "epsEstimated": null, "time": "bmo", "revenue": 235377000000, "revenueEstimated": null, "fiscalDateEnding": "2018-12-30", "updatedFromDate": "2023-08-16"}, {"date": "2019-03-29", "symbol": "MEAUF", "eps": null, "epsEstimated": null, "time": "bmo", "revenue": null, "revenueEstimated": null, "fiscalDateEnding": "2018-12-31", "updatedFromDate": "2023-08-16"}, {"date": "2019-03-29", "symbol": "GGRM.JK", "eps": 1056, "epsEstimated": 1177.05, "time": "bmo", "revenue": 25818313000000, "revenueEstimated": null, "fiscalDateEnding": "2018-12-30", "updatedFromDate": "2023-08-16"}, {"date": "2019-03-29", "symbol": "NBEVQ", "eps": -0.18, "epsEstimated": -0.026, "time": "amc", "revenue": null, "revenueEstimated": null, "fiscalDateEnding": "2018-12-31", "updatedFromDate": "2023-08-16"}, {"date": "2019-03-29", "symbol": "KAR.ST", "eps": -0.1668, "epsEstimated": null, "time": "bmo", "revenue": 178817000, "revenueEstimated": null, "fiscalDateEnding": "2018-12-30", "updatedFromDate": "2023-08-16"}, {"date": "2019-03-29", "symbol": "TRUHF", "eps": null, "epsEstimated": null, "time": "bmo", "revenue": null, "revenueEstimated": null, "fiscalDateEnding": "2018-12-31", "updatedFromDate": "2023-08-16"}, {"date": "2019-03-29", "symbol": "BRAP4.SA", "eps": 4.71, "epsEstimated": null, "time": "bmo", "revenue": 2058153000, "revenueEstimated": null, "fiscalDateEnding": "2018-12-30", "updatedFromDate": "2023-08-16"}, {"date": "2019-03-29", "symbol": "0732.HK", "eps": 0.04622, "epsEstimated": null, "time": "bmo", "revenue": 5633124750, "revenueEstimated": null, "fiscalDateEnding": "2018-12-29", "updatedFromDate": "2023-08-16"}, {"date": "2019-03-29", "symbol": "1585.HK", "eps": 0.04401, "epsEstimated": null, "time": "bmo", "revenue": 2992059500, "revenueEstimated": null, "fiscalDateEnding": "2018-12-29", "updatedFromDate": "2023-08-16"}, {"date": "2019-03-29", "symbol": "1515.TW", "eps": 1.35, "epsEstimated": 1.44, "time": "bmo", "revenue": 2655355000, "revenueEstimated": null, "fiscalDateEnding": "2018-12-30", "updatedFromDate": "2023-08-16"}, {"date": "2019-03-29", "symbol": "000800.SZ", "eps": 0.01, "epsEstimated": 0.00313, "time": "bmo", "revenue": 6492121019.03, "revenueEstimated": null, "fiscalDateEnding": "2018-12-30", "updatedFromDate": "2023-08-16"}, {"date": "2019-03-29", "symbol": "601390.SS", "eps": 0.16, "epsEstimated": 0.26, "time": "bmo", "revenue": 244106916000, "revenueEstimated": null, "fiscalDateEnding": "2018-12-30", "updatedFromDate": "2023-08-16"}, {"date": "2019-03-29", "symbol": "TATN.ME", "eps": 16.75, "epsEstimated": 20.89, "time": "bmo", "revenue": 227326000000, "revenueEstimated": null, "fiscalDateEnding": "2018-12-29", "updatedFromDate": "2023-08-16"}, {"date": "2019-03-29", "symbol": "SCMA.JK", "eps": 4.04, "epsEstimated": null, "time": "bmo", "revenue": 1206016606000, "revenueEstimated": null, "fiscalDateEnding": "2018-12-30", "updatedFromDate": "2023-08-16"}, {"date": "2019-03-29", "symbol": "603786.SS", "eps": 0.4369, "epsEstimated": null, "time": "bmo", "revenue": 794379196.99, "revenueEstimated": null, "fiscalDateEnding": "2018-12-30", "updatedFromDate": "2023-08-16"}, {"date": "2019-03-29", "symbol": "HBOR3.SA", "eps": -0.5, "epsEstimated": -1.05, "time": "bmo", "revenue": null, "revenueEstimated": null, "fiscalDateEnding": "2018-12-31", "updatedFromDate": "2023-08-16"}, {"date": "2019-03-29", "symbol": "TASA4.SA", "eps": -0.17883, "epsEstimated": null, "time": "bmo", "revenue": 221752000, "revenueEstimated": null, "fiscalDateEnding": "2018-12-30", "updatedFromDate": "2023-08-16"}, {"date": "2019-03-29", "symbol": "MRV.TO", "eps": -0.41, "epsEstimated": -0.87, "time": "bmo", "revenue": null, "revenueEstimated": null, "fiscalDateEnding": "2018-12-31", "updatedFromDate": "2023-08-16"}, {"date": "2019-03-29", "symbol": "600029.SS", "eps": -0.12, "epsEstimated": -0.13, "time": "bmo", "revenue": 34734000000, "revenueEstimated": null, "fiscalDateEnding": "2018-12-31", "updatedFromDate": "2023-08-17"}]}