{"result": [{"date": "2020-10-18", "symbol": "4012.SR", "eps": 0.148, "epsEstimated": null, "time": "bmo", "revenue": 78517751, "revenueEstimated": null, "fiscalDateEnding": "2020-09-30", "updatedFromDate": "2023-05-17"}, {"date": "2020-10-18", "symbol": "HDB", "eps": 0.55, "epsEstimated": 0.52, "time": "bmo", "revenue": 234052900000, "revenueEstimated": 222593550000, "fiscalDateEnding": "2020-09-30", "updatedFromDate": "2023-09-29"}, {"date": "2020-10-18", "symbol": "2360.SR", "eps": 0.06036, "epsEstimated": null, "time": "bmo", "revenue": 28086177, "revenueEstimated": null, "fiscalDateEnding": "2020-09-29", "updatedFromDate": "2023-05-17"}, {"date": "2020-10-18", "symbol": "603005.SS", "eps": 0.18, "epsEstimated": null, "time": "bmo", "revenue": 309226662.28, "revenueEstimated": null, "fiscalDateEnding": "2020-09-29", "updatedFromDate": "2023-05-17"}, {"date": "2020-10-18", "symbol": "600988.SS", "eps": 0.17, "epsEstimated": null, "time": "bmo", "revenue": 1072116273.56, "revenueEstimated": null, "fiscalDateEnding": "2020-07-18", "updatedFromDate": "2023-05-17"}, {"date": "2020-10-18", "symbol": "2290.SR", "eps": 0.35, "epsEstimated": 0.3, "time": "amc", "revenue": 1440728000, "revenueEstimated": null, "fiscalDateEnding": "2020-09-29", "updatedFromDate": "2023-05-17"}, {"date": "2020-10-18", "symbol": "RYLPF", "eps": 0.6, "epsEstimated": 0.45, "time": "bmo", "revenue": null, "revenueEstimated": null, "fiscalDateEnding": "2020-09-30", "updatedFromDate": "2023-05-17"}, {"date": "2020-10-18", "symbol": "IVSBF", "eps": null, "epsEstimated": null, "time": "bmo", "revenue": null, "revenueEstimated": null, "fiscalDateEnding": "2020-09-30", "updatedFromDate": "2023-05-17"}, {"date": "2020-10-18", "symbol": "SAABF", "eps": 5.43, "epsEstimated": 4.05, "time": "bmo", "revenue": null, "revenueEstimated": null, "fiscalDateEnding": "2020-09-30", "updatedFromDate": "2023-05-17"}, {"date": "2020-10-18", "symbol": "AMI.AX", "eps": null, "epsEstimated": null, "time": "bmo", "revenue": 82954750, "revenueEstimated": null, "fiscalDateEnding": "2020-07-18", "updatedFromDate": "2023-10-17"}, {"date": "2020-10-18", "symbol": "MBRFF", "eps": null, "epsEstimated": null, "time": "bmo", "revenue": null, "revenueEstimated": null, "fiscalDateEnding": "2020-09-30", "updatedFromDate": "2023-05-17"}, {"date": "2020-10-19", "symbol": "SWDBF", "eps": 4.68, "epsEstimated": 3.72, "time": "bmo", "revenue": null, "revenueEstimated": null, "fiscalDateEnding": "2020-09-30", "updatedFromDate": "2023-05-17"}, {"date": "2020-10-19", "symbol": "094280.KS", "eps": 276, "epsEstimated": null, "time": "bmo", "revenue": 149072259710, "revenueEstimated": null, "fiscalDateEnding": "2020-12-30", "updatedFromDate": "2023-05-17"}, {"date": "2020-10-19", "symbol": "HMNF", "eps": 0.67, "epsEstimated": null, "time": "amc", "revenue": 11689000, "revenueEstimated": null, "fiscalDateEnding": "2020-09-29", "updatedFromDate": "2023-09-29"}, {"date": "2020-10-19", "symbol": "FDE.PA", "eps": null, "epsEstimated": null, "time": "bmo", "revenue": null, "revenueEstimated": null, "fiscalDateEnding": "2020-09-30", "updatedFromDate": "2023-07-04"}, {"date": "2020-10-19", "symbol": "TFIN", "eps": 0.91, "epsEstimated": 0.49, "time": "amc", "revenue": 84872000, "revenueEstimated": 57873177, "fiscalDateEnding": "2020-09-29", "updatedFromDate": "2023-09-29"}, {"date": "2020-10-19", "symbol": "000902.SZ", "eps": 0.23, "epsEstimated": null, "time": "bmo", "revenue": 2863375773.1, "revenueEstimated": null, "fiscalDateEnding": "2020-09-29", "updatedFromDate": "2023-05-17"}, {"date": "2020-10-19", "symbol": "006360.KS", "eps": 1133, "epsEstimated": 1415.05, "time": "bmo", "revenue": 2316771147100, "revenueEstimated": null, "fiscalDateEnding": "2020-09-29", "updatedFromDate": "2023-05-17"}, {"date": "2020-10-19", "symbol": "300623.SZ", "eps": 0.11, "epsEstimated": null, "time": "bmo", "revenue": null, "revenueEstimated": null, "fiscalDateEnding": "2020-09-30", "updatedFromDate": "2023-05-17"}, {"date": "2020-10-19", "symbol": "600732.SS", "eps": 0.11, "epsEstimated": null, "time": "bmo", "revenue": 2561434335.63, "revenueEstimated": null, "fiscalDateEnding": "2020-09-29", "updatedFromDate": "2023-05-17"}, {"date": "2020-10-19", "symbol": "603298.SS", "eps": 0.25, "epsEstimated": null, "time": "bmo", "revenue": 3085109752.52, "revenueEstimated": null, "fiscalDateEnding": "2020-09-29", "updatedFromDate": "2023-05-17"}, {"date": "2020-10-19", "symbol": "600330.SS", "eps": 0.12, "epsEstimated": null, "time": "bmo", "revenue": 817778834.27, "revenueEstimated": null, "fiscalDateEnding": "2020-09-29", "updatedFromDate": "2023-05-17"}, {"date": "2020-10-19", "symbol": "600985.SS", "eps": 0.49, "epsEstimated": null, "time": "bmo", "revenue": 13064577544.27, "revenueEstimated": null, "fiscalDateEnding": "2020-09-29", "updatedFromDate": "2023-05-17"}, {"date": "2020-10-19", "symbol": "PHG", "eps": 0.7, "epsEstimated": null, "time": "bmo", "revenue": 4980000000, "revenueEstimated": null, "fiscalDateEnding": "2020-09-30", "updatedFromDate": "2023-09-29"}, {"date": "2020-10-19", "symbol": "ONB", "eps": 0.47, "epsEstimated": 0.33, "time": "bmo", "revenue": 210332000, "revenueEstimated": 12715531.914893618, "fiscalDateEnding": "2020-09-29", "updatedFromDate": "2023-09-29"}, {"date": "2020-10-19", "symbol": "TLTZF", "eps": 1.7, "epsEstimated": 1.52, "time": "bmo", "revenue": null, "revenueEstimated": null, "fiscalDateEnding": "2020-09-30", "updatedFromDate": "2023-05-17"}, {"date": "2020-10-19", "symbol": "688357.SS", "eps": 0.74, "epsEstimated": null, "time": "bmo", "revenue": 137512216.27, "revenueEstimated": null, "fiscalDateEnding": "2020-09-29", "updatedFromDate": "2023-05-17"}, {"date": "2020-10-19", "symbol": "603239.SS", "eps": 0.07, "epsEstimated": null, "time": "bmo", "revenue": 147150246.03, "revenueEstimated": null, "fiscalDateEnding": "2020-09-29", "updatedFromDate": "2023-05-17"}, {"date": "2020-10-19", "symbol": "ARNA.JK", "eps": 13.74, "epsEstimated": null, "time": "bmo", "revenue": 616914521988, "revenueEstimated": null, "fiscalDateEnding": "2020-09-29", "updatedFromDate": "2023-05-17"}, {"date": "2020-10-19", "symbol": "3311.HK", "eps": null, "epsEstimated": null, "time": "bmo", "revenue": null, "revenueEstimated": null, "fiscalDateEnding": "2020-07-19", "updatedFromDate": "2023-05-17"}, {"date": "2020-10-19", "symbol": "CPSS", "eps": 0.16, "epsEstimated": 0.3, "time": "bmo", "revenue": 45768000, "revenueEstimated": 132504375, "fiscalDateEnding": "2020-09-29", "updatedFromDate": "2023-09-29"}, {"date": "2020-10-19", "symbol": "300101.SZ", "eps": 0.07, "epsEstimated": null, "time": "bmo", "revenue": null, "revenueEstimated": null, "fiscalDateEnding": "2020-09-30", "updatedFromDate": "2023-05-31"}, {"date": "2020-10-19", "symbol": "000521.SZ", "eps": 0.08, "epsEstimated": null, "time": "bmo", "revenue": 4560882229.12, "revenueEstimated": null, "fiscalDateEnding": "2020-09-29", "updatedFromDate": "2023-05-17"}, {"date": "2020-10-19", "symbol": "PHIA.AS", "eps": 0.6, "epsEstimated": 0.45, "time": "bmo", "revenue": 4980000000, "revenueEstimated": null, "fiscalDateEnding": "2020-09-29", "updatedFromDate": "2023-05-17"}, {"date": "2020-10-19", "symbol": "603359.SS", "eps": 0.23, "epsEstimated": null, "time": "bmo", "revenue": 547181699.2, "revenueEstimated": null, "fiscalDateEnding": "2020-09-29", "updatedFromDate": "2023-05-17"}, {"date": "2020-10-19", "symbol": "ALMET.PA", "eps": null, "epsEstimated": null, "time": "bmo", "revenue": null, "revenueEstimated": null, "fiscalDateEnding": "2020-07-19", "updatedFromDate": "2023-05-17"}, {"date": "2020-10-19", "symbol": "EC", "eps": 0.11, "epsEstimated": 0.17, "time": "bmo", "revenue": 12323000000000, "revenueEstimated": 56464727.27272727, "fiscalDateEnding": "2020-09-30", "updatedFromDate": "2023-09-29"}, {"date": "2020-10-19", "symbol": "002139.SZ", "eps": 0.15, "epsEstimated": null, "time": "bmo", "revenue": 1599688059.7, "revenueEstimated": null, "fiscalDateEnding": "2020-09-29", "updatedFromDate": "2023-05-17"}, {"date": "2020-10-19", "symbol": "042700.KS", "eps": 185, "epsEstimated": null, "time": "bmo", "revenue": 77902632500, "revenueEstimated": null, "fiscalDateEnding": "2020-09-29", "updatedFromDate": "2023-05-17"}, {"date": "2020-10-19", "symbol": "CDNS", "eps": 0.7, "epsEstimated": 0.61, "time": "amc", "revenue": 666607000, "revenueEstimated": 549286700, "fiscalDateEnding": "2020-09-25", "updatedFromDate": "2023-09-29"}, {"date": "2020-10-19", "symbol": "603613.SS", "eps": 0.15, "epsEstimated": null, "time": "bmo", "revenue": 4224092341.24, "revenueEstimated": null, "fiscalDateEnding": "2020-09-29", "updatedFromDate": "2023-05-17"}, {"date": "2020-10-19", "symbol": "603128.SS", "eps": 0.1, "epsEstimated": null, "time": "bmo", "revenue": 3327332452.15, "revenueEstimated": null, "fiscalDateEnding": "2020-09-29", "updatedFromDate": "2023-05-17"}, {"date": "2020-10-19", "symbol": "EFSC", "eps": 0.73, "epsEstimated": 0.91, "time": "amc", "revenue": 75983000, "revenueEstimated": 85714235.29411766, "fiscalDateEnding": "2020-09-29", "updatedFromDate": "2023-09-29"}, {"date": "2020-10-19", "symbol": "CHWRF", "eps": null, "epsEstimated": null, "time": "bmo", "revenue": null, "revenueEstimated": null, "fiscalDateEnding": "2020-09-30", "updatedFromDate": "2023-05-17"}, {"date": "2020-10-19", "symbol": "MKEAF", "eps": null, "epsEstimated": null, "time": "bmo", "revenue": null, "revenueEstimated": null, "fiscalDateEnding": "2020-09-30", "updatedFromDate": "2023-05-17"}, {"date": "2020-10-19", "symbol": "IBM", "eps": 2.58, "epsEstimated": 2.55, "time": "amc", "revenue": 17561000000, "revenueEstimated": 17559000000, "fiscalDateEnding": "2020-09-29", "updatedFromDate": "2023-09-29"}, {"date": "2020-10-19", "symbol": "WASH", "eps": 1.06, "epsEstimated": 1.04, "time": "amc", "revenue": 57122000, "revenueEstimated": 40063547.16981132, "fiscalDateEnding": "2020-09-29", "updatedFromDate": "2023-09-29"}, {"date": "2020-10-19", "symbol": "HUSQF", "eps": 1.14, "epsEstimated": 1.08, "time": "bmo", "revenue": null, "revenueEstimated": 3154736.842105264, "fiscalDateEnding": "2020-09-30", "updatedFromDate": "2023-05-17"}, {"date": "2020-10-19", "symbol": "HXL", "eps": -0.29, "epsEstimated": 0.07, "time": "amc", "revenue": 286900000, "revenueEstimated": 69251724.13793105, "fiscalDateEnding": "2020-09-29", "updatedFromDate": "2023-09-29"}, {"date": "2020-10-19", "symbol": "IDXG", "eps": -1.35, "epsEstimated": -1.48, "time": "bmo", "revenue": 8248000, "revenueEstimated": 5925441.176470588, "fiscalDateEnding": "2020-09-29", "updatedFromDate": "2023-09-29"}, {"date": "2020-10-19", "symbol": "002641.SZ", "eps": 0.23, "epsEstimated": null, "time": "bmo", "revenue": 1951883877.32, "revenueEstimated": null, "fiscalDateEnding": "2020-09-29", "updatedFromDate": "2023-05-17"}, {"date": "2020-10-19", "symbol": "RBGLY", "eps": null, "epsEstimated": null, "time": "bmo", "revenue": null, "revenueEstimated": null, "fiscalDateEnding": "2020-07-19", "updatedFromDate": "2023-05-17"}, {"date": "2020-10-19", "symbol": "SMTEF", "eps": -0.85, "epsEstimated": -1.4, "time": "bmo", "revenue": null, "revenueEstimated": null, "fiscalDateEnding": "2020-09-30", "updatedFromDate": "2023-08-16"}, {"date": "2020-10-19", "symbol": "YRAIF", "eps": 0.88, "epsEstimated": 0.82, "time": "bmo", "revenue": null, "revenueEstimated": null, "fiscalDateEnding": "2020-09-30", "updatedFromDate": "2023-05-17"}, {"date": "2020-10-19", "symbol": "SFBS", "eps": 0.8, "epsEstimated": 0.71, "time": "amc", "revenue": 93254000, "revenueEstimated": 85297625, "fiscalDateEnding": "2020-09-29", "updatedFromDate": "2023-09-29"}, {"date": "2020-10-19", "symbol": "300715.SZ", "eps": 0.27, "epsEstimated": null, "time": "bmo", "revenue": null, "revenueEstimated": null, "fiscalDateEnding": "2020-09-30", "updatedFromDate": "2023-05-17"}, {"date": "2020-10-19", "symbol": "600206.SS", "eps": 0.1, "epsEstimated": null, "time": "bmo", "revenue": 3640025522.46, "revenueEstimated": null, "fiscalDateEnding": "2020-09-29", "updatedFromDate": "2023-05-17"}, {"date": "2020-10-19", "symbol": "GNTY", "eps": 0.84, "epsEstimated": 0.57, "time": "bmo", "revenue": 28942000, "revenueEstimated": 17089434.782608695, "fiscalDateEnding": "2020-09-29", "updatedFromDate": "2023-09-29"}, {"date": "2020-10-19", "symbol": "QRS.WA", "eps": 0.04943, "epsEstimated": null, "time": "bmo", "revenue": 13165000, "revenueEstimated": null, "fiscalDateEnding": "2020-09-29", "updatedFromDate": "2023-05-17"}, {"date": "2020-10-19", "symbol": "002434.SZ", "eps": 0.18, "epsEstimated": null, "time": "bmo", "revenue": 1586643692.9, "revenueEstimated": null, "fiscalDateEnding": "2020-09-29", "updatedFromDate": "2023-05-17"}, {"date": "2020-10-19", "symbol": "SDMHF", "eps": 1.2, "epsEstimated": 0.95, "time": "bmo", "revenue": null, "revenueEstimated": null, "fiscalDateEnding": "2020-09-30", "updatedFromDate": "2023-05-17"}, {"date": "2020-10-19", "symbol": "002832.SZ", "eps": 0.36, "epsEstimated": null, "time": "bmo", "revenue": 610306613.33, "revenueEstimated": null, "fiscalDateEnding": "2020-09-29", "updatedFromDate": "2023-05-17"}, {"date": "2020-10-19", "symbol": "AMNF", "eps": 0.02, "epsEstimated": null, "time": "bmo", "revenue": 8321414, "revenueEstimated": null, "fiscalDateEnding": "2020-09-30", "updatedFromDate": "2023-09-29"}, {"date": "2020-10-19", "symbol": "SAAB-B.ST", "eps": 5.43, "epsEstimated": 4.05, "time": "bmo", "revenue": 6064000000, "revenueEstimated": null, "fiscalDateEnding": "2020-09-29", "updatedFromDate": "2023-05-17"}, {"date": "2020-10-19", "symbol": "SUVPF", "eps": 1.27, "epsEstimated": 1.13, "time": "bmo", "revenue": null, "revenueEstimated": 11390908.944881888, "fiscalDateEnding": "2020-09-30", "updatedFromDate": "2023-05-17"}, {"date": "2020-10-19", "symbol": "603008.SS", "eps": 0.35, "epsEstimated": null, "time": "bmo", "revenue": 1477014351.61, "revenueEstimated": null, "fiscalDateEnding": "2020-09-29", "updatedFromDate": "2023-05-17"}, {"date": "2020-10-19", "symbol": "RBGPF", "eps": null, "epsEstimated": null, "time": "bmo", "revenue": null, "revenueEstimated": null, "fiscalDateEnding": "2020-09-30", "updatedFromDate": "2023-05-17"}, {"date": "2020-10-19", "symbol": "MKEA.PA", "eps": null, "epsEstimated": null, "time": "bmo", "revenue": null, "revenueEstimated": null, "fiscalDateEnding": "2020-09-30", "updatedFromDate": "2023-05-17"}, {"date": "2020-10-19", "symbol": "LII", "eps": 3.53, "epsEstimated": 3.15, "time": "bmo", "revenue": 1055000000, "revenueEstimated": 941430594.9008498, "fiscalDateEnding": "2020-09-29", "updatedFromDate": "2023-09-29"}, {"date": "2020-10-19", "symbol": "LOGI", "eps": 1.87, "epsEstimated": 0.57, "time": "amc", "revenue": 1257158000, "revenueEstimated": 383197893.0481282, "fiscalDateEnding": "2020-09-29", "updatedFromDate": "2023-09-29"}, {"date": "2020-10-19", "symbol": "BXS", "eps": 0.69, "epsEstimated": 0.54, "time": "amc", "revenue": 265855000, "revenueEstimated": 192006388, "fiscalDateEnding": "2020-09-29", "updatedFromDate": "2023-05-17"}, {"date": "2020-10-19", "symbol": "M44U.SI", "eps": 0.02, "epsEstimated": 0.025, "time": "bmo", "revenue": 159490000, "revenueEstimated": null, "fiscalDateEnding": "2020-07-19", "updatedFromDate": "2023-10-16"}, {"date": "2020-10-19", "symbol": "600475.SS", "eps": 0.1, "epsEstimated": null, "time": "bmo", "revenue": 1730365035.28, "revenueEstimated": null, "fiscalDateEnding": "2020-09-29", "updatedFromDate": "2023-05-17"}, {"date": "2020-10-19", "symbol": "GJNSF", "eps": 3.1, "epsEstimated": 2.79, "time": "bmo", "revenue": null, "revenueEstimated": 1160640000, "fiscalDateEnding": "2020-09-30", "updatedFromDate": "2023-05-17"}, {"date": "2020-10-19", "symbol": "8617.T", "eps": -9.91, "epsEstimated": null, "time": "bmo", "revenue": 96000000, "revenueEstimated": null, "fiscalDateEnding": "2020-07-19", "updatedFromDate": "2023-10-17"}, {"date": "2020-10-19", "symbol": "PPG", "eps": 1.93, "epsEstimated": 1.92, "time": "amc", "revenue": 3757000000, "revenueEstimated": 3665906735.751295, "fiscalDateEnding": "2020-07-19", "updatedFromDate": "2023-10-10"}, {"date": "2020-10-19", "symbol": "PEBK", "eps": 0.78, "epsEstimated": null, "time": "bmo", "revenue": 16580000, "revenueEstimated": null, "fiscalDateEnding": "2020-09-29", "updatedFromDate": "2023-09-29"}, {"date": "2020-10-19", "symbol": "ADC", "eps": 0.39, "epsEstimated": 0.42, "time": "amc", "revenue": 63810000, "revenueEstimated": 68717384.61538461, "fiscalDateEnding": "2020-09-29", "updatedFromDate": "2023-09-29"}, {"date": "2020-10-19", "symbol": "PFBC", "eps": 1.15, "epsEstimated": 1.05, "time": "amc", "revenue": 45721000, "revenueEstimated": 2296286.086956522, "fiscalDateEnding": "2020-09-30", "updatedFromDate": "2023-09-29"}, {"date": "2020-10-19", "symbol": "603131.SS", "eps": 0.07, "epsEstimated": null, "time": "bmo", "revenue": 261889786.5, "revenueEstimated": null, "fiscalDateEnding": "2020-09-29", "updatedFromDate": "2023-05-17"}, {"date": "2020-10-19", "symbol": "ELS", "eps": 0.31, "epsEstimated": 0.28, "time": "amc", "revenue": 281757000, "revenueEstimated": 257406709.67741936, "fiscalDateEnding": "2020-09-29", "updatedFromDate": "2023-09-29"}, {"date": "2020-10-19", "symbol": "601899.SS", "eps": 0.09, "epsEstimated": 0.06, "time": "bmo", "revenue": 41067827636, "revenueEstimated": null, "fiscalDateEnding": "2020-07-19", "updatedFromDate": "2023-05-17"}, {"date": "2020-10-19", "symbol": "KHNGF", "eps": 2.22, "epsEstimated": 1.59, "time": "bmo", "revenue": null, "revenueEstimated": null, "fiscalDateEnding": "2020-09-30", "updatedFromDate": "2023-05-17"}, {"date": "2020-10-19", "symbol": "002068.SZ", "eps": 0.1, "epsEstimated": null, "time": "bmo", "revenue": 1386799542.41, "revenueEstimated": null, "fiscalDateEnding": "2020-09-29", "updatedFromDate": "2023-05-17"}, {"date": "2020-10-19", "symbol": "KACPF", "eps": 3.65, "epsEstimated": null, "time": "bmo", "revenue": null, "revenueEstimated": null, "fiscalDateEnding": "2021-03-31", "updatedFromDate": "2023-05-17"}, {"date": "2020-10-19", "symbol": "002010.SZ", "eps": 0.06, "epsEstimated": null, "time": "bmo", "revenue": 5771453052.79, "revenueEstimated": null, "fiscalDateEnding": "2020-09-29", "updatedFromDate": "2023-08-16"}, {"date": "2020-10-19", "symbol": "SFNC", "eps": 0.6, "epsEstimated": 0.4, "time": "bmo", "revenue": 225461000, "revenueEstimated": 119816666.66666669, "fiscalDateEnding": "2020-09-29", "updatedFromDate": "2023-09-29"}, {"date": "2020-10-19", "symbol": "CHMG", "eps": 1.19, "epsEstimated": 0.67, "time": "bmo", "revenue": 20907000, "revenueEstimated": 17376990.75, "fiscalDateEnding": "2020-09-29", "updatedFromDate": "2023-09-29"}, {"date": "2020-10-19", "symbol": "MBR.WA", "eps": 7.34, "epsEstimated": null, "time": "bmo", "revenue": 55873889, "revenueEstimated": null, "fiscalDateEnding": "2020-07-19", "updatedFromDate": "2023-05-17"}, {"date": "2020-10-19", "symbol": "LOGN.SW", "eps": 1.87, "epsEstimated": 0.57, "time": "bmo", "revenue": 1312058000, "revenueEstimated": null, "fiscalDateEnding": "2020-07-19", "updatedFromDate": "2023-10-17"}, {"date": "2020-10-19", "symbol": "OROXF", "eps": null, "epsEstimated": null, "time": "bmo", "revenue": null, "revenueEstimated": null, "fiscalDateEnding": "2020-12-31", "updatedFromDate": "2023-09-29"}, {"date": "2020-10-19", "symbol": "4200.SR", "eps": 0.49, "epsEstimated": null, "time": "bmo", "revenue": 1300259436, "revenueEstimated": null, "fiscalDateEnding": "2020-09-30", "updatedFromDate": "2023-05-17"}, {"date": "2020-10-19", "symbol": "001914.SZ", "eps": 0.14, "epsEstimated": 0.13, "time": "bmo", "revenue": 2106001371.43, "revenueEstimated": null, "fiscalDateEnding": "2020-09-29", "updatedFromDate": "2023-05-17"}, {"date": "2020-10-19", "symbol": "0788.HK", "eps": null, "epsEstimated": null, "time": "bmo", "revenue": null, "revenueEstimated": null, "fiscalDateEnding": "2020-07-19", "updatedFromDate": "2023-05-17"}, {"date": "2020-10-19", "symbol": "KCDMF", "eps": 0.44, "epsEstimated": 0.4, "time": "bmo", "revenue": null, "revenueEstimated": 1264511818.1818182, "fiscalDateEnding": "2020-07-19", "updatedFromDate": "2023-05-17"}, {"date": "2020-10-19", "symbol": "600521.SS", "eps": 0.18, "epsEstimated": 0.18, "time": "bmo", "revenue": 1565085345.59, "revenueEstimated": null, "fiscalDateEnding": "2020-09-29", "updatedFromDate": "2023-08-16"}, {"date": "2020-10-19", "symbol": "688396.SS", "eps": 0.25, "epsEstimated": 0.08, "time": "bmo", "revenue": 1825633161.8, "revenueEstimated": null, "fiscalDateEnding": "2020-09-29", "updatedFromDate": "2023-05-17"}, {"date": "2020-10-19", "symbol": "300587.SZ", "eps": 0.06, "epsEstimated": null, "time": "bmo", "revenue": null, "revenueEstimated": null, "fiscalDateEnding": "2020-09-30", "updatedFromDate": "2023-05-17"}, {"date": "2020-10-19", "symbol": "HNI", "eps": 0.71, "epsEstimated": 0.46, "time": "bmo", "revenue": 507063000, "revenueEstimated": 902652169.0140846, "fiscalDateEnding": "2020-09-25", "updatedFromDate": "2023-09-29"}, {"date": "2020-10-19", "symbol": "002429.SZ", "eps": 0.11, "epsEstimated": null, "time": "bmo", "revenue": 6556187603.1, "revenueEstimated": null, "fiscalDateEnding": "2020-09-29", "updatedFromDate": "2023-05-17"}, {"date": "2020-10-19", "symbol": "ZION", "eps": 1.01, "epsEstimated": 0.88, "time": "amc", "revenue": 712000000, "revenueEstimated": 606818181, "fiscalDateEnding": "2020-09-29", "updatedFromDate": "2023-09-29"}, {"date": "2020-10-19", "symbol": "001979.SZ", "eps": 0.14, "epsEstimated": 0.45, "time": "bmo", "revenue": 25798181520.96, "revenueEstimated": null, "fiscalDateEnding": "2020-09-29", "updatedFromDate": "2023-05-17"}, {"date": "2020-10-19", "symbol": "SEOJF", "eps": 0.14, "epsEstimated": 0.11, "time": "bmo", "revenue": null, "revenueEstimated": null, "fiscalDateEnding": "2020-09-30", "updatedFromDate": "2023-05-17"}, {"date": "2020-10-19", "symbol": "AZA.ST", "eps": 2.12, "epsEstimated": 1.8, "time": "bmo", "revenue": 574000000, "revenueEstimated": null, "fiscalDateEnding": "2020-09-29", "updatedFromDate": "2023-05-17"}, {"date": "2020-10-19", "symbol": "BOMXF", "eps": 0.6, "epsEstimated": 0.61, "time": "bmo", "revenue": null, "revenueEstimated": 1315014.6166666667, "fiscalDateEnding": "2020-09-30", "updatedFromDate": "2023-05-17"}, {"date": "2020-10-19", "symbol": "002152.SZ", "eps": 0.07, "epsEstimated": null, "time": "bmo", "revenue": 1444615872.5, "revenueEstimated": null, "fiscalDateEnding": "2020-09-29", "updatedFromDate": "2023-05-17"}, {"date": "2020-10-19", "symbol": "STLD", "eps": 0.51, "epsEstimated": 0.47, "time": "amc", "revenue": 2330832000, "revenueEstimated": 2148021647.0588236, "fiscalDateEnding": "2020-09-29", "updatedFromDate": "2023-09-29"}, {"date": "2020-10-19", "symbol": "603590.SS", "eps": 0.24, "epsEstimated": null, "time": "bmo", "revenue": 202021985.97, "revenueEstimated": null, "fiscalDateEnding": "2020-09-29", "updatedFromDate": "2023-05-17"}, {"date": "2020-10-19", "symbol": "INVE-B.ST", "eps": 8.87, "epsEstimated": null, "time": "bmo", "revenue": 35489000000, "revenueEstimated": null, "fiscalDateEnding": "2020-09-29", "updatedFromDate": "2023-05-17"}, {"date": "2020-10-19", "symbol": "KHNGY", "eps": 0.48, "epsEstimated": null, "time": "bmo", "revenue": 5031000000, "revenueEstimated": null, "fiscalDateEnding": "2020-09-30", "updatedFromDate": "2023-09-29"}, {"date": "2020-10-19", "symbol": "601689.SS", "eps": 0.17, "epsEstimated": null, "time": "bmo", "revenue": 1756645009.48, "revenueEstimated": null, "fiscalDateEnding": "2020-09-29", "updatedFromDate": "2023-08-16"}, {"date": "2020-10-19", "symbol": "GRPBF", "eps": 0.18, "epsEstimated": 0.17, "time": "bmo", "revenue": null, "revenueEstimated": 4712777.777777778, "fiscalDateEnding": "2020-09-30", "updatedFromDate": "2023-08-16"}, {"date": "2020-10-19", "symbol": "MAPGF", "eps": 0.02, "epsEstimated": 0.025, "time": "bmo", "revenue": 131858000, "revenueEstimated": 76300000, "fiscalDateEnding": "2020-09-30", "updatedFromDate": "2023-11-28"}, {"date": "2020-10-19", "symbol": "002466.SZ", "eps": -0.28, "epsEstimated": null, "time": "bmo", "revenue": 547943379.82, "revenueEstimated": null, "fiscalDateEnding": "2020-09-29", "updatedFromDate": "2023-08-16"}, {"date": "2020-10-19", "symbol": "TBK", "eps": 0.89, "epsEstimated": 0.49, "time": "amc", "revenue": 84872000, "revenueEstimated": 57873177, "fiscalDateEnding": "2020-09-29", "updatedFromDate": "2023-08-16"}, {"date": "2020-10-19", "symbol": "002714.SZ", "eps": 1.96, "epsEstimated": 1.84, "time": "bmo", "revenue": 18131698952.87, "revenueEstimated": null, "fiscalDateEnding": "2020-09-29", "updatedFromDate": "2023-08-16"}, {"date": "2020-10-19", "symbol": "600529.SS", "eps": 0.26, "epsEstimated": null, "time": "bmo", "revenue": 776055900.39, "revenueEstimated": null, "fiscalDateEnding": "2020-09-29", "updatedFromDate": "2023-08-16"}, {"date": "2020-10-19", "symbol": "600276.SS", "eps": 0.25, "epsEstimated": 0.28, "time": "bmo", "revenue": 8104243144.73, "revenueEstimated": null, "fiscalDateEnding": "2020-09-29", "updatedFromDate": "2023-08-16"}, {"date": "2020-10-19", "symbol": "NIL-B.ST", "eps": 1.26, "epsEstimated": 0.61, "time": "bmo", "revenue": 147048000, "revenueEstimated": null, "fiscalDateEnding": "2020-09-29", "updatedFromDate": "2023-08-16"}, {"date": "2020-10-19", "symbol": "002299.SZ", "eps": 0.38, "epsEstimated": 0.89, "time": "bmo", "revenue": 3450018000.99, "revenueEstimated": null, "fiscalDateEnding": "2020-09-29", "updatedFromDate": "2023-08-16"}, {"date": "2020-10-19", "symbol": "BOLSAA.MX", "eps": 0.6, "epsEstimated": 0.61, "time": "bmo", "revenue": null, "revenueEstimated": null, "fiscalDateEnding": "2020-09-30", "updatedFromDate": "2023-08-16"}, {"date": "2020-10-19", "symbol": "603305.SS", "eps": 0.15, "epsEstimated": null, "time": "bmo", "revenue": 440533651.14, "revenueEstimated": null, "fiscalDateEnding": "2020-09-29", "updatedFromDate": "2023-08-16"}, {"date": "2020-10-19", "symbol": "195870.KS", "eps": 494, "epsEstimated": 607, "time": "bmo", "revenue": 118996496850, "revenueEstimated": null, "fiscalDateEnding": "2020-09-29", "updatedFromDate": "2023-08-16"}, {"date": "2020-10-19", "symbol": "NLLGF", "eps": 1.26, "epsEstimated": 0.61, "time": "bmo", "revenue": null, "revenueEstimated": 114786507.93650793, "fiscalDateEnding": "2020-09-30", "updatedFromDate": "2023-08-16"}, {"date": "2020-10-19", "symbol": "603218.SS", "eps": 0.36, "epsEstimated": null, "time": "bmo", "revenue": 1498624219.75, "revenueEstimated": null, "fiscalDateEnding": "2020-09-29", "updatedFromDate": "2023-08-16"}, {"date": "2020-10-19", "symbol": "KKP.BK", "eps": 1.59, "epsEstimated": 1.14, "time": "bmo", "revenue": 4947185000, "revenueEstimated": null, "fiscalDateEnding": "2020-09-29", "updatedFromDate": "2023-08-16"}, {"date": "2020-10-19", "symbol": "KIMBERA.MX", "eps": 0.44, "epsEstimated": 0.42, "time": "bmo", "revenue": null, "revenueEstimated": null, "fiscalDateEnding": "2020-09-30", "updatedFromDate": "2023-05-17"}, {"date": "2020-10-19", "symbol": "300088.SZ", "eps": 0.13, "epsEstimated": null, "time": "bmo", "revenue": 1880672227.14, "revenueEstimated": null, "fiscalDateEnding": "2020-09-29", "updatedFromDate": "2023-08-16"}, {"date": "2020-10-19", "symbol": "BSRR", "eps": 0.67, "epsEstimated": 0.46, "time": "bmo", "revenue": 35179000, "revenueEstimated": 19939970.14925373, "fiscalDateEnding": "2020-09-29", "updatedFromDate": "2023-09-29"}, {"date": "2020-10-19", "symbol": "HAL", "eps": 0.11, "epsEstimated": 0.08, "time": "bmo", "revenue": 2975000000, "revenueEstimated": 1504000000, "fiscalDateEnding": "2020-09-29", "updatedFromDate": "2023-09-29"}, {"date": "2020-10-19", "symbol": "FBSS", "eps": 0.3573, "epsEstimated": null, "time": "bmo", "revenue": 9334000, "revenueEstimated": null, "fiscalDateEnding": "2020-07-19", "updatedFromDate": "2023-05-17"}, {"date": "2020-10-19", "symbol": "LHFG.BK", "eps": 0.00976, "epsEstimated": null, "time": "bmo", "revenue": 2481690000, "revenueEstimated": null, "fiscalDateEnding": "2020-07-19", "updatedFromDate": "2023-05-17"}, {"date": "2020-10-19", "symbol": "CCK", "eps": 1.96, "epsEstimated": 1.58, "time": "amc", "revenue": 3167000000, "revenueEstimated": 2552989795.918368, "fiscalDateEnding": "2020-09-29", "updatedFromDate": "2023-09-29"}, {"date": "2020-10-19", "symbol": "FBGGF", "eps": 0.88, "epsEstimated": 1.19, "time": "bmo", "revenue": null, "revenueEstimated": null, "fiscalDateEnding": "2020-09-30", "updatedFromDate": "2023-05-17"}, {"date": "2020-10-19", "symbol": "002985.SZ", "eps": 0.2, "epsEstimated": null, "time": "bmo", "revenue": 138807313.01, "revenueEstimated": null, "fiscalDateEnding": "2020-09-29", "updatedFromDate": "2023-05-17"}, {"date": "2020-10-19", "symbol": "NDCVF", "eps": 0.09, "epsEstimated": 0.06, "time": "bmo", "revenue": null, "revenueEstimated": 124796000.00000001, "fiscalDateEnding": "2020-09-30", "updatedFromDate": "2023-05-17"}, {"date": "2020-10-19", "symbol": "FNB", "eps": 0.26, "epsEstimated": 0.23, "time": "amc", "revenue": 307136000, "revenueEstimated": 241500000, "fiscalDateEnding": "2020-09-29", "updatedFromDate": "2023-09-29"}, {"date": "2020-10-19", "symbol": "CADE", "eps": 0.69, "epsEstimated": 0.52, "time": "bmo", "revenue": 265855000, "revenueEstimated": 233760000.9375, "fiscalDateEnding": "2020-09-29", "updatedFromDate": "2023-09-29"}]}