{"result": [{"date": "2020-01-21", "symbol": "USA.L", "eps": null, "epsEstimated": null, "time": "bmo", "revenue": null, "revenueEstimated": null, "fiscalDateEnding": "2020-03-31", "updatedFromDate": "2023-10-16"}, {"date": "2020-01-21", "symbol": "KGTFF", "eps": 0.53, "epsEstimated": 0.51, "time": "bmo", "revenue": null, "revenueEstimated": null, "fiscalDateEnding": "2019-10-21", "updatedFromDate": "2023-05-17"}, {"date": "2020-01-21", "symbol": "BSRR", "eps": 0.6, "epsEstimated": 0.57, "time": "bmo", "revenue": 30668000, "revenueEstimated": 20871473, "fiscalDateEnding": "2019-12-30", "updatedFromDate": "2023-09-29"}, {"date": "2020-01-21", "symbol": "002274.SZ", "eps": 0.0115, "epsEstimated": null, "time": "bmo", "revenue": 1208197152.16, "revenueEstimated": null, "fiscalDateEnding": "2019-10-21", "updatedFromDate": "2023-05-17"}, {"date": "2020-01-21", "symbol": "TSTH.BK", "eps": 0.02, "epsEstimated": null, "time": "bmo", "revenue": 4885810000, "revenueEstimated": null, "fiscalDateEnding": "2019-10-21", "updatedFromDate": "2023-10-17"}, {"date": "2020-01-21", "symbol": "GEBN.SW", "eps": 3.08, "epsEstimated": 3.54, "time": "bmo", "revenue": null, "revenueEstimated": null, "fiscalDateEnding": "2019-10-21", "updatedFromDate": "2023-08-16"}, {"date": "2020-01-21", "symbol": "PRKWF", "eps": null, "epsEstimated": null, "time": "bmo", "revenue": null, "revenueEstimated": null, "fiscalDateEnding": "2019-12-31", "updatedFromDate": "2023-05-17"}, {"date": "2020-01-21", "symbol": "CMA", "eps": 1.85, "epsEstimated": 1.74, "time": "bmo", "revenue": 804000000, "revenueEstimated": 761837837.8378378, "fiscalDateEnding": "2019-12-30", "updatedFromDate": "2023-09-29"}, {"date": "2020-01-21", "symbol": "PACW", "eps": 0.98, "epsEstimated": 0.88, "time": "bmo", "revenue": 266876000, "revenueEstimated": 245856734.69387755, "fiscalDateEnding": "2019-12-30", "updatedFromDate": "2023-09-29"}, {"date": "2020-01-21", "symbol": "SFBS", "eps": 0.76, "epsEstimated": 0.69, "time": "amc", "revenue": 82829000, "revenueEstimated": 75200013.15789473, "fiscalDateEnding": "2019-12-30", "updatedFromDate": "2023-09-29"}, {"date": "2020-01-21", "symbol": "CPITF", "eps": 0.03, "epsEstimated": 0.03, "time": "bmo", "revenue": null, "revenueEstimated": null, "fiscalDateEnding": "2019-12-31", "updatedFromDate": "2023-05-17"}, {"date": "2020-01-21", "symbol": "SMBK", "eps": 0.48, "epsEstimated": 0.4, "time": "amc", "revenue": 23444000, "revenueEstimated": 18756000, "fiscalDateEnding": "2019-12-30", "updatedFromDate": "2023-09-29"}, {"date": "2020-01-21", "symbol": "UNTY", "eps": 0.55, "epsEstimated": 0.53, "time": "bmo", "revenue": 17056000, "revenueEstimated": 15679132, "fiscalDateEnding": "2019-12-30", "updatedFromDate": "2023-09-29"}, {"date": "2020-01-21", "symbol": "FNB", "eps": 0.3, "epsEstimated": 0.29, "time": "bmo", "revenue": 300478000, "revenueEstimated": 290000000, "fiscalDateEnding": "2019-12-30", "updatedFromDate": "2023-09-29"}, {"date": "2020-01-21", "symbol": "BFC", "eps": 1.04, "epsEstimated": 1.04, "time": "bmo", "revenue": 21058000, "revenueEstimated": 21058000, "fiscalDateEnding": "2019-12-30", "updatedFromDate": "2023-09-29"}, {"date": "2020-01-21", "symbol": "IBKR", "eps": 0.57, "epsEstimated": 0.61, "time": "amc", "revenue": 631000000, "revenueEstimated": 672070175.4385965, "fiscalDateEnding": "2019-12-30", "updatedFromDate": "2023-09-29"}, {"date": "2020-01-21", "symbol": "SDVKY", "eps": 0.34, "epsEstimated": null, "time": "bmo", "revenue": 26581000000, "revenueEstimated": null, "fiscalDateEnding": "2019-12-31", "updatedFromDate": "2023-09-29"}, {"date": "2020-01-21", "symbol": "010640.KS", "eps": 38.06, "epsEstimated": null, "time": "bmo", "revenue": 8833062740, "revenueEstimated": null, "fiscalDateEnding": "2020-03-30", "updatedFromDate": "2023-05-17"}, {"date": "2020-01-21", "symbol": "MBWM", "eps": 0.81, "epsEstimated": 0.65, "time": "bmo", "revenue": 38480000, "revenueEstimated": 29008753, "fiscalDateEnding": "2019-12-30", "updatedFromDate": "2023-09-29"}, {"date": "2020-01-21", "symbol": "HLAN", "eps": 1.67, "epsEstimated": 1.58, "time": "bmo", "revenue": 48232000, "revenueEstimated": null, "fiscalDateEnding": "2019-12-31", "updatedFromDate": "2023-09-29"}, {"date": "2020-01-21", "symbol": "WSFS", "eps": 0.96, "epsEstimated": 0.91, "time": "amc", "revenue": 159339000, "revenueEstimated": 150584109, "fiscalDateEnding": "2019-12-30", "updatedFromDate": "2023-09-29"}, {"date": "2020-01-21", "symbol": "AMTD", "eps": 0.74, "epsEstimated": 0.77, "time": "amc", "revenue": 1449000000, "revenueEstimated": 1343337837.837838, "fiscalDateEnding": "2019-10-21", "updatedFromDate": "2023-09-29"}, {"date": "2020-01-21", "symbol": "FULT", "eps": 0.33, "epsEstimated": 0.35, "time": "amc", "revenue": 214551000, "revenueEstimated": 227554090.9090909, "fiscalDateEnding": "2019-12-30", "updatedFromDate": "2023-09-29"}, {"date": "2020-01-21", "symbol": "UCBI", "eps": 0.61, "epsEstimated": 0.58, "time": "amc", "revenue": 146821000, "revenueEstimated": 139600295.0819672, "fiscalDateEnding": "2019-12-30", "updatedFromDate": "2023-09-29"}, {"date": "2020-01-21", "symbol": "GNTY", "eps": 0.57, "epsEstimated": 0.54, "time": "bmo", "revenue": 24723000, "revenueEstimated": 23909600, "fiscalDateEnding": "2019-12-30", "updatedFromDate": "2023-09-29"}, {"date": "2020-01-21", "symbol": "ONB", "eps": 0.29, "epsEstimated": 0.35, "time": "bmo", "revenue": 194752000, "revenueEstimated": 237306034.4827586, "fiscalDateEnding": "2019-12-30", "updatedFromDate": "2023-09-29"}, {"date": "2020-01-21", "symbol": "BLGFF", "eps": null, "epsEstimated": null, "time": "bmo", "revenue": null, "revenueEstimated": null, "fiscalDateEnding": "2019-12-31", "updatedFromDate": "2023-05-17"}, {"date": "2020-01-21", "symbol": "PEBO", "eps": 0.73, "epsEstimated": 0.68, "time": "bmo", "revenue": 50667000, "revenueEstimated": 46729323, "fiscalDateEnding": "2019-12-30", "updatedFromDate": "2023-09-29"}, {"date": "2020-01-21", "symbol": "UBS", "eps": 0.19, "epsEstimated": 0.19, "time": "bmo", "revenue": 7059000000, "revenueEstimated": 5212333333.333333, "fiscalDateEnding": "2019-12-31", "updatedFromDate": "2023-09-29"}, {"date": "2020-01-21", "symbol": "TBKCP", "eps": 0.66, "epsEstimated": 0.61, "time": "bmo", "revenue": 75074000, "revenueEstimated": 1734163, "fiscalDateEnding": "2019-12-30", "updatedFromDate": "2023-05-17"}, {"date": "2020-01-21", "symbol": "NCBS", "eps": 1.18, "epsEstimated": 1.13, "time": "bmo", "revenue": 44228000, "revenueEstimated": 42353932.20338983, "fiscalDateEnding": "2019-12-30", "updatedFromDate": "2023-05-17"}, {"date": "2020-01-21", "symbol": "BIOQ", "eps": 1, "epsEstimated": null, "time": "bmo", "revenue": null, "revenueEstimated": null, "fiscalDateEnding": "2019-11-30", "updatedFromDate": "2023-09-29"}, {"date": "2020-01-21", "symbol": "IBM", "eps": 4.71, "epsEstimated": 4.68, "time": "amc", "revenue": 21777000000, "revenueEstimated": 21638292993.630573, "fiscalDateEnding": "2019-12-30", "updatedFromDate": "2023-09-29"}, {"date": "2020-01-21", "symbol": "SABK", "eps": 0.17, "epsEstimated": null, "time": "bmo", "revenue": 7793963, "revenueEstimated": null, "fiscalDateEnding": "2019-12-31", "updatedFromDate": "2023-09-29"}, {"date": "2020-01-21", "symbol": "ASRV", "eps": 0.04, "epsEstimated": null, "time": "bmo", "revenue": 12376000, "revenueEstimated": null, "fiscalDateEnding": "2019-12-30", "updatedFromDate": "2023-09-29"}, {"date": "2020-01-21", "symbol": "002171.SZ", "eps": 0.07876, "epsEstimated": null, "time": "bmo", "revenue": 5325041865.99, "revenueEstimated": null, "fiscalDateEnding": "2019-12-30", "updatedFromDate": "2023-05-17"}, {"date": "2020-01-21", "symbol": "RAJRATAN.NS", "eps": 2.67, "epsEstimated": null, "time": "bmo", "revenue": 1390200000, "revenueEstimated": null, "fiscalDateEnding": "2019-10-21", "updatedFromDate": "2023-10-17"}, {"date": "2020-01-21", "symbol": "MARK.QA", "eps": 0.07, "epsEstimated": 0.07, "time": "bmo", "revenue": null, "revenueEstimated": null, "fiscalDateEnding": "2019-12-31", "updatedFromDate": "2023-08-16"}, {"date": "2020-01-21", "symbol": "WTFCP", "eps": 1.44, "epsEstimated": 1.58, "time": "bmo", "revenue": 373382000, "revenueEstimated": 44833215, "fiscalDateEnding": "2019-12-30", "updatedFromDate": "2023-05-17"}, {"date": "2020-01-21", "symbol": "AUB", "eps": 0.71, "epsEstimated": 0.7, "time": "bmo", "revenue": 164323000, "revenueEstimated": 162008591.54929578, "fiscalDateEnding": "2019-12-30", "updatedFromDate": "2023-09-29"}, {"date": "2020-01-21", "symbol": "PIXY", "eps": -286, "epsEstimated": -390, "time": "bmo", "revenue": 15866000, "revenueEstimated": 19695724, "fiscalDateEnding": "2019-11-29", "updatedFromDate": "2023-09-29"}, {"date": "2020-01-21", "symbol": "PNFPP", "eps": 1.27, "epsEstimated": 1.26, "time": "bmo", "revenue": 231271000, "revenueEstimated": null, "fiscalDateEnding": "2019-12-30", "updatedFromDate": "2023-05-17"}, {"date": "2020-01-21", "symbol": "KBANK.BK", "eps": 3.68, "epsEstimated": 3.82, "time": "bmo", "revenue": 41743706000, "revenueEstimated": null, "fiscalDateEnding": "2019-12-30", "updatedFromDate": "2023-05-17"}, {"date": "2020-01-21", "symbol": "BBL.BK", "eps": 4.19, "epsEstimated": 5.05, "time": "bmo", "revenue": 45784765000, "revenueEstimated": null, "fiscalDateEnding": "2019-12-30", "updatedFromDate": "2023-05-17"}, {"date": "2020-01-21", "symbol": "PETS", "eps": 0.34, "epsEstimated": 0.3, "time": "bmo", "revenue": 59915000, "revenueEstimated": 52866176.47058823, "fiscalDateEnding": "2019-12-30", "updatedFromDate": "2023-09-29"}, {"date": "2020-01-21", "symbol": "COF-PJ", "eps": 2.25, "epsEstimated": 2.28, "time": "bmo", "revenue": 7427000000, "revenueEstimated": null, "fiscalDateEnding": "2019-12-30", "updatedFromDate": "2023-05-17"}, {"date": "2020-01-21", "symbol": "FMBI", "eps": 0.51, "epsEstimated": 0.5, "time": "amc", "revenue": 182937000, "revenueEstimated": 191034313.72549018, "fiscalDateEnding": "2019-10-21", "updatedFromDate": "2023-05-17"}, {"date": "2020-01-21", "symbol": "GSBC", "eps": 1.21, "epsEstimated": 1.25, "time": "amc", "revenue": 52637000, "revenueEstimated": 54321384, "fiscalDateEnding": "2019-12-30", "updatedFromDate": "2023-09-29"}, {"date": "2020-01-21", "symbol": "DIGBF", "eps": 0.04, "epsEstimated": 0.03818, "time": "bmo", "revenue": null, "revenueEstimated": 38090000, "fiscalDateEnding": "2019-12-31", "updatedFromDate": "2023-05-17"}, {"date": "2020-01-21", "symbol": "ETTYF", "eps": 3.87, "epsEstimated": 4.45, "time": "bmo", "revenue": null, "revenueEstimated": null, "fiscalDateEnding": "2019-12-31", "updatedFromDate": "2023-05-17"}, {"date": "2020-01-21", "symbol": "TAL", "eps": 0.09, "epsEstimated": 0.09, "time": "bmo", "revenue": 862357000, "revenueEstimated": 1121064100, "fiscalDateEnding": "2019-11-30", "updatedFromDate": "2023-09-29"}, {"date": "2020-01-21", "symbol": "HYMLF", "eps": 3062.56, "epsEstimated": 3857.37, "time": "bmo", "revenue": null, "revenueEstimated": null, "fiscalDateEnding": "2019-12-31", "updatedFromDate": "2023-09-29"}, {"date": "2020-01-21", "symbol": "HBMD", "eps": 0.31, "epsEstimated": 0.26, "time": "bmo", "revenue": 22159000, "revenueEstimated": 17897653, "fiscalDateEnding": "2019-12-30", "updatedFromDate": "2023-08-16"}, {"date": "2020-01-21", "symbol": "ASMLF", "eps": 2.69, "epsEstimated": 2.69, "time": "bmo", "revenue": null, "revenueEstimated": null, "fiscalDateEnding": "2019-12-31", "updatedFromDate": "2023-05-17"}, {"date": "2020-01-21", "symbol": "NIC", "eps": 1.18, "epsEstimated": 1.13, "time": "bmo", "revenue": 44228000, "revenueEstimated": null, "fiscalDateEnding": "2019-12-30", "updatedFromDate": "2023-09-29"}, {"date": "2020-01-21", "symbol": "AZA.ST", "eps": 0.79, "epsEstimated": 0.8, "time": "bmo", "revenue": 328000000, "revenueEstimated": null, "fiscalDateEnding": "2019-12-30", "updatedFromDate": "2023-05-17"}, {"date": "2020-01-21", "symbol": "CPAMF", "eps": 0.03, "epsEstimated": 0.02559, "time": "bmo", "revenue": null, "revenueEstimated": 3470000, "fiscalDateEnding": "2019-12-31", "updatedFromDate": "2023-05-17"}, {"date": "2020-01-21", "symbol": "CIMBT.BK", "eps": 0.03101, "epsEstimated": null, "time": "bmo", "revenue": 4247700000, "revenueEstimated": null, "fiscalDateEnding": "2019-10-21", "updatedFromDate": "2023-05-17"}, {"date": "2020-01-21", "symbol": "TBK", "eps": 0.66, "epsEstimated": 0.61, "time": "amc", "revenue": 75074000, "revenueEstimated": 69386575.75757575, "fiscalDateEnding": "2019-12-30", "updatedFromDate": "2023-08-16"}, {"date": "2020-01-21", "symbol": "MAPIF", "eps": 0.03, "epsEstimated": 0.02812, "time": "bmo", "revenue": 103350000, "revenueEstimated": 76300000, "fiscalDateEnding": "2019-10-21", "updatedFromDate": "2023-10-17"}, {"date": "2020-01-21", "symbol": "FSB", "eps": 0.68, "epsEstimated": 0.69, "time": "bmo", "revenue": 32686000, "revenueEstimated": 33159710, "fiscalDateEnding": "2019-12-30", "updatedFromDate": "2023-05-17"}, {"date": "2020-01-21", "symbol": "8617.T", "eps": 7.09, "epsEstimated": null, "time": "bmo", "revenue": 324000000, "revenueEstimated": null, "fiscalDateEnding": "2019-10-21", "updatedFromDate": "2023-10-17"}, {"date": "2020-01-21", "symbol": "SURVF", "eps": 0.03, "epsEstimated": 0.01875, "time": "bmo", "revenue": null, "revenueEstimated": null, "fiscalDateEnding": "2019-10-21", "updatedFromDate": "2023-08-25"}, {"date": "2020-01-21", "symbol": "PQE.V", "eps": null, "epsEstimated": null, "time": "bmo", "revenue": null, "revenueEstimated": null, "fiscalDateEnding": "2020-03-31", "updatedFromDate": "2023-05-17"}, {"date": "2020-01-21", "symbol": "FBMS", "eps": 0.72, "epsEstimated": 0.74, "time": "bmo", "revenue": 41018000, "revenueEstimated": 39217027, "fiscalDateEnding": "2019-12-30", "updatedFromDate": "2023-09-29"}, {"date": "2020-01-21", "symbol": "KREVF", "eps": 0.01, "epsEstimated": 0.00585, "time": "bmo", "revenue": 38715000, "revenueEstimated": null, "fiscalDateEnding": "2019-10-21", "updatedFromDate": "2023-09-29"}, {"date": "2020-01-21", "symbol": "COF", "eps": 2.25, "epsEstimated": 2.28, "time": "amc", "revenue": 7427000000, "revenueEstimated": 7526026666.666666, "fiscalDateEnding": "2019-12-30", "updatedFromDate": "2023-09-29"}, {"date": "2020-01-21", "symbol": "ORRF", "eps": 0.44, "epsEstimated": 0.44, "time": "bmo", "revenue": 24971000, "revenueEstimated": 24636000, "fiscalDateEnding": "2019-12-30", "updatedFromDate": "2023-09-29"}, {"date": "2020-01-21", "symbol": "NFLX", "eps": 1.3, "epsEstimated": 0.53, "time": "amc", "revenue": 5467434000, "revenueEstimated": 2229030784.6153846, "fiscalDateEnding": "2019-12-30", "updatedFromDate": "2023-09-29"}, {"date": "2020-01-21", "symbol": "TRST", "eps": 0.72, "epsEstimated": null, "time": "amc", "revenue": 42356000, "revenueEstimated": null, "fiscalDateEnding": "2019-12-30", "updatedFromDate": "2023-09-29"}, {"date": "2020-01-21", "symbol": "KTB.BK", "eps": 0.53, "epsEstimated": 0.52, "time": "bmo", "revenue": 30188482000, "revenueEstimated": null, "fiscalDateEnding": "2019-10-21", "updatedFromDate": "2023-05-17"}, {"date": "2020-01-21", "symbol": "IVSBF", "eps": null, "epsEstimated": null, "time": "bmo", "revenue": null, "revenueEstimated": null, "fiscalDateEnding": "2019-12-31", "updatedFromDate": "2023-05-17"}, {"date": "2020-01-21", "symbol": "UAL", "eps": 2.67, "epsEstimated": 2.65, "time": "amc", "revenue": 10888000000, "revenueEstimated": 10806441947.565542, "fiscalDateEnding": "2019-12-30", "updatedFromDate": "2023-09-29"}, {"date": "2020-01-21", "symbol": "6013.SR", "eps": -1.30816, "epsEstimated": null, "time": "bmo", "revenue": 26260115, "revenueEstimated": null, "fiscalDateEnding": "2020-03-30", "updatedFromDate": "2023-05-17"}, {"date": "2020-01-21", "symbol": "WTFC", "eps": 1.44, "epsEstimated": 1.58, "time": "amc", "revenue": 373382000, "revenueEstimated": 410469736.11111116, "fiscalDateEnding": "2019-12-30", "updatedFromDate": "2023-09-29"}, {"date": "2020-01-21", "symbol": "ME8U.SI", "eps": 0.03, "epsEstimated": 0.02812, "time": "bmo", "revenue": 103350000, "revenueEstimated": null, "fiscalDateEnding": "2019-10-21", "updatedFromDate": "2023-10-17"}, {"date": "2020-01-21", "symbol": "MNSB", "eps": 0.43, "epsEstimated": 0.44, "time": "bmo", "revenue": 11365000, "revenueEstimated": 11623295, "fiscalDateEnding": "2019-12-30", "updatedFromDate": "2023-09-29"}, {"date": "2020-01-21", "symbol": "600000.SS", "eps": 0.33, "epsEstimated": 0.51, "time": "bmo", "revenue": 44270000000, "revenueEstimated": null, "fiscalDateEnding": "2019-12-30", "updatedFromDate": "2023-05-17"}, {"date": "2020-01-21", "symbol": "PQEFF", "eps": -0.02, "epsEstimated": null, "time": "bmo", "revenue": 100532, "revenueEstimated": null, "fiscalDateEnding": "2019-11-29", "updatedFromDate": "2023-09-29"}, {"date": "2020-01-21", "symbol": "GBERF", "eps": 3.08, "epsEstimated": 3.54, "time": "bmo", "revenue": null, "revenueEstimated": 8309805.194805195, "fiscalDateEnding": "2019-12-31", "updatedFromDate": "2023-08-16"}, {"date": "2020-01-21", "symbol": "PROSF", "eps": null, "epsEstimated": null, "time": "bmo", "revenue": null, "revenueEstimated": null, "fiscalDateEnding": "2020-06-30", "updatedFromDate": "2023-05-17"}, {"date": "2020-01-21", "symbol": "RNST", "eps": 0.67, "epsEstimated": 0.66, "time": "amc", "revenue": 146768000, "revenueEstimated": 144156805.97014925, "fiscalDateEnding": "2019-12-30", "updatedFromDate": "2023-09-29"}, {"date": "2020-01-21", "symbol": "SAND.ST", "eps": 2.77, "epsEstimated": 2.77, "time": "bmo", "revenue": 25482000000, "revenueEstimated": null, "fiscalDateEnding": "2019-12-30", "updatedFromDate": "2023-05-17"}, {"date": "2020-01-21", "symbol": "BIG.PA", "eps": null, "epsEstimated": null, "time": "bmo", "revenue": null, "revenueEstimated": null, "fiscalDateEnding": "2020-06-30", "updatedFromDate": "2023-10-17"}, {"date": "2020-01-21", "symbol": "BKKPF", "eps": 4.19, "epsEstimated": 5.19, "time": "bmo", "revenue": null, "revenueEstimated": null, "fiscalDateEnding": "2019-12-31", "updatedFromDate": "2023-05-17"}, {"date": "2020-01-21", "symbol": "COF-PK", "eps": 2.25, "epsEstimated": 2.28, "time": "bmo", "revenue": 7427000000, "revenueEstimated": null, "fiscalDateEnding": "2019-12-30", "updatedFromDate": "2023-05-17"}, {"date": "2020-01-21", "symbol": "WTFCM", "eps": 1.44, "epsEstimated": 1.58, "time": "bmo", "revenue": 373382000, "revenueEstimated": 45188000.00000001, "fiscalDateEnding": "2019-12-30", "updatedFromDate": "2023-05-17"}, {"date": "2020-01-21", "symbol": "603060.SS", "eps": 0.09, "epsEstimated": null, "time": "bmo", "revenue": 411082684.88, "revenueEstimated": null, "fiscalDateEnding": "2019-12-30", "updatedFromDate": "2023-08-16"}, {"date": "2020-01-21", "symbol": "SBNY", "eps": 2.78, "epsEstimated": 2.69, "time": "bmo", "revenue": 362443000, "revenueEstimated": 335342533, "fiscalDateEnding": "2019-10-21", "updatedFromDate": "2023-09-29"}, {"date": "2020-01-21", "symbol": "FBK", "eps": 0.7, "epsEstimated": 0.66, "time": "amc", "revenue": 92926000, "revenueEstimated": 87294121, "fiscalDateEnding": "2019-12-30", "updatedFromDate": "2023-09-29"}, {"date": "2020-01-21", "symbol": "MPCMF", "eps": 0.03, "epsEstimated": 0.024, "time": "bmo", "revenue": null, "revenueEstimated": 13851333333.333334, "fiscalDateEnding": "2020-06-30", "updatedFromDate": "2023-05-17"}, {"date": "2020-01-21", "symbol": "TFINP", "eps": 0.674, "epsEstimated": 0.61, "time": "bmo", "revenue": 75074000, "revenueEstimated": 1734163, "fiscalDateEnding": "2019-12-30", "updatedFromDate": "2023-05-17"}, {"date": "2020-01-21", "symbol": "AUBAP", "eps": 0.71, "epsEstimated": 0.7, "time": "bmo", "revenue": 161530000, "revenueEstimated": 159222428, "fiscalDateEnding": "2019-12-30", "updatedFromDate": "2023-05-17"}, {"date": "2020-01-21", "symbol": "ZION", "eps": 0.97, "epsEstimated": 1.07, "time": "amc", "revenue": 711000000, "revenueEstimated": 784298969.072165, "fiscalDateEnding": "2019-12-30", "updatedFromDate": "2023-09-29"}, {"date": "2020-01-21", "symbol": "AJBU.SI", "eps": 0.02, "epsEstimated": 0.00952, "time": "bmo", "revenue": null, "revenueEstimated": null, "fiscalDateEnding": "2019-10-21", "updatedFromDate": "2023-05-17"}, {"date": "2020-01-21", "symbol": "601918.SS", "eps": -0.52, "epsEstimated": null, "time": "bmo", "revenue": 2057418792.67, "revenueEstimated": null, "fiscalDateEnding": "2019-12-30", "updatedFromDate": "2023-05-17"}, {"date": "2020-01-21", "symbol": "BSS.F", "eps": null, "epsEstimated": null, "time": "bmo", "revenue": null, "revenueEstimated": null, "fiscalDateEnding": "2019-10-21", "updatedFromDate": "2023-10-16"}, {"date": "2020-01-21", "symbol": "UCBIO", "eps": 0.61, "epsEstimated": 0.58, "time": "bmo", "revenue": 143321000, "revenueEstimated": 135907844, "fiscalDateEnding": "2019-12-30", "updatedFromDate": "2023-05-17"}, {"date": "2020-01-21", "symbol": "FNB-PE", "eps": 0.3, "epsEstimated": 0.29, "time": "bmo", "revenue": 300000000, "revenueEstimated": null, "fiscalDateEnding": "2019-12-30", "updatedFromDate": "2023-05-17"}, {"date": "2020-01-21", "symbol": "FMBIP", "eps": 0.51, "epsEstimated": 0.5, "time": "bmo", "revenue": 182937000, "revenueEstimated": 145391820, "fiscalDateEnding": "2020-03-30", "updatedFromDate": "2023-05-17"}, {"date": "2020-01-21", "symbol": "HAL", "eps": 0.32, "epsEstimated": 0.29, "time": "bmo", "revenue": 5191000000, "revenueEstimated": 4704343749.999999, "fiscalDateEnding": "2019-12-30", "updatedFromDate": "2023-09-29"}, {"date": "2020-01-21", "symbol": "GJNSF", "eps": 2.95, "epsEstimated": 2.16, "time": "bmo", "revenue": null, "revenueEstimated": 944249491.5254238, "fiscalDateEnding": "2019-12-31", "updatedFromDate": "2023-05-17"}, {"date": "2020-01-21", "symbol": "TFIN", "eps": 0.66, "epsEstimated": 0.61, "time": "amc", "revenue": 75074000, "revenueEstimated": 69386575.7575758, "fiscalDateEnding": "2019-12-30", "updatedFromDate": "2023-09-29"}, {"date": "2020-01-21", "symbol": "5423.T", "eps": 1.48, "epsEstimated": null, "time": "bmo", "revenue": 30980000000, "revenueEstimated": null, "fiscalDateEnding": "2019-10-21", "updatedFromDate": "2023-10-17"}, {"date": "2020-01-21", "symbol": "LWB.WA", "eps": 1.32, "epsEstimated": null, "time": "bmo", "revenue": 531749000, "revenueEstimated": null, "fiscalDateEnding": "2019-12-30", "updatedFromDate": "2023-05-17"}, {"date": "2020-01-21", "symbol": "ZIONW", "eps": 0.97, "epsEstimated": 1.07, "time": "bmo", "revenue": null, "revenueEstimated": 713701030.9278351, "fiscalDateEnding": "2019-12-31", "updatedFromDate": "2023-05-17"}, {"date": "2020-01-21", "symbol": "MNSBP", "eps": 0.43, "epsEstimated": 0.44, "time": "bmo", "revenue": null, "revenueEstimated": null, "fiscalDateEnding": "2019-12-30", "updatedFromDate": "2023-05-17"}, {"date": "2020-01-21", "symbol": "CMOU.SI", "eps": null, "epsEstimated": null, "time": "bmo", "revenue": null, "revenueEstimated": null, "fiscalDateEnding": "2019-12-31", "updatedFromDate": "2023-05-17"}, {"date": "2020-01-21", "symbol": "TGVSF", "eps": 1.81, "epsEstimated": 1.68, "time": "bmo", "revenue": null, "revenueEstimated": null, "fiscalDateEnding": "2019-12-31", "updatedFromDate": "2023-05-17"}, {"date": "2020-01-21", "symbol": "UBSG.SW", "eps": 0.27, "epsEstimated": 0.21, "time": "bmo", "revenue": 7075000000, "revenueEstimated": null, "fiscalDateEnding": "2019-12-30", "updatedFromDate": "2023-05-17"}, {"date": "2020-01-21", "symbol": "KTB1.F", "eps": 0.53, "epsEstimated": 0.51, "time": "bmo", "revenue": null, "revenueEstimated": null, "fiscalDateEnding": "2019-12-31", "updatedFromDate": "2023-05-17"}, {"date": "2020-01-21", "symbol": "PNFP", "eps": 1.27, "epsEstimated": 1.26, "time": "amc", "revenue": 241322000, "revenueEstimated": 251636881.88976377, "fiscalDateEnding": "2019-12-30", "updatedFromDate": "2023-09-29"}, {"date": "2020-01-21", "symbol": "NAVI", "eps": 0.69, "epsEstimated": 0.58, "time": "amc", "revenue": 527000000, "revenueEstimated": 442985507.2463768, "fiscalDateEnding": "2019-12-30", "updatedFromDate": "2023-09-29"}, {"date": "2020-01-22", "symbol": "INBK", "eps": 0.72, "epsEstimated": 0.57, "time": "amc", "revenue": 28319000, "revenueEstimated": 15097894, "fiscalDateEnding": "2019-10-22", "updatedFromDate": "2023-10-10"}, {"date": "2020-01-22", "symbol": "N2IU.SI", "eps": 0.03, "epsEstimated": 0.024, "time": "bmo", "revenue": 116107750, "revenueEstimated": null, "fiscalDateEnding": "2019-10-22", "updatedFromDate": "2023-10-17"}, {"date": "2020-01-22", "symbol": "CCNEP", "eps": 0.69, "epsEstimated": 0.69, "time": "bmo", "revenue": 35788000, "revenueEstimated": null, "fiscalDateEnding": "2019-12-30", "updatedFromDate": "2023-05-17"}, {"date": "2020-01-22", "symbol": "ESSITY-B.ST", "eps": 3.87, "epsEstimated": 4.45, "time": "bmo", "revenue": 33686000000, "revenueEstimated": null, "fiscalDateEnding": "2019-12-31", "updatedFromDate": "2023-05-17"}, {"date": "2020-01-22", "symbol": "LMST", "eps": 0.32, "epsEstimated": 0.32, "time": "bmo", "revenue": 10182000, "revenueEstimated": 10515000, "fiscalDateEnding": "2019-12-30", "updatedFromDate": "2023-09-29"}, {"date": "2020-01-22", "symbol": "601818.SS", "eps": 0.11, "epsEstimated": 0.15, "time": "bmo", "revenue": 32591000000, "revenueEstimated": null, "fiscalDateEnding": "2019-12-30", "updatedFromDate": "2023-05-17"}, {"date": "2020-01-22", "symbol": "USAP", "eps": 0.02, "epsEstimated": 0.13, "time": "bmo", "revenue": 55171000, "revenueEstimated": 358611500, "fiscalDateEnding": "2019-12-30", "updatedFromDate": "2023-09-29"}, {"date": "2020-01-22", "symbol": "8011.TW", "eps": 0.174, "epsEstimated": null, "time": "bmo", "revenue": 453096000, "revenueEstimated": null, "fiscalDateEnding": "2019-12-30", "updatedFromDate": "2023-05-17"}, {"date": "2020-01-22", "symbol": "CHMG", "eps": 0.87, "epsEstimated": 0.99, "time": "bmo", "revenue": 20077000, "revenueEstimated": 22510575, "fiscalDateEnding": "2019-12-30", "updatedFromDate": "2023-09-29"}, {"date": "2020-01-22", "symbol": "MRDS.QA", "eps": null, "epsEstimated": null, "time": "bmo", "revenue": null, "revenueEstimated": null, "fiscalDateEnding": "2019-12-31", "updatedFromDate": "2023-05-17"}, {"date": "2020-01-22", "symbol": "OSBC", "eps": 0.31, "epsEstimated": 0.3, "time": "amc", "revenue": 32113000, "revenueEstimated": 30779633, "fiscalDateEnding": "2019-12-30", "updatedFromDate": "2023-09-29"}, {"date": "2020-01-22", "symbol": "BFST", "eps": 0.45, "epsEstimated": 0.47, "time": "bmo", "revenue": 22883000, "revenueEstimated": 23856744, "fiscalDateEnding": "2019-12-30", "updatedFromDate": "2023-09-29"}, {"date": "2020-01-22", "symbol": "NVZMF", "eps": 3.25, "epsEstimated": 2.82, "time": "bmo", "revenue": null, "revenueEstimated": null, "fiscalDateEnding": "2019-12-31", "updatedFromDate": "2023-05-17"}, {"date": "2020-01-22", "symbol": "CBSH", "eps": 0.73, "epsEstimated": 0.76, "time": "bmo", "revenue": 345872000, "revenueEstimated": 358079247.0588236, "fiscalDateEnding": "2019-12-30", "updatedFromDate": "2023-09-29"}, {"date": "2020-01-22", "symbol": "SLMBP", "eps": 0.33, "epsEstimated": 0.3, "time": "bmo", "revenue": 415255000, "revenueEstimated": 545878181.8181818, "fiscalDateEnding": "2019-12-30", "updatedFromDate": "2023-05-17"}, {"date": "2020-01-22", "symbol": "7010.SR", "eps": 1.21, "epsEstimated": 1.31, "time": "amc", "revenue": 13934852000, "revenueEstimated": null, "fiscalDateEnding": "2019-10-22", "updatedFromDate": "2023-05-17"}, {"date": "2020-01-22", "symbol": "TCBI", "eps": 1.42, "epsEstimated": 1.51, "time": "amc", "revenue": 263186000, "revenueEstimated": 283014408.4507043, "fiscalDateEnding": "2019-12-30", "updatedFromDate": "2023-09-29"}, {"date": "2020-01-22", "symbol": "FBBPF", "eps": 0.83, "epsEstimated": 0.77, "time": "bmo", "revenue": null, "revenueEstimated": null, "fiscalDateEnding": "2019-12-31", "updatedFromDate": "2023-05-17"}, {"date": "2020-01-22", "symbol": "MAGI.ST", "eps": -0.10612, "epsEstimated": null, "time": "bmo", "revenue": 47102000, "revenueEstimated": null, "fiscalDateEnding": "2019-11-29", "updatedFromDate": "2023-05-17"}, {"date": "2020-01-22", "symbol": "CNS", "eps": 0.74, "epsEstimated": 0.68, "time": "amc", "revenue": 109847000, "revenueEstimated": 100940486.4864865, "fiscalDateEnding": "2019-12-30", "updatedFromDate": "2023-09-29"}, {"date": "2020-01-22", "symbol": "028260.KS", "eps": 2023.06, "epsEstimated": 1255.94, "time": "bmo", "revenue": 6960092987130, "revenueEstimated": null, "fiscalDateEnding": "2019-10-22", "updatedFromDate": "2023-05-17"}, {"date": "2020-01-22", "symbol": "TDY", "eps": 3.06, "epsEstimated": 2.74, "time": "bmo", "revenue": 834200000, "revenueEstimated": 746963398.6928105, "fiscalDateEnding": "2019-12-28", "updatedFromDate": "2023-09-29"}, {"date": "2020-01-22", "symbol": "KMI", "eps": 0.26, "epsEstimated": 0.27, "time": "amc", "revenue": 3352000000, "revenueEstimated": 3480923076.923077, "fiscalDateEnding": "2019-12-30", "updatedFromDate": "2023-09-29"}, {"date": "2020-01-22", "symbol": "PRX.AS", "eps": null, "epsEstimated": null, "time": "bmo", "revenue": null, "revenueEstimated": null, "fiscalDateEnding": "2019-10-22", "updatedFromDate": "2023-10-17"}, {"date": "2020-01-22", "symbol": "C2PU.SI", "eps": null, "epsEstimated": null, "time": "bmo", "revenue": null, "revenueEstimated": null, "fiscalDateEnding": "2019-12-31", "updatedFromDate": "2023-05-17"}, {"date": "2020-01-22", "symbol": "CCNE", "eps": 0.69, "epsEstimated": 0.69, "time": "bmo", "revenue": 35788000, "revenueEstimated": 35788000, "fiscalDateEnding": "2019-12-30", "updatedFromDate": "2023-09-29"}, {"date": "2020-01-22", "symbol": "QCRH", "eps": 1.12, "epsEstimated": 0.87, "time": "amc", "revenue": 56357000, "revenueEstimated": 40161747, "fiscalDateEnding": "2019-12-30", "updatedFromDate": "2023-09-29"}, {"date": "2020-01-22", "symbol": "UMPQ", "eps": 0.38, "epsEstimated": 0.36, "time": "amc", "revenue": 310515000, "revenueEstimated": 294217578.9473684, "fiscalDateEnding": "2019-12-30", "updatedFromDate": "2023-05-17"}, {"date": "2020-01-22", "symbol": "SPXCY", "eps": 0.09, "epsEstimated": null, "time": "bmo", "revenue": null, "revenueEstimated": null, "fiscalDateEnding": "2019-10-22", "updatedFromDate": "2023-10-17"}, {"date": "2020-01-22", "symbol": "2412.TW", "eps": 1, "epsEstimated": 1.06, "time": "bmo", "revenue": 55232504000, "revenueEstimated": null, "fiscalDateEnding": "2019-12-30", "updatedFromDate": "2023-05-17"}, {"date": "2020-01-22", "symbol": "PKBK", "eps": 0.63, "epsEstimated": null, "time": "bmo", "revenue": 15535000, "revenueEstimated": null, "fiscalDateEnding": "2019-12-30", "updatedFromDate": "2023-09-29"}, {"date": "2020-01-22", "symbol": "CVBF", "eps": 0.37, "epsEstimated": 0.36, "time": "amc", "revenue": 119429000, "revenueEstimated": 116111527, "fiscalDateEnding": "2019-12-30", "updatedFromDate": "2023-09-29"}, {"date": "2020-01-22", "symbol": "ASML", "eps": 2.98, "epsEstimated": 2.67, "time": "bmo", "revenue": 4036400000, "revenueEstimated": 3567754307, "fiscalDateEnding": "2019-12-31", "updatedFromDate": "2023-09-29"}, {"date": "2020-01-22", "symbol": "FITBP", "eps": 0.68, "epsEstimated": 0.72, "time": "bmo", "revenue": 1862000000, "revenueEstimated": null, "fiscalDateEnding": "2019-12-30", "updatedFromDate": "2023-05-17"}, {"date": "2020-01-22", "symbol": "CUBI", "eps": 0.77, "epsEstimated": 0.74, "time": "amc", "revenue": 103176000, "revenueEstimated": 99212905, "fiscalDateEnding": "2019-12-30", "updatedFromDate": "2023-09-29"}, {"date": "2020-01-22", "symbol": "INVE-B.ST", "eps": 11.01, "epsEstimated": null, "time": "bmo", "revenue": 43226000000, "revenueEstimated": null, "fiscalDateEnding": "2019-12-30", "updatedFromDate": "2023-05-17"}, {"date": "2020-01-22", "symbol": "SLG-PI", "eps": 0.22, "epsEstimated": 0.39, "time": "bmo", "revenue": 308082000, "revenueEstimated": null, "fiscalDateEnding": "2019-12-30", "updatedFromDate": "2023-05-17"}, {"date": "2020-01-22", "symbol": "FBNC", "eps": 0.71, "epsEstimated": 0.78, "time": "bmo", "revenue": 69278000, "revenueEstimated": 74694338.02816902, "fiscalDateEnding": "2019-12-30", "updatedFromDate": "2023-09-29"}, {"date": "2020-01-22", "symbol": "INST", "eps": 0.17, "epsEstimated": 0.15, "time": "amc", "revenue": 69195000, "revenueEstimated": null, "fiscalDateEnding": "2019-12-30", "updatedFromDate": "2023-09-29"}, {"date": "2020-01-22", "symbol": "T82U.SI", "eps": 0.03, "epsEstimated": 0.01875, "time": "bmo", "revenue": null, "revenueEstimated": null, "fiscalDateEnding": "2019-10-22", "updatedFromDate": "2023-10-16"}, {"date": "2020-01-22", "symbol": "SCSG", "eps": 0.19, "epsEstimated": 0.18, "time": "bmo", "revenue": null, "revenueEstimated": null, "fiscalDateEnding": "2019-12-31", "updatedFromDate": "2023-09-29"}, {"date": "2020-01-22", "symbol": "CADE", "eps": 0.65, "epsEstimated": 0.6, "time": "bmo", "revenue": 245471000, "revenueEstimated": 219157875, "fiscalDateEnding": "2019-12-30", "updatedFromDate": "2023-09-29"}, {"date": "2020-01-22", "symbol": "UVSP", "eps": 0.55, "epsEstimated": 0.53, "time": "amc", "revenue": 58599000, "revenueEstimated": 56468127.27272727, "fiscalDateEnding": "2019-12-30", "updatedFromDate": "2023-09-29"}, {"date": "2020-01-22", "symbol": "AGF-B.TO", "eps": 0.24, "epsEstimated": 0.15, "time": "bmo", "revenue": 102390000, "revenueEstimated": null, "fiscalDateEnding": "2019-11-29", "updatedFromDate": "2023-05-17"}, {"date": "2020-01-22", "symbol": "BSD.PA", "eps": null, "epsEstimated": null, "time": "bmo", "revenue": null, "revenueEstimated": null, "fiscalDateEnding": "2019-10-22", "updatedFromDate": "2023-05-17"}, {"date": "2020-01-22", "symbol": "NG", "eps": -0.02, "epsEstimated": -0.015, "time": "amc", "revenue": null, "revenueEstimated": null, "fiscalDateEnding": "2019-11-29", "updatedFromDate": "2023-09-29"}, {"date": "2020-01-22", "symbol": "PTC", "eps": 0.57, "epsEstimated": 0.45, "time": "amc", "revenue": 356110000, "revenueEstimated": 274891929.8245614, "fiscalDateEnding": "2019-12-27", "updatedFromDate": "2023-09-29"}, {"date": "2020-01-22", "symbol": "SPXCF", "eps": 0.09, "epsEstimated": null, "time": "bmo", "revenue": null, "revenueEstimated": null, "fiscalDateEnding": "2019-10-22", "updatedFromDate": "2023-10-17"}, {"date": "2020-01-22", "symbol": "BPFH", "eps": 0.25, "epsEstimated": 0.22, "time": "amc", "revenue": 82918000, "revenueEstimated": 72967840, "fiscalDateEnding": "2019-12-30", "updatedFromDate": "2023-05-17"}, {"date": "2020-01-22", "symbol": "JNJ", "eps": 1.88, "epsEstimated": 1.87, "time": "bmo", "revenue": 20747000000, "revenueEstimated": 20636643617.02128, "fiscalDateEnding": "2019-12-28", "updatedFromDate": "2023-09-29"}, {"date": "2020-01-22", "symbol": "ABT", "eps": 0.95, "epsEstimated": 0.95, "time": "bmo", "revenue": 8314000000, "revenueEstimated": 8314000000, "fiscalDateEnding": "2019-12-30", "updatedFromDate": "2023-09-29"}, {"date": "2020-01-22", "symbol": "SLG", "eps": 0.23, "epsEstimated": 0.41, "time": "amc", "revenue": 308082000, "revenueEstimated": 546145363.6363637, "fiscalDateEnding": "2019-12-30", "updatedFromDate": "2023-09-29"}, {"date": "2020-01-22", "symbol": "RJF", "eps": 1.26, "epsEstimated": 1.29, "time": "amc", "revenue": 1983000000, "revenueEstimated": 2103597883.5978837, "fiscalDateEnding": "2019-12-30", "updatedFromDate": "2023-09-29"}, {"date": "2020-01-22", "symbol": "601881.SS", "eps": 0.14, "epsEstimated": 0.1, "time": "bmo", "revenue": 5572436044.79, "revenueEstimated": null, "fiscalDateEnding": "2019-10-22", "updatedFromDate": "2023-05-17"}, {"date": "2020-01-22", "symbol": "RCI-B.TO", "eps": 1, "epsEstimated": 1.02, "time": "bmo", "revenue": 3952000000, "revenueEstimated": null, "fiscalDateEnding": "2019-12-30", "updatedFromDate": "2023-05-17"}, {"date": "2020-01-22", "symbol": "GUOSF", "eps": 0.21, "epsEstimated": 0.15, "time": "bmo", "revenue": null, "revenueEstimated": null, "fiscalDateEnding": "2019-12-31", "updatedFromDate": "2023-05-17"}, {"date": "2020-01-22", "symbol": "BKNIY", "eps": 0.0383, "epsEstimated": null, "time": "bmo", "revenue": 2167294000, "revenueEstimated": null, "fiscalDateEnding": "2019-12-30", "updatedFromDate": "2023-09-29"}, {"date": "2020-01-22", "symbol": "TXN", "eps": 1.12, "epsEstimated": 1.02, "time": "amc", "revenue": 3350000000, "revenueEstimated": 3050892857.1428566, "fiscalDateEnding": "2019-12-30", "updatedFromDate": "2023-09-29"}, {"date": "2020-01-22", "symbol": "J69U.SI", "eps": null, "epsEstimated": null, "time": "bmo", "revenue": null, "revenueEstimated": null, "fiscalDateEnding": "2020-03-31", "updatedFromDate": "2023-05-17"}, {"date": "2020-01-22", "symbol": "ATGN", "eps": 0.02, "epsEstimated": null, "time": "amc", "revenue": 2844000, "revenueEstimated": null, "fiscalDateEnding": "2019-12-31", "updatedFromDate": "2023-09-29"}, {"date": "2020-01-22", "symbol": "PLXS", "eps": 1, "epsEstimated": 0.93, "time": "amc", "revenue": 852409000, "revenueEstimated": 792740370, "fiscalDateEnding": "2020-01-03", "updatedFromDate": "2023-09-29"}, {"date": "2020-01-22", "symbol": "NVEC", "eps": 0.77, "epsEstimated": null, "time": "amc", "revenue": 6464596, "revenueEstimated": null, "fiscalDateEnding": "2019-12-30", "updatedFromDate": "2023-09-29"}, {"date": "2020-01-22", "symbol": "CBU", "eps": 0.83, "epsEstimated": 0.82, "time": "bmo", "revenue": 149863000, "revenueEstimated": 148035402, "fiscalDateEnding": "2019-12-30", "updatedFromDate": "2023-09-29"}, {"date": "2020-01-22", "symbol": "SLM", "eps": 0.33, "epsEstimated": 0.3, "time": "amc", "revenue": 415255000, "revenueEstimated": 545878181.8181818, "fiscalDateEnding": "2019-12-30", "updatedFromDate": "2023-09-29"}, {"date": "2020-01-22", "symbol": "FRZCF", "eps": null, "epsEstimated": null, "time": "bmo", "revenue": null, "revenueEstimated": null, "fiscalDateEnding": "2020-03-31", "updatedFromDate": "2023-05-17"}, {"date": "2020-01-22", "symbol": "CATC", "eps": 1.58, "epsEstimated": 1.68, "time": "bmo", "revenue": 31541000, "revenueEstimated": 33418440, "fiscalDateEnding": "2019-12-30", "updatedFromDate": "2023-09-29"}, {"date": "2020-01-22", "symbol": "MCB", "eps": 0.93, "epsEstimated": 0.87, "time": "bmo", "revenue": 30904000, "revenueEstimated": 28772689, "fiscalDateEnding": "2019-12-30", "updatedFromDate": "2023-09-29"}, {"date": "2020-01-22", "symbol": "FCCO", "eps": 0.36, "epsEstimated": 0.35, "time": "bmo", "revenue": 12570000, "revenueEstimated": 9457828, "fiscalDateEnding": "2019-12-30", "updatedFromDate": "2023-09-29"}, {"date": "2020-01-22", "symbol": "KPELF", "eps": 0.1, "epsEstimated": null, "time": "bmo", "revenue": null, "revenueEstimated": null, "fiscalDateEnding": "2019-12-31", "updatedFromDate": "2023-05-17"}, {"date": "2020-01-22", "symbol": "PFBC", "eps": 1.31, "epsEstimated": 1.26, "time": "amc", "revenue": 42289000, "revenueEstimated": 2418988.396946565, "fiscalDateEnding": "2019-12-31", "updatedFromDate": "2023-09-29"}, {"date": "2020-01-22", "symbol": "FNLC", "eps": 0.61, "epsEstimated": null, "time": "bmo", "revenue": 17326000, "revenueEstimated": null, "fiscalDateEnding": "2019-12-30", "updatedFromDate": "2023-09-29"}, {"date": "2020-01-22", "symbol": "086280.KS", "eps": 6117.29, "epsEstimated": 5786.19, "time": "bmo", "revenue": 4802429937660, "revenueEstimated": null, "fiscalDateEnding": "2019-12-30", "updatedFromDate": "2023-05-17"}, {"date": "2020-01-22", "symbol": "CATY", "eps": 0.84, "epsEstimated": 0.83, "time": "amc", "revenue": 149859000, "revenueEstimated": 148053469, "fiscalDateEnding": "2019-12-30", "updatedFromDate": "2023-09-29"}, {"date": "2020-01-22", "symbol": "APH", "eps": 0.49, "epsEstimated": 0.45, "time": "bmo", "revenue": 2151000000, "revenueEstimated": 1997357142.857143, "fiscalDateEnding": "2019-12-30", "updatedFromDate": "2023-09-29"}, {"date": "2020-01-22", "symbol": "ALLY", "eps": 0.95, "epsEstimated": 0.93, "time": "bmo", "revenue": 1906000000, "revenueEstimated": 1864894736.8421054, "fiscalDateEnding": "2019-12-30", "updatedFromDate": "2023-09-29"}, {"date": "2020-01-22", "symbol": "LOB", "eps": 0.17, "epsEstimated": 0.12, "time": "amc", "revenue": 58914000, "revenueEstimated": 42024705.88235294, "fiscalDateEnding": "2019-12-30", "updatedFromDate": "2023-09-29"}, {"date": "2020-01-22", "symbol": "TCBIP", "eps": 1.42, "epsEstimated": 1.51, "time": "bmo", "revenue": null, "revenueEstimated": null, "fiscalDateEnding": "2019-12-30", "updatedFromDate": "2023-05-17"}, {"date": "2020-01-22", "symbol": "601997.SS", "eps": 0.4608, "epsEstimated": null, "time": "bmo", "revenue": 3847942000, "revenueEstimated": null, "fiscalDateEnding": "2019-12-30", "updatedFromDate": "2023-05-17"}, {"date": "2020-01-22", "symbol": "CBSHP", "eps": 0.85, "epsEstimated": 0.88, "time": "bmo", "revenue": 345872000, "revenueEstimated": 209811670.58823532, "fiscalDateEnding": "2019-09-30", "updatedFromDate": "2023-05-17"}, {"date": "2020-01-22", "symbol": "002807.SZ", "eps": 0.13, "epsEstimated": null, "time": "bmo", "revenue": 851188000, "revenueEstimated": null, "fiscalDateEnding": "2019-10-22", "updatedFromDate": "2023-05-17"}, {"date": "2020-01-22", "symbol": "NTRS", "eps": 1.8, "epsEstimated": 1.74, "time": "bmo", "revenue": 1547700000, "revenueEstimated": 1584366666.6666667, "fiscalDateEnding": "2019-12-30", "updatedFromDate": "2023-09-29"}, {"date": "2020-01-22", "symbol": "000720.KS", "eps": -67.63, "epsEstimated": 1084.12, "time": "bmo", "revenue": 4058864000000, "revenueEstimated": null, "fiscalDateEnding": "2019-10-22", "updatedFromDate": "2023-05-17"}, {"date": "2020-01-22", "symbol": "BXS", "eps": 0.63, "epsEstimated": 0.6, "time": "amc", "revenue": 245471000, "revenueEstimated": 233197450, "fiscalDateEnding": "2019-12-30", "updatedFromDate": "2023-05-17"}, {"date": "2020-01-22", "symbol": "OXBOF", "eps": null, "epsEstimated": null, "time": "bmo", "revenue": null, "revenueEstimated": null, "fiscalDateEnding": "2020-03-31", "updatedFromDate": "2023-05-17"}, {"date": "2020-01-22", "symbol": "SCR", "eps": -0.1, "epsEstimated": -0.1, "time": "amc", "revenue": 9219000, "revenueEstimated": null, "fiscalDateEnding": "2019-11-29", "updatedFromDate": "2023-05-17"}, {"date": "2020-01-22", "symbol": "FMBL", "eps": 141.03, "epsEstimated": null, "time": "bmo", "revenue": 266755000, "revenueEstimated": null, "fiscalDateEnding": "2019-12-31", "updatedFromDate": "2023-09-29"}, {"date": "2020-01-22", "symbol": "PLD", "eps": 0.59, "epsEstimated": 0.39, "time": "bmo", "revenue": 826016000, "revenueEstimated": 546010576.2711865, "fiscalDateEnding": "2019-12-30", "updatedFromDate": "2023-09-29"}, {"date": "2020-01-22", "symbol": "TER", "eps": 0.88, "epsEstimated": 0.79, "time": "amc", "revenue": 654650000, "revenueEstimated": 580069620, "fiscalDateEnding": "2019-12-30", "updatedFromDate": "2023-09-29"}, {"date": "2020-01-22", "symbol": "002099.SZ", "eps": 0.05399, "epsEstimated": null, "time": "bmo", "revenue": 565456776.82, "revenueEstimated": null, "fiscalDateEnding": "2019-12-30", "updatedFromDate": "2023-05-17"}, {"date": "2020-01-22", "symbol": "CHT", "eps": 0.33, "epsEstimated": null, "time": "bmo", "revenue": 27034342000, "revenueEstimated": null, "fiscalDateEnding": "2019-12-31", "updatedFromDate": "2023-09-29"}, {"date": "2020-01-22", "symbol": "RLI", "eps": 0.63, "epsEstimated": 0.49, "time": "amc", "revenue": 264754000, "revenueEstimated": 201935460.31746033, "fiscalDateEnding": "2019-12-30", "updatedFromDate": "2023-09-29"}, {"date": "2020-01-22", "symbol": "CTBI", "eps": 0.75, "epsEstimated": 0.83, "time": "bmo", "revenue": 49729000, "revenueEstimated": 55033426.666666664, "fiscalDateEnding": "2019-12-30", "updatedFromDate": "2023-09-29"}, {"date": "2020-01-22", "symbol": "SBBZF", "eps": null, "epsEstimated": null, "time": "bmo", "revenue": null, "revenueEstimated": null, "fiscalDateEnding": "2019-12-31", "updatedFromDate": "2023-05-17"}, {"date": "2020-01-22", "symbol": "CVCY", "eps": 0.34, "epsEstimated": 0.34, "time": "bmo", "revenue": 17315000, "revenueEstimated": 17304000, "fiscalDateEnding": "2019-12-30", "updatedFromDate": "2023-09-29"}, {"date": "2020-01-22", "symbol": "CGIUF", "eps": null, "epsEstimated": null, "time": "bmo", "revenue": null, "revenueEstimated": null, "fiscalDateEnding": "2019-12-31", "updatedFromDate": "2023-05-17"}, {"date": "2020-01-22", "symbol": "CUBI-PF", "eps": 0.77, "epsEstimated": 0.74, "time": "bmo", "revenue": 103176000, "revenueEstimated": null, "fiscalDateEnding": "2019-12-30", "updatedFromDate": "2023-05-17"}, {"date": "2020-01-22", "symbol": "SK.PA", "eps": 1.57, "epsEstimated": null, "time": "bmo", "revenue": 1735000000, "revenueEstimated": null, "fiscalDateEnding": "2019-10-22", "updatedFromDate": "2023-05-17"}, {"date": "2020-01-22", "symbol": "RCI", "eps": 0.76, "epsEstimated": 0.78, "time": "bmo", "revenue": 3952000000, "revenueEstimated": 4031040000, "fiscalDateEnding": "2019-12-31", "updatedFromDate": "2023-09-29"}, {"date": "2020-01-22", "symbol": "000390.KS", "eps": 48.78, "epsEstimated": null, "time": "bmo", "revenue": 118170196740, "revenueEstimated": null, "fiscalDateEnding": "2020-03-30", "updatedFromDate": "2023-05-17"}, {"date": "2020-01-22", "symbol": "FITB", "eps": 0.68, "epsEstimated": 0.72, "time": "bmo", "revenue": 2230000000, "revenueEstimated": 1965444444, "fiscalDateEnding": "2019-12-30", "updatedFromDate": "2023-09-29"}, {"date": "2020-01-22", "symbol": "DISPF", "eps": 176.26, "epsEstimated": 145.05, "time": "bmo", "revenue": 182857000000, "revenueEstimated": 33575626.91478498, "fiscalDateEnding": "2019-10-22", "updatedFromDate": "2023-10-16"}, {"date": "2020-01-22", "symbol": "STBI", "eps": 0.58, "epsEstimated": null, "time": "bmo", "revenue": 5331000, "revenueEstimated": null, "fiscalDateEnding": "2019-12-31", "updatedFromDate": "2023-09-29"}, {"date": "2020-01-22", "symbol": "HOPE", "eps": 0.34, "epsEstimated": 0.32, "time": "amc", "revenue": 124770000, "revenueEstimated": 119046588.23529412, "fiscalDateEnding": "2019-12-30", "updatedFromDate": "2023-09-29"}, {"date": "2020-01-22", "symbol": "FCEL", "eps": -0.12, "epsEstimated": -0.07, "time": "bmo", "revenue": 11041000, "revenueEstimated": 10120916.666666668, "fiscalDateEnding": "2019-10-30", "updatedFromDate": "2023-09-29"}, {"date": "2020-01-22", "symbol": "OBNK", "eps": 0.55, "epsEstimated": 0.58, "time": "amc", "revenue": 52844000, "revenueEstimated": 57908254.54545454, "fiscalDateEnding": "2019-12-30", "updatedFromDate": "2023-09-29"}, {"date": "2020-01-22", "symbol": "NTRSO", "eps": 1.8, "epsEstimated": 1.74, "time": "bmo", "revenue": 1342000000, "revenueEstimated": 1295724137, "fiscalDateEnding": "2019-12-30", "updatedFromDate": "2023-05-17"}, {"date": "2020-01-22", "symbol": "STL", "eps": 0.54, "epsEstimated": 0.53, "time": "amc", "revenue": 254991000, "revenueEstimated": 255810388.8888889, "fiscalDateEnding": "2019-12-30", "updatedFromDate": "2023-05-17"}, {"date": "2020-01-22", "symbol": "BKIMF", "eps": 0.11, "epsEstimated": 0.12, "time": "bmo", "revenue": null, "revenueEstimated": null, "fiscalDateEnding": "2019-12-31", "updatedFromDate": "2023-05-17"}, {"date": "2020-01-22", "symbol": "BKR", "eps": 0.27, "epsEstimated": 0.31, "time": "bmo", "revenue": 6347000000, "revenueEstimated": 7288444444.444445, "fiscalDateEnding": "2019-12-30", "updatedFromDate": "2023-09-29"}, {"date": "2020-01-22", "symbol": "HARL", "eps": 0.5, "epsEstimated": null, "time": "bmo", "revenue": 6527000, "revenueEstimated": null, "fiscalDateEnding": "2019-12-31", "updatedFromDate": "2023-09-29"}, {"date": "2020-01-22", "symbol": "PBCO", "eps": 0.39, "epsEstimated": null, "time": "bmo", "revenue": null, "revenueEstimated": null, "fiscalDateEnding": "2019-12-30", "updatedFromDate": "2023-09-29"}, {"date": "2020-01-22", "symbol": "002292.SZ", "eps": 0.00208, "epsEstimated": 0.07, "time": "bmo", "revenue": 674996023.49, "revenueEstimated": null, "fiscalDateEnding": "2019-12-30", "updatedFromDate": "2023-08-16"}, {"date": "2020-01-22", "symbol": "601211.SS", "eps": 0.19, "epsEstimated": 0.21, "time": "amc", "revenue": 9351128925, "revenueEstimated": null, "fiscalDateEnding": "2019-12-30", "updatedFromDate": "2023-05-17"}, {"date": "2020-01-22", "symbol": "AXB.IL", "eps": 31.1, "epsEstimated": null, "time": "bmo", "revenue": 115834100000, "revenueEstimated": null, "fiscalDateEnding": "2019-10-22", "updatedFromDate": "2023-10-17"}, {"date": "2020-01-22", "symbol": "CPKF", "eps": 0.39, "epsEstimated": 0.34, "time": "bmo", "revenue": 49029646, "revenueEstimated": 40800000, "fiscalDateEnding": "2019-12-31", "updatedFromDate": "2023-09-29"}, {"date": "2020-01-22", "symbol": "005380.KS", "eps": 3062.56, "epsEstimated": 3857.37, "time": "bmo", "revenue": 25319448000000, "revenueEstimated": null, "fiscalDateEnding": "2019-10-22", "updatedFromDate": "2023-05-17"}, {"date": "2020-01-22", "symbol": "TSCRF", "eps": -0.01, "epsEstimated": -0.01, "time": "bmo", "revenue": null, "revenueEstimated": null, "fiscalDateEnding": "2019-12-31", "updatedFromDate": "2023-05-17"}, {"date": "2020-01-22", "symbol": "ASML.AS", "eps": 2.69, "epsEstimated": 2.69, "time": "bmo", "revenue": 4036400000, "revenueEstimated": null, "fiscalDateEnding": "2019-12-30", "updatedFromDate": "2023-05-17"}, {"date": "2020-01-22", "symbol": "600928.SS", "eps": 0.1466, "epsEstimated": null, "time": "bmo", "revenue": 1725906000, "revenueEstimated": null, "fiscalDateEnding": "2019-12-31", "updatedFromDate": "2023-05-17"}, {"date": "2020-01-22", "symbol": "VANL.L", "eps": null, "epsEstimated": null, "time": "bmo", "revenue": null, "revenueEstimated": null, "fiscalDateEnding": "2020-03-31", "updatedFromDate": "2023-10-17"}, {"date": "2020-01-22", "symbol": "FUL", "eps": 0.88, "epsEstimated": 0.92, "time": "amc", "revenue": 739106000, "revenueEstimated": 772701727.2727273, "fiscalDateEnding": "2019-11-29", "updatedFromDate": "2023-09-29"}, {"date": "2020-01-22", "symbol": "NG.TO", "eps": -0.02, "epsEstimated": -0.015, "time": "bmo", "revenue": null, "revenueEstimated": null, "fiscalDateEnding": "2019-11-29", "updatedFromDate": "2023-05-17"}, {"date": "2020-01-22", "symbol": "CTXS", "eps": 1.71, "epsEstimated": 1.68, "time": "amc", "revenue": 809823000, "revenueEstimated": 795615578.9473684, "fiscalDateEnding": "2019-12-30", "updatedFromDate": "2023-05-17"}, {"date": "2020-01-22", "symbol": "STLD", "eps": 0.62, "epsEstimated": 0.55, "time": "amc", "revenue": 2370491000, "revenueEstimated": 2084851290.3225808, "fiscalDateEnding": "2019-12-30", "updatedFromDate": "2023-09-29"}, {"date": "2020-01-22", "symbol": "000270.KS", "eps": 863.88, "epsEstimated": 1480.71, "time": "bmo", "revenue": 16105414000000, "revenueEstimated": null, "fiscalDateEnding": "2019-12-30", "updatedFromDate": "2023-05-17"}, {"date": "2020-01-22", "symbol": "ESSITY-A.ST", "eps": 3.87, "epsEstimated": 4, "time": "bmo", "revenue": 33686000000, "revenueEstimated": null, "fiscalDateEnding": "2019-12-31", "updatedFromDate": "2023-05-17"}, {"date": "2020-01-22", "symbol": "STMEF", "eps": 0.43, "epsEstimated": 0.37, "time": "bmo", "revenue": null, "revenueEstimated": null, "fiscalDateEnding": "2019-12-31", "updatedFromDate": "2023-05-17"}, {"date": "2020-01-22", "symbol": "ZUK.WA", "eps": 0.01307, "epsEstimated": null, "time": "bmo", "revenue": 13495000, "revenueEstimated": null, "fiscalDateEnding": "2019-10-22", "updatedFromDate": "2023-05-17"}, {"date": "2020-01-22", "symbol": "SBBSF", "eps": null, "epsEstimated": null, "time": "bmo", "revenue": null, "revenueEstimated": null, "fiscalDateEnding": "2019-12-31", "updatedFromDate": "2023-05-17"}, {"date": "2020-01-22", "symbol": "SEBYF", "eps": null, "epsEstimated": null, "time": "bmo", "revenue": null, "revenueEstimated": null, "fiscalDateEnding": "2019-12-31", "updatedFromDate": "2023-05-17"}, {"date": "2020-01-22", "symbol": "TRYG.CO", "eps": 1.81, "epsEstimated": 1.68, "time": "bmo", "revenue": 5866000000, "revenueEstimated": null, "fiscalDateEnding": "2019-12-30", "updatedFromDate": "2023-07-24"}, {"date": "2020-01-22", "symbol": "SPLPETRO.NS", "eps": 4.58, "epsEstimated": 3.88, "time": "bmo", "revenue": 6921812000, "revenueEstimated": null, "fiscalDateEnding": "2019-10-22", "updatedFromDate": "2023-10-16"}, {"date": "2020-01-22", "symbol": "NNDNF", "eps": 85.81, "epsEstimated": 62.84, "time": "bmo", "revenue": null, "revenueEstimated": null, "fiscalDateEnding": "2020-06-30", "updatedFromDate": "2023-05-17"}, {"date": "2020-01-22", "symbol": "BOKF", "eps": 1.56, "epsEstimated": 1.89, "time": "bmo", "revenue": 436224000, "revenueEstimated": 543779653.8461539, "fiscalDateEnding": "2019-12-30", "updatedFromDate": "2023-09-29"}, {"date": "2020-01-22", "symbol": "2611.HK", "eps": 0.21, "epsEstimated": 0.15, "time": "bmo", "revenue": 9351128925, "revenueEstimated": null, "fiscalDateEnding": "2019-12-30", "updatedFromDate": "2023-05-17"}, {"date": "2020-01-22", "symbol": "DMYD-B.ST", "eps": -0.09806, "epsEstimated": null, "time": "bmo", "revenue": 118000, "revenueEstimated": null, "fiscalDateEnding": "2019-11-29", "updatedFromDate": "2023-05-17"}, {"date": "2020-01-22", "symbol": "K71U.SI", "eps": 0.01, "epsEstimated": 0.03428, "time": "bmo", "revenue": 38715000, "revenueEstimated": null, "fiscalDateEnding": "2019-10-22", "updatedFromDate": "2023-08-16"}, {"date": "2020-01-22", "symbol": "FIBRAPL14.MX", "eps": 0.83, "epsEstimated": 0.77, "time": "bmo", "revenue": null, "revenueEstimated": null, "fiscalDateEnding": "2019-12-31", "updatedFromDate": "2023-08-16"}, {"date": "2020-01-22", "symbol": "CEBCF", "eps": 0.11, "epsEstimated": 0.15, "time": "bmo", "revenue": null, "revenueEstimated": null, "fiscalDateEnding": "2019-12-31", "updatedFromDate": "2023-08-16"}, {"date": "2020-01-22", "symbol": "CTX.DE", "eps": 1.71, "epsEstimated": 1.68, "time": "bmo", "revenue": 809823000, "revenueEstimated": null, "fiscalDateEnding": "2019-12-30", "updatedFromDate": "2023-08-16"}, {"date": "2020-01-22", "symbol": "C38U.SI", "eps": 0.03, "epsEstimated": 0.02559, "time": "bmo", "revenue": 204296000, "revenueEstimated": null, "fiscalDateEnding": "2019-10-22", "updatedFromDate": "2023-08-16"}, {"date": "2020-01-22", "symbol": "AGFMF", "eps": 0.24, "epsEstimated": 0.15, "time": "bmo", "revenue": null, "revenueEstimated": null, "fiscalDateEnding": "2019-11-30", "updatedFromDate": "2023-08-16"}, {"date": "2020-01-22", "symbol": "6818.HK", "eps": 0.11, "epsEstimated": 0.15, "time": "bmo", "revenue": 32591000000, "revenueEstimated": null, "fiscalDateEnding": "2019-12-30", "updatedFromDate": "2023-08-16"}, {"date": "2020-01-22", "symbol": "GJF.OL", "eps": 2.95, "epsEstimated": 2.16, "time": "bmo", "revenue": 5463000000, "revenueEstimated": null, "fiscalDateEnding": "2019-12-30", "updatedFromDate": "2023-08-16"}, {"date": "2020-01-23", "symbol": "BKT.MC", "eps": 0.11, "epsEstimated": 0.12, "time": "bmo", "revenue": 645186000, "revenueEstimated": null, "fiscalDateEnding": "2019-12-30", "updatedFromDate": "2023-05-17"}, {"date": "2020-01-23", "symbol": "RHUHF", "eps": 0.34, "epsEstimated": 0.34, "time": "bmo", "revenue": 1041647000, "revenueEstimated": null, "fiscalDateEnding": "2019-11-30", "updatedFromDate": "2023-08-25"}, {"date": "2020-01-23", "symbol": "011780.KS", "eps": 635, "epsEstimated": 1431.07, "time": "bmo", "revenue": 1225469243820, "revenueEstimated": null, "fiscalDateEnding": "2019-10-23", "updatedFromDate": "2023-05-17"}, {"date": "2020-01-23", "symbol": "SIVBP", "eps": 5.06, "epsEstimated": 4.65, "time": "bmo", "revenue": 838721000, "revenueEstimated": 764769255, "fiscalDateEnding": "2019-12-30", "updatedFromDate": "2023-05-17"}, {"date": "2020-01-23", "symbol": "AAL", "eps": 1.15, "epsEstimated": 1.14, "time": "bmo", "revenue": 11313000000, "revenueEstimated": 11214626086.956522, "fiscalDateEnding": "2019-12-30", "updatedFromDate": "2023-09-29"}, {"date": "2020-01-23", "symbol": "STRT", "eps": 0.1, "epsEstimated": null, "time": "amc", "revenue": 106283000, "revenueEstimated": null, "fiscalDateEnding": "2019-12-28", "updatedFromDate": "2023-09-29"}, {"date": "2020-01-23", "symbol": "GFNORTEO.MX", "eps": 3.13, "epsEstimated": 3.18, "time": "bmo", "revenue": 138054000000, "revenueEstimated": null, "fiscalDateEnding": "2019-12-31", "updatedFromDate": "2023-08-16"}, {"date": "2020-01-23", "symbol": "SFNC", "eps": 0.49, "epsEstimated": 0.59, "time": "bmo", "revenue": 212696000, "revenueEstimated": 256103346.9387755, "fiscalDateEnding": "2019-12-30", "updatedFromDate": "2023-09-29"}, {"date": "2020-01-23", "symbol": "LUV", "eps": 1.16, "epsEstimated": 1.09, "time": "bmo", "revenue": 5729000000, "revenueEstimated": 6373163265.306123, "fiscalDateEnding": "2019-12-30", "updatedFromDate": "2023-09-29"}, {"date": "2020-01-23", "symbol": "CEFC", "eps": 0.33, "epsEstimated": null, "time": "bmo", "revenue": null, "revenueEstimated": null, "fiscalDateEnding": "2019-12-31", "updatedFromDate": "2023-09-29"}, {"date": "2020-01-23", "symbol": "PBNNF", "eps": 183, "epsEstimated": 154.77, "time": "bmo", "revenue": null, "revenueEstimated": null, "fiscalDateEnding": "2019-12-31", "updatedFromDate": "2023-05-17"}, {"date": "2020-01-23", "symbol": "BSET", "eps": 0.07, "epsEstimated": 0.16, "time": "bmo", "revenue": 113637000, "revenueEstimated": 259741714.28571427, "fiscalDateEnding": "2019-11-29", "updatedFromDate": "2023-09-29"}, {"date": "2020-01-23", "symbol": "BANC", "eps": 0.2, "epsEstimated": 0.17, "time": "bmo", "revenue": 61590000, "revenueEstimated": 50486470, "fiscalDateEnding": "2019-12-30", "updatedFromDate": "2023-09-29"}, {"date": "2020-01-23", "symbol": "064350.KS", "eps": -2207, "epsEstimated": null, "time": "bmo", "revenue": 599993491000, "revenueEstimated": null, "fiscalDateEnding": "2019-12-30", "updatedFromDate": "2023-05-17"}, {"date": "2020-01-23", "symbol": "SWKS", "eps": 1.68, "epsEstimated": 1.65, "time": "amc", "revenue": 896100000, "revenueEstimated": 880098214.2857143, "fiscalDateEnding": "2019-12-26", "updatedFromDate": "2023-09-29"}, {"date": "2020-01-23", "symbol": "CVLG", "eps": 0.1, "epsEstimated": 0.14, "time": "bmo", "revenue": 233135000, "revenueEstimated": 299745000, "fiscalDateEnding": "2019-12-30", "updatedFromDate": "2023-09-29"}, {"date": "2020-01-23", "symbol": "NVZMY", "eps": 0.48, "epsEstimated": null, "time": "bmo", "revenue": 3731000000, "revenueEstimated": null, "fiscalDateEnding": "2019-12-31", "updatedFromDate": "2023-09-29"}, {"date": "2020-01-23", "symbol": "OVLY", "eps": 0.39, "epsEstimated": null, "time": "bmo", "revenue": 11604000, "revenueEstimated": null, "fiscalDateEnding": "2019-12-30", "updatedFromDate": "2023-09-29"}, {"date": "2020-01-23", "symbol": "HZO", "eps": 0.41, "epsEstimated": 0.07, "time": "bmo", "revenue": 304172000, "revenueEstimated": 51931804.87804879, "fiscalDateEnding": "2019-12-30", "updatedFromDate": "2023-09-29"}, {"date": "2020-01-23", "symbol": "PEBK", "eps": 0.5, "epsEstimated": null, "time": "bmo", "revenue": 15031000, "revenueEstimated": null, "fiscalDateEnding": "2019-12-30", "updatedFromDate": "2023-09-29"}, {"date": "2020-01-23", "symbol": "KMB", "eps": 1.71, "epsEstimated": 1.7, "time": "bmo", "revenue": 4583000000, "revenueEstimated": 4556198830.409356, "fiscalDateEnding": "2019-12-30", "updatedFromDate": "2023-09-29"}, {"date": "2020-01-23", "symbol": "BANR", "eps": 0.95, "epsEstimated": 1.01, "time": "amc", "revenue": 143932000, "revenueEstimated": 148600768.42105263, "fiscalDateEnding": "2019-12-30", "updatedFromDate": "2023-09-29"}, {"date": "2020-01-23", "symbol": "MRTN", "eps": 0.19, "epsEstimated": 0.18, "time": "amc", "revenue": 217185000, "revenueEstimated": 205754210.52631578, "fiscalDateEnding": "2019-12-30", "updatedFromDate": "2023-09-29"}, {"date": "2020-01-23", "symbol": "FOR", "eps": 0.35, "epsEstimated": 0.13, "time": "amc", "revenue": 247200000, "revenueEstimated": 91817142.85714287, "fiscalDateEnding": "2019-12-30", "updatedFromDate": "2023-09-29"}, {"date": "2020-01-23", "symbol": "NBHC", "eps": 0.62, "epsEstimated": 0.57, "time": "amc", "revenue": 70663000, "revenueEstimated": 63806903.22580645, "fiscalDateEnding": "2019-12-30", "updatedFromDate": "2023-09-29"}, {"date": "2020-01-23", "symbol": "ASB", "eps": 0.45, "epsEstimated": 0.42, "time": "amc", "revenue": 262500000, "revenueEstimated": 273538533.3333333, "fiscalDateEnding": "2019-10-23", "updatedFromDate": "2023-10-10"}, {"date": "2020-01-23", "symbol": "NWFL", "eps": 0.57, "epsEstimated": null, "time": "bmo", "revenue": 11529000, "revenueEstimated": null, "fiscalDateEnding": "2019-12-30", "updatedFromDate": "2023-09-29"}, {"date": "2020-01-23", "symbol": "INTC", "eps": 1.52, "epsEstimated": 1.25, "time": "amc", "revenue": 20209000000, "revenueEstimated": 16619243421.052633, "fiscalDateEnding": "2019-12-27", "updatedFromDate": "2023-09-29"}, {"date": "2020-01-23", "symbol": "5608.TW", "eps": -0.4664, "epsEstimated": null, "time": "bmo", "revenue": 922849000, "revenueEstimated": null, "fiscalDateEnding": "2019-12-30", "updatedFromDate": "2023-08-16"}, {"date": "2020-01-23", "symbol": "BKU", "eps": 0.91, "epsEstimated": 0.73, "time": "bmo", "revenue": 223067000, "revenueEstimated": 178943857.14285713, "fiscalDateEnding": "2019-12-30", "updatedFromDate": "2023-09-29"}, {"date": "2020-01-23", "symbol": "EWBC", "eps": 1.28, "epsEstimated": 1.16, "time": "bmo", "revenue": 427417000, "revenueEstimated": 390803999.99999994, "fiscalDateEnding": "2019-12-30", "updatedFromDate": "2023-09-29"}, {"date": "2020-01-23", "symbol": "ISTR", "eps": 0.39, "epsEstimated": 0.48, "time": "bmo", "revenue": 18540000, "revenueEstimated": 22016250, "fiscalDateEnding": "2019-12-30", "updatedFromDate": "2023-09-29"}, {"date": "2020-01-23", "symbol": "PG", "eps": 1.42, "epsEstimated": 1.37, "time": "bmo", "revenue": 18240000000, "revenueEstimated": 17597746478.87324, "fiscalDateEnding": "2019-12-30", "updatedFromDate": "2023-09-29"}, {"date": "2020-01-23", "symbol": "2350.SR", "eps": -0.11, "epsEstimated": -0.09, "time": "bmo", "revenue": 2259672000, "revenueEstimated": null, "fiscalDateEnding": "2019-12-30", "updatedFromDate": "2023-08-16"}, {"date": "2020-01-23", "symbol": "VFC", "eps": 1.23, "epsEstimated": 1.21, "time": "bmo", "revenue": 3384746000, "revenueEstimated": 3329709479.674797, "fiscalDateEnding": "2019-12-27", "updatedFromDate": "2023-09-29"}, {"date": "2020-01-23", "symbol": "CLPIF", "eps": null, "epsEstimated": null, "time": "bmo", "revenue": null, "revenueEstimated": null, "fiscalDateEnding": "2020-03-31", "updatedFromDate": "2023-05-17"}, {"date": "2020-01-23", "symbol": "AMRB", "eps": 0.26, "epsEstimated": 0.27, "time": "bmo", "revenue": 6543000, "revenueEstimated": 6794653.846153847, "fiscalDateEnding": "2019-12-30", "updatedFromDate": "2023-05-17"}, {"date": "2020-01-23", "symbol": "MEMS.PA", "eps": null, "epsEstimated": null, "time": "bmo", "revenue": null, "revenueEstimated": null, "fiscalDateEnding": "2019-10-23", "updatedFromDate": "2023-05-17"}, {"date": "2020-01-23", "symbol": "MSBI", "eps": 0.5, "epsEstimated": 0.63, "time": "amc", "revenue": 67146000, "revenueEstimated": 84603960, "fiscalDateEnding": "2019-12-30", "updatedFromDate": "2023-09-29"}, {"date": "2020-01-23", "symbol": "BONAV-A.ST", "eps": 4.55, "epsEstimated": null, "time": "bmo", "revenue": 6500000000, "revenueEstimated": null, "fiscalDateEnding": "2019-12-31", "updatedFromDate": "2023-05-17"}, {"date": "2020-01-23", "symbol": "AVT", "eps": 0.4, "epsEstimated": 0.41, "time": "amc", "revenue": 4309818000, "revenueEstimated": 4648176150, "fiscalDateEnding": "2019-10-23", "updatedFromDate": "2023-09-29"}, {"date": "2020-01-23", "symbol": "PVBC", "eps": 0.14, "epsEstimated": 0.17, "time": "bmo", "revenue": 12543000, "revenueEstimated": 14756470, "fiscalDateEnding": "2019-12-30", "updatedFromDate": "2023-09-29"}, {"date": "2020-01-23", "symbol": "NJDCY", "eps": 0.09, "epsEstimated": null, "time": "bmo", "revenue": 414918000000, "revenueEstimated": null, "fiscalDateEnding": "2019-10-23", "updatedFromDate": "2023-10-17"}, {"date": "2020-01-23", "symbol": "RBNC", "eps": 0.47, "epsEstimated": 0.39, "time": "amc", "revenue": 19035000, "revenueEstimated": 15130384, "fiscalDateEnding": "2019-12-30", "updatedFromDate": "2023-05-17"}, {"date": "2020-01-23", "symbol": "CNOB", "eps": 0.61, "epsEstimated": 0.63, "time": "bmo", "revenue": 49677000, "revenueEstimated": 51254047, "fiscalDateEnding": "2019-12-30", "updatedFromDate": "2023-09-29"}, {"date": "2020-01-23", "symbol": "WBS-PF", "eps": 0.96, "epsEstimated": 0.97, "time": "bmo", "revenue": 302169000, "revenueEstimated": null, "fiscalDateEnding": "2019-12-30", "updatedFromDate": "2023-05-17"}, {"date": "2020-01-23", "symbol": "KPELY", "eps": 0.15, "epsEstimated": null, "time": "bmo", "revenue": 1857431000, "revenueEstimated": null, "fiscalDateEnding": "2019-10-23", "updatedFromDate": "2023-09-29"}, {"date": "2020-01-23", "symbol": "STMPA.PA", "eps": 0.43, "epsEstimated": 0.37, "time": "bmo", "revenue": null, "revenueEstimated": null, "fiscalDateEnding": "2019-12-31", "updatedFromDate": "2023-07-05"}, {"date": "2020-01-23", "symbol": "KEY-PK", "eps": 0.48, "epsEstimated": 0.48, "time": "bmo", "revenue": 1575000000, "revenueEstimated": null, "fiscalDateEnding": "2019-12-30", "updatedFromDate": "2023-05-17"}, {"date": "2020-01-23", "symbol": "QFG.BR", "eps": -0.17609, "epsEstimated": null, "time": "bmo", "revenue": -3297601, "revenueEstimated": null, "fiscalDateEnding": "2019-12-31", "updatedFromDate": "2023-10-16"}, {"date": "2020-01-23", "symbol": "BONAV-B.ST", "eps": 4.55, "epsEstimated": 3.81, "time": "bmo", "revenue": 6500000000, "revenueEstimated": null, "fiscalDateEnding": "2019-12-31", "updatedFromDate": "2023-05-17"}, {"date": "2020-01-23", "symbol": "MCBC", "eps": 0.24, "epsEstimated": 0.21, "time": "bmo", "revenue": 20764000, "revenueEstimated": 18168500, "fiscalDateEnding": "2019-12-30", "updatedFromDate": "2023-09-29"}, {"date": "2020-01-23", "symbol": "NZYM-B.CO", "eps": 3.25, "epsEstimated": 2.83, "time": "bmo", "revenue": 3731000000, "revenueEstimated": null, "fiscalDateEnding": "2019-12-30", "updatedFromDate": "2023-07-24"}, {"date": "2020-01-23", "symbol": "MOFG", "eps": 0.83, "epsEstimated": 0.83, "time": "bmo", "revenue": 48620000, "revenueEstimated": 48620000, "fiscalDateEnding": "2019-12-30", "updatedFromDate": "2023-09-29"}, {"date": "2020-01-23", "symbol": "TOP.CO", "eps": 4.9, "epsEstimated": 4.59, "time": "bmo", "revenue": 6700000000, "revenueEstimated": null, "fiscalDateEnding": "2019-12-30", "updatedFromDate": "2023-07-24"}, {"date": "2020-01-23", "symbol": "CSTR", "eps": 0.3, "epsEstimated": 0.32, "time": "amc", "revenue": 22300000, "revenueEstimated": 23694812, "fiscalDateEnding": "2019-12-30", "updatedFromDate": "2023-09-29"}, {"date": "2020-01-23", "symbol": "MTA.V", "eps": -0.01, "epsEstimated": -0.00333, "time": "bmo", "revenue": 1608546.230313, "revenueEstimated": null, "fiscalDateEnding": "2019-11-30", "updatedFromDate": "2023-10-16"}, {"date": "2020-01-23", "symbol": "GOVB", "eps": 0.06, "epsEstimated": null, "time": "bmo", "revenue": null, "revenueEstimated": null, "fiscalDateEnding": "2019-12-30", "updatedFromDate": "2023-09-29"}, {"date": "2020-01-23", "symbol": "SASR", "eps": 0.8, "epsEstimated": 0.79, "time": "bmo", "revenue": 84807000, "revenueEstimated": 83746912.5, "fiscalDateEnding": "2019-12-30", "updatedFromDate": "2023-09-29"}, {"date": "2020-01-23", "symbol": "STM", "eps": 0.43, "epsEstimated": 0.37, "time": "bmo", "revenue": 2754000000, "revenueEstimated": 2307405405, "fiscalDateEnding": "2019-12-31", "updatedFromDate": "2023-09-29"}, {"date": "2020-01-23", "symbol": "ETFC", "eps": 0.76, "epsEstimated": 0.83, "time": "bmo", "revenue": 679000000, "revenueEstimated": 807065789.4736842, "fiscalDateEnding": "2019-12-30", "updatedFromDate": "2023-05-17"}, {"date": "2020-01-23", "symbol": "RCH.TO", "eps": 0.34, "epsEstimated": 0.34, "time": "bmo", "revenue": 264986000, "revenueEstimated": null, "fiscalDateEnding": "2019-11-29", "updatedFromDate": "2023-05-17"}, {"date": "2020-01-23", "symbol": "GBOOF", "eps": 3.13, "epsEstimated": 3.11, "time": "bmo", "revenue": null, "revenueEstimated": null, "fiscalDateEnding": "2019-12-31", "updatedFromDate": "2023-05-17"}, {"date": "2020-01-23", "symbol": "FBIZ", "eps": 0.67, "epsEstimated": 0.55, "time": "bmo", "revenue": 25550000, "revenueEstimated": 21066641.791044775, "fiscalDateEnding": "2019-12-30", "updatedFromDate": "2023-09-29"}, {"date": "2020-01-23", "symbol": "GFED", "eps": 0.55, "epsEstimated": 0.56, "time": "bmo", "revenue": 9281292, "revenueEstimated": 9447029, "fiscalDateEnding": "2019-12-30", "updatedFromDate": "2023-05-17"}, {"date": "2020-01-23", "symbol": "BWB", "eps": 0.29, "epsEstimated": 0.26, "time": "bmo", "revenue": 21040000, "revenueEstimated": 18612307, "fiscalDateEnding": "2019-12-30", "updatedFromDate": "2023-09-29"}, {"date": "2020-01-23", "symbol": "GBOOY", "eps": 0.81, "epsEstimated": null, "time": "bmo", "revenue": 138054000000, "revenueEstimated": null, "fiscalDateEnding": "2019-12-31", "updatedFromDate": "2023-09-29"}, {"date": "2020-01-23", "symbol": "084010.KS", "eps": 219, "epsEstimated": 311.5, "time": "bmo", "revenue": 229684163360, "revenueEstimated": null, "fiscalDateEnding": "2019-12-31", "updatedFromDate": "2023-08-16"}, {"date": "2020-01-23", "symbol": "2020.SR", "eps": 0.81, "epsEstimated": 0.91, "time": "bmo", "revenue": 845577000, "revenueEstimated": null, "fiscalDateEnding": "2019-12-30", "updatedFromDate": "2023-05-17"}, {"date": "2020-01-23", "symbol": "RVSB", "eps": 0.18, "epsEstimated": 0.19, "time": "bmo", "revenue": 14655000, "revenueEstimated": 15469166.666666668, "fiscalDateEnding": "2019-12-30", "updatedFromDate": "2023-09-29"}, {"date": "2020-01-23", "symbol": "MTA", "eps": -0.02355, "epsEstimated": 0.01, "time": "bmo", "revenue": 1608546.230313, "revenueEstimated": null, "fiscalDateEnding": "2019-11-30", "updatedFromDate": "2023-10-10"}, {"date": "2020-01-23", "symbol": "T24.SI", "eps": null, "epsEstimated": null, "time": "bmo", "revenue": null, "revenueEstimated": null, "fiscalDateEnding": "2019-12-31", "updatedFromDate": "2023-05-17"}, {"date": "2020-01-23", "symbol": "UBCP", "eps": 0.31, "epsEstimated": 0.32, "time": "bmo", "revenue": 6422000, "revenueEstimated": 6622687, "fiscalDateEnding": "2019-12-30", "updatedFromDate": "2023-09-29"}, {"date": "2020-01-23", "symbol": "STMMI.MI", "eps": 0.43, "epsEstimated": 0.37, "time": "bmo", "revenue": null, "revenueEstimated": null, "fiscalDateEnding": "2019-12-31", "updatedFromDate": "2023-06-27"}, {"date": "2020-01-23", "symbol": "FFNW", "eps": 0.26, "epsEstimated": 0.23, "time": "bmo", "revenue": 11221000, "revenueEstimated": 9757391, "fiscalDateEnding": "2019-12-30", "updatedFromDate": "2023-09-29"}, {"date": "2020-01-23", "symbol": "TPDNF", "eps": 4.9, "epsEstimated": 4.59, "time": "bmo", "revenue": null, "revenueEstimated": null, "fiscalDateEnding": "2019-12-31", "updatedFromDate": "2023-05-17"}, {"date": "2020-01-23", "symbol": "UBFO", "eps": 0.17, "epsEstimated": null, "time": "bmo", "revenue": 9328000, "revenueEstimated": null, "fiscalDateEnding": "2019-12-30", "updatedFromDate": "2023-09-29"}, {"date": "2020-01-23", "symbol": "ACV.SI", "eps": 0.00116, "epsEstimated": null, "time": "bmo", "revenue": 20244000, "revenueEstimated": null, "fiscalDateEnding": "2019-10-23", "updatedFromDate": "2023-10-16"}, {"date": "2020-01-23", "symbol": "ISRG", "eps": 1.16, "epsEstimated": 1.13, "time": "amc", "revenue": 1277700000, "revenueEstimated": 1240984482.7586207, "fiscalDateEnding": "2019-12-30", "updatedFromDate": "2023-09-29"}, {"date": "2020-01-23", "symbol": "COLB", "eps": 0.64, "epsEstimated": 0.63, "time": "bmo", "revenue": 310515000, "revenueEstimated": 139751000, "fiscalDateEnding": "2019-12-30", "updatedFromDate": "2023-09-29"}, {"date": "2020-01-23", "symbol": "FFBC", "eps": 0.52, "epsEstimated": 0.53, "time": "amc", "revenue": 155670000, "revenueEstimated": 158663653.84615383, "fiscalDateEnding": "2019-12-30", "updatedFromDate": "2023-09-29"}, {"date": "2020-01-23", "symbol": "MGYR", "eps": 0.1, "epsEstimated": null, "time": "bmo", "revenue": 5534000, "revenueEstimated": null, "fiscalDateEnding": "2019-12-30", "updatedFromDate": "2023-09-29"}, {"date": "2020-01-23", "symbol": "KCDMY", "eps": 0.12, "epsEstimated": null, "time": "bmo", "revenue": 10800580000, "revenueEstimated": null, "fiscalDateEnding": "2019-12-31", "updatedFromDate": "2023-09-29"}, {"date": "2020-01-23", "symbol": "RTX.CO", "eps": 1.24, "epsEstimated": null, "time": "bmo", "revenue": 128282000, "revenueEstimated": null, "fiscalDateEnding": "2019-12-31", "updatedFromDate": "2023-08-16"}, {"date": "2020-01-23", "symbol": "BN4.SI", "eps": 0.1, "epsEstimated": 0.14, "time": "bmo", "revenue": 1857431000, "revenueEstimated": null, "fiscalDateEnding": "2019-10-23", "updatedFromDate": "2023-05-17"}, {"date": "2020-01-23", "symbol": "DFS", "eps": 2.25, "epsEstimated": 2.24, "time": "amc", "revenue": 2944000000, "revenueEstimated": 2930915555.555556, "fiscalDateEnding": "2019-12-30", "updatedFromDate": "2023-09-29"}, {"date": "2020-01-23", "symbol": "HTLD", "eps": 0.16, "epsEstimated": 0.23, "time": "bmo", "revenue": 167226000, "revenueEstimated": 240387375, "fiscalDateEnding": "2019-12-30", "updatedFromDate": "2023-09-29"}, {"date": "2020-01-23", "symbol": "PPERY", "eps": 154.97, "epsEstimated": null, "time": "bmo", "revenue": null, "revenueEstimated": null, "fiscalDateEnding": "2019-12-31", "updatedFromDate": "2023-05-17"}, {"date": "2020-01-23", "symbol": "COTTO.BK", "eps": -0.01177, "epsEstimated": null, "time": "bmo", "revenue": 2544775000, "revenueEstimated": null, "fiscalDateEnding": "2019-12-30", "updatedFromDate": "2023-08-16"}, {"date": "2020-01-23", "symbol": "300224.SZ", "eps": 0.01, "epsEstimated": null, "time": "bmo", "revenue": 539599688.95, "revenueEstimated": null, "fiscalDateEnding": "2019-12-30", "updatedFromDate": "2023-05-17"}, {"date": "2020-01-23", "symbol": "TRV", "eps": 3.32, "epsEstimated": 3.29, "time": "bmo", "revenue": 8063000000, "revenueEstimated": 7367816265.060242, "fiscalDateEnding": "2019-12-30", "updatedFromDate": "2023-09-29"}, {"date": "2020-01-23", "symbol": "STECF", "eps": -0.1, "epsEstimated": 0.74, "time": "bmo", "revenue": null, "revenueEstimated": null, "fiscalDateEnding": "2019-12-31", "updatedFromDate": "2023-08-16"}, {"date": "2020-01-23", "symbol": "FCX", "eps": 0.02, "epsEstimated": 0.00213, "time": "bmo", "revenue": 3911000000, "revenueEstimated": null, "fiscalDateEnding": "2019-12-30", "updatedFromDate": "2023-09-29"}, {"date": "2020-01-23", "symbol": "BBNI.JK", "eps": 183, "epsEstimated": 154.77, "time": "bmo", "revenue": 14380788000000, "revenueEstimated": null, "fiscalDateEnding": "2019-12-30", "updatedFromDate": "2023-05-17"}, {"date": "2020-01-23", "symbol": "KEY", "eps": 0.48, "epsEstimated": 0.48, "time": "bmo", "revenue": 1576000000, "revenueEstimated": 1630000000, "fiscalDateEnding": "2019-12-30", "updatedFromDate": "2023-09-29"}, {"date": "2020-01-23", "symbol": "WAYN", "eps": 0.66, "epsEstimated": null, "time": "amc", "revenue": 4908000, "revenueEstimated": null, "fiscalDateEnding": "2019-12-31", "updatedFromDate": "2023-09-29"}, {"date": "2020-01-23", "symbol": "BY", "eps": 0.42, "epsEstimated": 0.38, "time": "amc", "revenue": 65660000, "revenueEstimated": 58748421, "fiscalDateEnding": "2019-12-30", "updatedFromDate": "2023-09-29"}, {"date": "2020-01-23", "symbol": "CDA.PA", "eps": null, "epsEstimated": null, "time": "bmo", "revenue": null, "revenueEstimated": null, "fiscalDateEnding": "2019-10-23", "updatedFromDate": "2023-05-17"}, {"date": "2020-01-23", "symbol": "EBTC", "eps": 0.74, "epsEstimated": null, "time": "bmo", "revenue": 33868000, "revenueEstimated": null, "fiscalDateEnding": "2019-12-30", "updatedFromDate": "2023-09-29"}, {"date": "2020-01-23", "symbol": "TOWN", "eps": 0.49, "epsEstimated": 0.43, "time": "bmo", "revenue": 138968000, "revenueEstimated": 119577116, "fiscalDateEnding": "2019-12-31", "updatedFromDate": "2023-09-29"}, {"date": "2020-01-23", "symbol": "CWQXF", "eps": 2.84, "epsEstimated": 2.42, "time": "bmo", "revenue": null, "revenueEstimated": null, "fiscalDateEnding": "2019-12-31", "updatedFromDate": "2023-05-17"}, {"date": "2020-01-23", "symbol": "WTBA", "eps": 0.46, "epsEstimated": null, "time": "bmo", "revenue": 19429000, "revenueEstimated": null, "fiscalDateEnding": "2019-12-30", "updatedFromDate": "2023-09-29"}, {"date": "2020-01-23", "symbol": "CLFD", "eps": 0.04, "epsEstimated": 0.05, "time": "amc", "revenue": 19377991, "revenueEstimated": 24222487.5, "fiscalDateEnding": "2019-12-30", "updatedFromDate": "2023-09-29"}, {"date": "2020-01-23", "symbol": "AMNB", "eps": 0.67, "epsEstimated": 0.76, "time": "bmo", "revenue": 24652000, "revenueEstimated": 27529934, "fiscalDateEnding": "2019-12-30", "updatedFromDate": "2023-09-29"}, {"date": "2020-01-23", "symbol": "ROOD.AS", "eps": null, "epsEstimated": null, "time": "bmo", "revenue": null, "revenueEstimated": null, "fiscalDateEnding": "2019-10-23", "updatedFromDate": "2023-05-17"}, {"date": "2020-01-23", "symbol": "CMCSA", "eps": 0.79, "epsEstimated": 0.76, "time": "bmo", "revenue": 28398000000, "revenueEstimated": 27319594936.708862, "fiscalDateEnding": "2019-12-30", "updatedFromDate": "2023-09-29"}, {"date": "2020-01-23", "symbol": "OCBI", "eps": null, "epsEstimated": null, "time": "bmo", "revenue": null, "revenueEstimated": null, "fiscalDateEnding": "2019-12-31", "updatedFromDate": "2023-05-17"}, {"date": "2020-01-23", "symbol": "OPBK", "eps": 0.26, "epsEstimated": 0.24, "time": "bmo", "revenue": 13591000, "revenueEstimated": 12459333, "fiscalDateEnding": "2019-12-30", "updatedFromDate": "2023-09-29"}, {"date": "2020-01-23", "symbol": "WAL", "eps": 1.25, "epsEstimated": 1.2, "time": "amc", "revenue": 275972000, "revenueEstimated": 266534541, "fiscalDateEnding": "2019-12-30", "updatedFromDate": "2023-09-29"}, {"date": "2020-01-23", "symbol": "EQBK", "eps": 0.64, "epsEstimated": 0.6, "time": "amc", "revenue": 38339000, "revenueEstimated": 35745733, "fiscalDateEnding": "2019-12-30", "updatedFromDate": "2023-09-29"}, {"date": "2020-01-23", "symbol": "AVX", "eps": 0.28, "epsEstimated": 0.19, "time": "bmo", "revenue": 344441000, "revenueEstimated": 233727821.4285714, "fiscalDateEnding": "2019-12-30", "updatedFromDate": "2023-05-17"}, {"date": "2020-01-23", "symbol": "UNP", "eps": 2.02, "epsEstimated": 2.04, "time": "bmo", "revenue": 5212000000, "revenueEstimated": 5263603960.39604, "fiscalDateEnding": "2019-12-30", "updatedFromDate": "2023-09-29"}, {"date": "2020-01-23", "symbol": "WBS", "eps": 0.96, "epsEstimated": 0.97, "time": "bmo", "revenue": 301695000, "revenueEstimated": 305316593.75, "fiscalDateEnding": "2019-12-30", "updatedFromDate": "2023-09-29"}, {"date": "2020-01-23", "symbol": "PCSB", "eps": 0.14, "epsEstimated": 0.14, "time": "bmo", "revenue": 12244000, "revenueEstimated": 12244000, "fiscalDateEnding": "2019-12-30", "updatedFromDate": "2023-08-16"}, {"date": "2020-01-23", "symbol": "DGT.MI", "eps": null, "epsEstimated": null, "time": "bmo", "revenue": null, "revenueEstimated": null, "fiscalDateEnding": "2019-12-31", "updatedFromDate": "2023-05-17"}, {"date": "2020-01-23", "symbol": "PPERF", "eps": 154.97, "epsEstimated": null, "time": "bmo", "revenue": null, "revenueEstimated": null, "fiscalDateEnding": "2019-12-31", "updatedFromDate": "2023-08-16"}, {"date": "2020-01-23", "symbol": "MYFW", "eps": 0.32, "epsEstimated": 0.31, "time": "amc", "revenue": 16418000, "revenueEstimated": 15183870, "fiscalDateEnding": "2019-12-30", "updatedFromDate": "2023-09-29"}, {"date": "2020-01-23", "symbol": "CBNK", "eps": 0.36, "epsEstimated": 0.31, "time": "bmo", "revenue": 25332000, "revenueEstimated": 21245354, "fiscalDateEnding": "2019-12-30", "updatedFromDate": "2023-09-29"}, {"date": "2020-01-23", "symbol": "HBMBF", "eps": null, "epsEstimated": null, "time": "bmo", "revenue": null, "revenueEstimated": null, "fiscalDateEnding": "2020-06-30", "updatedFromDate": "2023-05-17"}, {"date": "2020-01-23", "symbol": "OBD.L", "eps": null, "epsEstimated": null, "time": "bmo", "revenue": null, "revenueEstimated": null, "fiscalDateEnding": "2019-10-23", "updatedFromDate": "2023-05-17"}, {"date": "2020-01-23", "symbol": "ASB-PE", "eps": 0.45, "epsEstimated": 0.42, "time": "bmo", "revenue": 289813000, "revenueEstimated": null, "fiscalDateEnding": "2019-12-30", "updatedFromDate": "2023-05-17"}, {"date": "2020-01-23", "symbol": "EOLU-B.ST", "eps": 1.69, "epsEstimated": 6.32, "time": "bmo", "revenue": 294352000, "revenueEstimated": null, "fiscalDateEnding": "2019-11-30", "updatedFromDate": "2023-10-16"}, {"date": "2020-01-23", "symbol": "6594.T", "eps": 85.81, "epsEstimated": 62.84, "time": "bmo", "revenue": 414918000000, "revenueEstimated": null, "fiscalDateEnding": "2019-10-23", "updatedFromDate": "2023-10-17"}, {"date": "2020-01-23", "symbol": "SBCF", "eps": 0.52, "epsEstimated": 0.5, "time": "amc", "revenue": 78136000, "revenueEstimated": 75130769.23076922, "fiscalDateEnding": "2019-12-30", "updatedFromDate": "2023-09-29"}, {"date": "2020-01-23", "symbol": "FCAP", "eps": 0.72, "epsEstimated": null, "time": "bmo", "revenue": 9263000, "revenueEstimated": null, "fiscalDateEnding": "2019-12-30", "updatedFromDate": "2023-09-29"}, {"date": "2020-01-23", "symbol": "ORI", "eps": 0.47, "epsEstimated": 0.39, "time": "bmo", "revenue": 1929500000, "revenueEstimated": 1438402127.6595745, "fiscalDateEnding": "2019-12-30", "updatedFromDate": "2023-09-29"}, {"date": "2020-01-23", "symbol": "ERIXF", "eps": 1.25, "epsEstimated": 1.4, "time": "bmo", "revenue": null, "revenueEstimated": 10124799.999999998, "fiscalDateEnding": "2019-12-31", "updatedFromDate": "2023-05-17"}, {"date": "2020-01-23", "symbol": "JBLU", "eps": 0.56, "epsEstimated": 0.55, "time": "bmo", "revenue": 2031000000, "revenueEstimated": 1994732142.8571427, "fiscalDateEnding": "2019-12-30", "updatedFromDate": "2023-09-29"}, {"date": "2020-01-23", "symbol": "S68.SI", "eps": 0.09, "epsEstimated": 0.1, "time": "bmo", "revenue": 263174500, "revenueEstimated": null, "fiscalDateEnding": "2019-10-23", "updatedFromDate": "2023-10-17"}, {"date": "2020-01-23", "symbol": "CRRFY", "eps": null, "epsEstimated": null, "time": "bmo", "revenue": null, "revenueEstimated": null, "fiscalDateEnding": "2019-12-31", "updatedFromDate": "2023-05-17"}, {"date": "2020-01-23", "symbol": "GATX", "eps": 1.36, "epsEstimated": 1.05, "time": "bmo", "revenue": 356700000, "revenueEstimated": 275393382.35294116, "fiscalDateEnding": "2019-12-30", "updatedFromDate": "2023-09-29"}, {"date": "2020-01-23", "symbol": "SIVB", "eps": 5.06, "epsEstimated": 4.65, "time": "amc", "revenue": 807152000, "revenueEstimated": 778380592.8853756, "fiscalDateEnding": "2019-10-23", "updatedFromDate": "2023-05-17"}, {"date": "2020-01-23", "symbol": "ITDN", "eps": -0.00015, "epsEstimated": null, "time": "bmo", "revenue": null, "revenueEstimated": null, "fiscalDateEnding": "2019-12-30", "updatedFromDate": "2023-05-17"}, {"date": "2020-01-23", "symbol": "ABCB", "eps": 0.96, "epsEstimated": 0.96, "time": "amc", "revenue": 209366000, "revenueEstimated": 209366000, "fiscalDateEnding": "2019-12-30", "updatedFromDate": "2023-09-29"}, {"date": "2020-01-23", "symbol": "MTB", "eps": 3.6, "epsEstimated": 3.47, "time": "bmo", "revenue": 1529873000, "revenueEstimated": 1474627586.1111112, "fiscalDateEnding": "2019-12-30", "updatedFromDate": "2023-09-29"}, {"date": "2020-01-23", "symbol": "207940.KS", "eps": 3184, "epsEstimated": 866.18, "time": "bmo", "revenue": 313327001550, "revenueEstimated": null, "fiscalDateEnding": "2019-12-30", "updatedFromDate": "2023-05-17"}, {"date": "2020-01-23", "symbol": "HTBK", "eps": 0.27, "epsEstimated": 0.25, "time": "bmo", "revenue": 41622000, "revenueEstimated": 59311350, "fiscalDateEnding": "2019-12-30", "updatedFromDate": "2023-09-29"}, {"date": "2020-01-23", "symbol": "6146.T", "eps": 176.26, "epsEstimated": 145.05, "time": "bmo", "revenue": 44394000000, "revenueEstimated": null, "fiscalDateEnding": "2019-10-23", "updatedFromDate": "2023-10-17"}, {"date": "2020-01-23", "symbol": "DSCSY", "eps": 0.05, "epsEstimated": 0.04, "time": "bmo", "revenue": 44394000000, "revenueEstimated": null, "fiscalDateEnding": "2019-10-23", "updatedFromDate": "2023-10-17"}, {"date": "2020-01-23", "symbol": "PCB", "eps": 0.26, "epsEstimated": 0.39, "time": "bmo", "revenue": 20264000, "revenueEstimated": 27018666, "fiscalDateEnding": "2019-12-30", "updatedFromDate": "2023-09-29"}, {"date": "2020-01-23", "symbol": "MMAPF", "eps": null, "epsEstimated": null, "time": "bmo", "revenue": null, "revenueEstimated": null, "fiscalDateEnding": "2019-12-31", "updatedFromDate": "2023-05-17"}, {"date": "2020-01-23", "symbol": "M1GU.SI", "eps": null, "epsEstimated": null, "time": "bmo", "revenue": null, "revenueEstimated": null, "fiscalDateEnding": "2019-12-31", "updatedFromDate": "2023-05-17"}, {"date": "2020-01-23", "symbol": "TEAM", "eps": 0.37, "epsEstimated": 0.27, "time": "amc", "revenue": 408725000, "revenueEstimated": 298258783.7837838, "fiscalDateEnding": "2019-12-31", "updatedFromDate": "2023-09-29"}, {"date": "2020-01-23", "symbol": "SRCE", "eps": 0.86, "epsEstimated": 0.89, "time": "bmo", "revenue": 80873000, "revenueEstimated": 83694151.1627907, "fiscalDateEnding": "2019-12-30", "updatedFromDate": "2023-09-29"}, {"date": "2020-01-23", "symbol": "2290.SR", "eps": 0.31, "epsEstimated": 0.35, "time": "amc", "revenue": 1482084000, "revenueEstimated": null, "fiscalDateEnding": "2019-12-30", "updatedFromDate": "2023-05-17"}, {"date": "2020-01-23", "symbol": "QGPLF", "eps": null, "epsEstimated": null, "time": "bmo", "revenue": null, "revenueEstimated": null, "fiscalDateEnding": "2019-12-31", "updatedFromDate": "2023-05-17"}, {"date": "2020-01-23", "symbol": "CZFS", "eps": 1.39, "epsEstimated": 1.36, "time": "bmo", "revenue": 14939000, "revenueEstimated": 14616575, "fiscalDateEnding": "2019-12-30", "updatedFromDate": "2023-09-29"}, {"date": "2020-01-23", "symbol": "AIT", "eps": 0.97, "epsEstimated": 0.95, "time": "bmo", "revenue": 833375000, "revenueEstimated": 816192010.3092784, "fiscalDateEnding": "2019-12-30", "updatedFromDate": "2023-09-29"}, {"date": "2020-01-23", "symbol": "CEATLTD.NS", "eps": 32.67, "epsEstimated": null, "time": "bmo", "revenue": 22212500000, "revenueEstimated": null, "fiscalDateEnding": "2019-10-23", "updatedFromDate": "2023-10-16"}, {"date": "2020-01-23", "symbol": "IBCP", "eps": 0.61, "epsEstimated": 0.56, "time": "bmo", "revenue": 44667000, "revenueEstimated": 40804553, "fiscalDateEnding": "2019-12-30", "updatedFromDate": "2023-09-29"}, {"date": "2020-01-23", "symbol": "FFIN", "eps": 0.3, "epsEstimated": 0.29, "time": "bmo", "revenue": 100250000, "revenueEstimated": 99246700, "fiscalDateEnding": "2019-12-30", "updatedFromDate": "2023-09-29"}, {"date": "2020-01-23", "symbol": "NXGN", "eps": 0.23, "epsEstimated": 0.2, "time": "amc", "revenue": 137740000, "revenueEstimated": 119773913.04347825, "fiscalDateEnding": "2019-12-30", "updatedFromDate": "2023-09-29"}, {"date": "2020-01-23", "symbol": "FVCB", "eps": 0.21, "epsEstimated": 0.2, "time": "bmo", "revenue": 12425000, "revenueEstimated": 11928000, "fiscalDateEnding": "2019-12-30", "updatedFromDate": "2023-09-29"}, {"date": "2020-01-23", "symbol": "HBAN", "eps": 0.28, "epsEstimated": 0.31, "time": "bmo", "revenue": 1152000000, "revenueEstimated": 1275428571.4285712, "fiscalDateEnding": "2019-12-30", "updatedFromDate": "2023-09-29"}, {"date": "2020-01-23", "symbol": "ICBK", "eps": 0.47, "epsEstimated": 0.5, "time": "amc", "revenue": 13260000, "revenueEstimated": 14055600, "fiscalDateEnding": "2019-12-30", "updatedFromDate": "2023-05-17"}, {"date": "2020-01-23", "symbol": "GBCI", "eps": 0.62, "epsEstimated": 0.59, "time": "amc", "revenue": 164865000, "revenueEstimated": 156887661.29032257, "fiscalDateEnding": "2019-12-30", "updatedFromDate": "2023-09-29"}, {"date": "2020-01-23", "symbol": "SBFG", "eps": 0.4, "epsEstimated": 0.34, "time": "amc", "revenue": 14555000, "revenueEstimated": 12129166, "fiscalDateEnding": "2019-12-30", "updatedFromDate": "2023-09-29"}, {"date": "2020-01-23", "symbol": "PARB.OL", "eps": 1.61, "epsEstimated": 1.41, "time": "bmo", "revenue": 188437000, "revenueEstimated": null, "fiscalDateEnding": "2019-12-30", "updatedFromDate": "2023-05-17"}, {"date": "2020-01-23", "symbol": "J91U.SI", "eps": null, "epsEstimated": null, "time": "bmo", "revenue": null, "revenueEstimated": null, "fiscalDateEnding": "2019-12-31", "updatedFromDate": "2023-05-17"}, {"date": "2020-01-23", "symbol": "FMBH", "eps": 0.72, "epsEstimated": 0.69, "time": "bmo", "revenue": 45857000, "revenueEstimated": 40526869, "fiscalDateEnding": "2019-12-30", "updatedFromDate": "2023-09-29"}, {"date": "2020-01-23", "symbol": "HFWA", "eps": 0.47, "epsEstimated": 0.46, "time": "bmo", "revenue": 58126000, "revenueEstimated": 56889276.595744684, "fiscalDateEnding": "2019-12-30", "updatedFromDate": "2023-09-29"}, {"date": "2020-01-23", "symbol": "PPBI", "eps": 0.69, "epsEstimated": 0.61, "time": "bmo", "revenue": 117119000, "revenueEstimated": 108491594.20289856, "fiscalDateEnding": "2019-12-30", "updatedFromDate": "2023-09-29"}, {"date": "2020-01-23", "symbol": "OBT", "eps": 0.646, "epsEstimated": null, "time": "bmo", "revenue": 13635000, "revenueEstimated": null, "fiscalDateEnding": "2019-12-31", "updatedFromDate": "2023-09-29"}]}