{"result": [{"date": "2020-02-20", "symbol": "SIX", "eps": -0.13192, "epsEstimated": 0.11, "time": "bmo", "revenue": 261000000, "revenueEstimated": 281076923.07692313, "fiscalDateEnding": "2019-12-30", "updatedFromDate": "2023-10-16"}, {"date": "2020-02-20", "symbol": "WLMIY", "eps": 0.65, "epsEstimated": null, "time": "bmo", "revenue": null, "revenueEstimated": null, "fiscalDateEnding": "2019-11-20", "updatedFromDate": "2023-09-29"}, {"date": "2020-02-20", "symbol": "TXMD", "eps": -9.5, "epsEstimated": -10, "time": "bmo", "revenue": 15901680, "revenueEstimated": 15901680, "fiscalDateEnding": "2019-12-30", "updatedFromDate": "2023-09-29"}, {"date": "2020-02-20", "symbol": "AMKBF", "eps": 1.21, "epsEstimated": 17.62, "time": "bmo", "revenue": null, "revenueEstimated": null, "fiscalDateEnding": "2019-12-31", "updatedFromDate": "2023-05-17"}, {"date": "2020-02-20", "symbol": "BELFB", "eps": -0.3, "epsEstimated": -0.00937, "time": "bmo", "revenue": 115128000, "revenueEstimated": 3837600.000000012, "fiscalDateEnding": "2019-12-30", "updatedFromDate": "2023-09-29"}, {"date": "2020-02-20", "symbol": "CC3.SI", "eps": 0.02, "epsEstimated": 0.0179, "time": "bmo", "revenue": null, "revenueEstimated": null, "fiscalDateEnding": "2019-12-31", "updatedFromDate": "2023-05-17"}, {"date": "2020-02-20", "symbol": "REG1V.HE", "eps": 0.14, "epsEstimated": 0.15, "time": "bmo", "revenue": 14974000, "revenueEstimated": null, "fiscalDateEnding": "2019-12-30", "updatedFromDate": "2023-05-17"}, {"date": "2020-02-20", "symbol": "EGCO.BK", "eps": 4.83, "epsEstimated": 5.11, "time": "bmo", "revenue": 8938376265, "revenueEstimated": null, "fiscalDateEnding": "2019-12-30", "updatedFromDate": "2023-05-17"}, {"date": "2020-02-20", "symbol": "BELFA", "eps": -0.3, "epsEstimated": -0.00937, "time": "bmo", "revenue": 115128000, "revenueEstimated": 3837600.000000012, "fiscalDateEnding": "2019-12-30", "updatedFromDate": "2023-09-29"}, {"date": "2020-02-20", "symbol": "RWLK", "eps": -0.49, "epsEstimated": -0.36, "time": "bmo", "revenue": 1181000, "revenueEstimated": 867673.469387755, "fiscalDateEnding": "2019-12-30", "updatedFromDate": "2023-09-29"}, {"date": "2020-02-20", "symbol": "MATV", "eps": 0.8, "epsEstimated": 0.71, "time": "amc", "revenue": 238500000, "revenueEstimated": 211668750, "fiscalDateEnding": "2019-12-30", "updatedFromDate": "2023-09-29"}, {"date": "2020-02-20", "symbol": "LKQ", "eps": 0.54, "epsEstimated": 0.52, "time": "bmo", "revenue": 3009860000, "revenueEstimated": 2898383703.7037034, "fiscalDateEnding": "2019-12-30", "updatedFromDate": "2023-09-29"}, {"date": "2020-02-20", "symbol": "JRONF", "eps": 0.2, "epsEstimated": 0.2, "time": "bmo", "revenue": null, "revenueEstimated": null, "fiscalDateEnding": "2019-12-31", "updatedFromDate": "2023-05-17"}, {"date": "2020-02-20", "symbol": "BESIY", "eps": 0.48, "epsEstimated": null, "time": "bmo", "revenue": 356195000, "revenueEstimated": null, "fiscalDateEnding": "2019-12-30", "updatedFromDate": "2023-09-29"}, {"date": "2020-02-20", "symbol": "CHE-UN.TO", "eps": -0.14, "epsEstimated": -0.11, "time": "bmo", "revenue": 355215000, "revenueEstimated": null, "fiscalDateEnding": "2019-12-30", "updatedFromDate": "2023-05-17"}, {"date": "2020-02-20", "symbol": "EFX.TO", "eps": 0.35, "epsEstimated": 0.53, "time": "bmo", "revenue": 474362000, "revenueEstimated": null, "fiscalDateEnding": "2019-12-30", "updatedFromDate": "2023-05-17"}, {"date": "2020-02-20", "symbol": "ARA.MX", "eps": 0.11, "epsEstimated": null, "time": "bmo", "revenue": 1755585000, "revenueEstimated": null, "fiscalDateEnding": "2019-12-30", "updatedFromDate": "2023-05-17"}, {"date": "2020-02-20", "symbol": "HUMBLE.ST", "eps": -0.14456, "epsEstimated": null, "time": "bmo", "revenue": 1319880, "revenueEstimated": null, "fiscalDateEnding": "2019-12-31", "updatedFromDate": "2023-10-16"}, {"date": "2020-02-20", "symbol": "PTIZF", "eps": 0.03, "epsEstimated": 0.044, "time": "bmo", "revenue": null, "revenueEstimated": null, "fiscalDateEnding": "2019-12-31", "updatedFromDate": "2023-05-17"}, {"date": "2020-02-20", "symbol": "REI-UN.TO", "eps": 0.4924, "epsEstimated": null, "time": "bmo", "revenue": 320731000, "revenueEstimated": null, "fiscalDateEnding": "2019-12-30", "updatedFromDate": "2023-05-17"}, {"date": "2020-02-20", "symbol": "MND.TO", "eps": -0.05, "epsEstimated": -0.04, "time": "bmo", "revenue": 22737000, "revenueEstimated": null, "fiscalDateEnding": "2019-12-31", "updatedFromDate": "2023-08-17"}, {"date": "2020-02-20", "symbol": "SEM", "eps": 0.31, "epsEstimated": 0.2, "time": "amc", "revenue": 1374584000, "revenueEstimated": 842486967.7419355, "fiscalDateEnding": "2019-12-30", "updatedFromDate": "2023-09-29"}, {"date": "2020-02-20", "symbol": "MRCBF", "eps": null, "epsEstimated": null, "time": "bmo", "revenue": null, "revenueEstimated": null, "fiscalDateEnding": "2019-12-31", "updatedFromDate": "2023-05-17"}, {"date": "2020-02-20", "symbol": "ACARIX.ST", "eps": -0.1698, "epsEstimated": null, "time": "bmo", "revenue": 121000, "revenueEstimated": null, "fiscalDateEnding": "2019-11-20", "updatedFromDate": "2023-05-17"}, {"date": "2020-02-20", "symbol": "BOUYF", "eps": 0.89, "epsEstimated": null, "time": "bmo", "revenue": 38010000000, "revenueEstimated": null, "fiscalDateEnding": "2019-12-31", "updatedFromDate": "2023-09-29"}, {"date": "2020-02-20", "symbol": "CNCJO-B.ST", "eps": -12.28829, "epsEstimated": null, "time": "bmo", "revenue": -944900000, "revenueEstimated": null, "fiscalDateEnding": "2019-12-30", "updatedFromDate": "2023-05-17"}, {"date": "2020-02-20", "symbol": "TOVX", "eps": -1.9, "epsEstimated": -2.3, "time": "bmo", "revenue": null, "revenueEstimated": null, "fiscalDateEnding": "2019-12-31", "updatedFromDate": "2023-09-29"}, {"date": "2020-02-20", "symbol": "ITGR", "eps": 1.25, "epsEstimated": 1.18, "time": "bmo", "revenue": 325637000, "revenueEstimated": 307401328, "fiscalDateEnding": "2019-12-30", "updatedFromDate": "2023-09-29"}, {"date": "2020-02-20", "symbol": "1970.HK", "eps": null, "epsEstimated": null, "time": "bmo", "revenue": null, "revenueEstimated": null, "fiscalDateEnding": "2019-11-20", "updatedFromDate": "2023-05-17"}, {"date": "2020-02-20", "symbol": "023000.KS", "eps": 23.59, "epsEstimated": null, "time": "bmo", "revenue": 61078233440, "revenueEstimated": null, "fiscalDateEnding": "2019-12-30", "updatedFromDate": "2023-05-17"}, {"date": "2020-02-20", "symbol": "CJT.TO", "eps": -0.33, "epsEstimated": 0.61, "time": "bmo", "revenue": 139700000, "revenueEstimated": null, "fiscalDateEnding": "2019-12-30", "updatedFromDate": "2023-05-17"}, {"date": "2020-02-20", "symbol": "CNSL", "eps": 0.01, "epsEstimated": 0.00415, "time": "bmo", "revenue": 331035000, "revenueEstimated": 662070000, "fiscalDateEnding": "2019-12-30", "updatedFromDate": "2023-09-29"}, {"date": "2020-02-20", "symbol": "CAMT.TA", "eps": 0.14, "epsEstimated": 0.12, "time": "bmo", "revenue": null, "revenueEstimated": null, "fiscalDateEnding": "2019-12-31", "updatedFromDate": "2023-05-17"}, {"date": "2020-02-20", "symbol": "MVBF", "eps": 0.32, "epsEstimated": 0.28, "time": "bmo", "revenue": 30621000, "revenueEstimated": 26103875.000000004, "fiscalDateEnding": "2019-12-30", "updatedFromDate": "2023-09-29"}, {"date": "2020-02-20", "symbol": "BALCO.ST", "eps": 1.1, "epsEstimated": 1.58, "time": "bmo", "revenue": 333305000, "revenueEstimated": null, "fiscalDateEnding": "2019-12-30", "updatedFromDate": "2023-05-17"}, {"date": "2020-02-20", "symbol": "VICI", "eps": 0.21, "epsEstimated": 0.33, "time": "amc", "revenue": 237537000, "revenueEstimated": 373272428.5714286, "fiscalDateEnding": "2019-12-30", "updatedFromDate": "2023-09-29"}, {"date": "2020-02-20", "symbol": "IDCC", "eps": 0.44, "epsEstimated": 0.27, "time": "bmo", "revenue": 102161000, "revenueEstimated": 62689704.54545455, "fiscalDateEnding": "2019-12-30", "updatedFromDate": "2023-09-29"}, {"date": "2020-02-20", "symbol": "COG", "eps": 0.3, "epsEstimated": 0.3, "time": "amc", "revenue": 461368000, "revenueEstimated": 461368000, "fiscalDateEnding": "2019-12-30", "updatedFromDate": "2023-05-17"}, {"date": "2020-02-20", "symbol": "TLPFF", "eps": null, "epsEstimated": null, "time": "bmo", "revenue": null, "revenueEstimated": null, "fiscalDateEnding": "2019-12-31", "updatedFromDate": "2023-05-17"}, {"date": "2020-02-20", "symbol": "FMM-B.ST", "eps": 0.68, "epsEstimated": 1.3, "time": "bmo", "revenue": 344070000, "revenueEstimated": null, "fiscalDateEnding": "2019-12-30", "updatedFromDate": "2023-05-17"}, {"date": "2020-02-20", "symbol": "SCRPF", "eps": -0.01, "epsEstimated": -0.00429, "time": "bmo", "revenue": null, "revenueEstimated": null, "fiscalDateEnding": "2019-12-31", "updatedFromDate": "2023-05-17"}, {"date": "2020-02-20", "symbol": "GOL", "eps": 0.43, "epsEstimated": 0.45, "time": "bmo", "revenue": 3803343000, "revenueEstimated": 5009281024, "fiscalDateEnding": "2019-12-31", "updatedFromDate": "2023-09-29"}, {"date": "2020-02-20", "symbol": "ATR", "eps": 0.8, "epsEstimated": 0.78, "time": "amc", "revenue": 671333000, "revenueEstimated": 654549675, "fiscalDateEnding": "2019-12-30", "updatedFromDate": "2023-09-29"}, {"date": "2020-02-20", "symbol": "NBA.LS", "eps": null, "epsEstimated": null, "time": "bmo", "revenue": null, "revenueEstimated": null, "fiscalDateEnding": "2019-11-20", "updatedFromDate": "2023-05-17"}, {"date": "2020-02-20", "symbol": "JRVR", "eps": 0.76, "epsEstimated": 0.75, "time": "amc", "revenue": 241150000, "revenueEstimated": 220650000, "fiscalDateEnding": "2019-12-30", "updatedFromDate": "2023-09-29"}, {"date": "2020-02-20", "symbol": "192820.KS", "eps": 946.91, "epsEstimated": 814.9, "time": "bmo", "revenue": 353073600730, "revenueEstimated": null, "fiscalDateEnding": "2019-12-30", "updatedFromDate": "2023-05-17"}, {"date": "2020-02-20", "symbol": "MYTEF", "eps": -0.01, "epsEstimated": 0.06, "time": "bmo", "revenue": null, "revenueEstimated": null, "fiscalDateEnding": "2019-12-31", "updatedFromDate": "2023-05-17"}, {"date": "2020-02-20", "symbol": "SHLX", "eps": 0.37, "epsEstimated": 0.4, "time": "bmo", "revenue": 126000000, "revenueEstimated": 543783783.7837838, "fiscalDateEnding": "2019-12-30", "updatedFromDate": "2023-05-17"}, {"date": "2020-02-20", "symbol": "CORT", "eps": 0.24, "epsEstimated": 0.25, "time": "amc", "revenue": 87895000, "revenueEstimated": 91557291.66666667, "fiscalDateEnding": "2019-12-30", "updatedFromDate": "2023-09-29"}, {"date": "2020-02-20", "symbol": "REPYY", "eps": 0.29, "epsEstimated": 0.37, "time": "bmo", "revenue": 12223000000, "revenueEstimated": null, "fiscalDateEnding": "2019-12-31", "updatedFromDate": "2023-09-29"}, {"date": "2020-02-20", "symbol": "FOCS", "eps": 0.75, "epsEstimated": 0.6, "time": "bmo", "revenue": 340231000, "revenueEstimated": 276721213.3333333, "fiscalDateEnding": "2019-12-30", "updatedFromDate": "2023-09-29"}, {"date": "2020-02-20", "symbol": "VLEEF", "eps": null, "epsEstimated": 0.47, "time": "bmo", "revenue": null, "revenueEstimated": null, "fiscalDateEnding": "2019-12-31", "updatedFromDate": "2023-05-17"}, {"date": "2020-02-20", "symbol": "SYN", "eps": -0.19, "epsEstimated": -0.23, "time": "amc", "revenue": null, "revenueEstimated": null, "fiscalDateEnding": "2019-12-30", "updatedFromDate": "2023-08-16"}, {"date": "2020-02-20", "symbol": "PEB-PF", "eps": 0.08, "epsEstimated": 0.05, "time": "bmo", "revenue": null, "revenueEstimated": null, "fiscalDateEnding": "2019-12-30", "updatedFromDate": "2023-05-17"}, {"date": "2020-02-20", "symbol": "CLF", "eps": 0.25, "epsEstimated": 0.24, "time": "bmo", "revenue": 534100000, "revenueEstimated": 512736000, "fiscalDateEnding": "2019-12-30", "updatedFromDate": "2023-09-29"}, {"date": "2020-02-20", "symbol": "OEC", "eps": 0.42, "epsEstimated": 0.38, "time": "amc", "revenue": 322428000, "revenueEstimated": 306306600, "fiscalDateEnding": "2019-12-30", "updatedFromDate": "2023-09-29"}, {"date": "2020-02-20", "symbol": "002303.SZ", "eps": 0.15, "epsEstimated": null, "time": "bmo", "revenue": 1011021985.93, "revenueEstimated": null, "fiscalDateEnding": "2019-12-30", "updatedFromDate": "2023-05-17"}, {"date": "2020-02-20", "symbol": "SENS.ST", "eps": 0.02, "epsEstimated": 0.005, "time": "bmo", "revenue": 157994000, "revenueEstimated": null, "fiscalDateEnding": "2019-12-30", "updatedFromDate": "2023-08-16"}, {"date": "2020-02-20", "symbol": "GIL.TO", "eps": 0.41, "epsEstimated": 0.41, "time": "bmo", "revenue": 658673000, "revenueEstimated": null, "fiscalDateEnding": "2019-12-31", "updatedFromDate": "2023-10-16"}, {"date": "2020-02-20", "symbol": "AF.PA", "eps": 0.14, "epsEstimated": 0.47, "time": "bmo", "revenue": 6457000000, "revenueEstimated": null, "fiscalDateEnding": "2019-12-31", "updatedFromDate": "2023-10-16"}, {"date": "2020-02-20", "symbol": "MORN", "eps": 0.94, "epsEstimated": null, "time": "amc", "revenue": 332400000, "revenueEstimated": null, "fiscalDateEnding": "2019-12-30", "updatedFromDate": "2023-09-29"}, {"date": "2020-02-20", "symbol": "BAVA.CO", "eps": -1.11, "epsEstimated": -1.06, "time": "bmo", "revenue": 290193000, "revenueEstimated": null, "fiscalDateEnding": "2019-12-30", "updatedFromDate": "2023-07-24"}, {"date": "2020-02-20", "symbol": "HEES", "eps": 0.88, "epsEstimated": 0.69, "time": "bmo", "revenue": 348133000, "revenueEstimated": 265055806.81818184, "fiscalDateEnding": "2019-12-30", "updatedFromDate": "2023-09-29"}, {"date": "2020-02-20", "symbol": "002351.SZ", "eps": 0.05, "epsEstimated": null, "time": "bmo", "revenue": 455068484.02, "revenueEstimated": null, "fiscalDateEnding": "2019-12-30", "updatedFromDate": "2023-05-17"}, {"date": "2020-02-20", "symbol": "D-UN.TO", "eps": 1.01, "epsEstimated": null, "time": "bmo", "revenue": 56990000, "revenueEstimated": null, "fiscalDateEnding": "2019-12-30", "updatedFromDate": "2023-05-17"}, {"date": "2020-02-20", "symbol": "DRH-PA", "eps": 0.66, "epsEstimated": 0.09, "time": "bmo", "revenue": null, "revenueEstimated": null, "fiscalDateEnding": "2019-12-30", "updatedFromDate": "2023-05-17"}, {"date": "2020-02-20", "symbol": "078520.KS", "eps": -279, "epsEstimated": null, "time": "bmo", "revenue": 123323513740, "revenueEstimated": null, "fiscalDateEnding": "2019-12-30", "updatedFromDate": "2023-05-17"}, {"date": "2020-02-20", "symbol": "5FB.DE", "eps": -0.12, "epsEstimated": -0.02044, "time": "bmo", "revenue": 502142000, "revenueEstimated": null, "fiscalDateEnding": "2019-12-31", "updatedFromDate": "2023-05-17"}, {"date": "2020-02-20", "symbol": "2633.TW", "eps": 0.33, "epsEstimated": 0.37, "time": "bmo", "revenue": 12199791000, "revenueEstimated": null, "fiscalDateEnding": "2019-12-30", "updatedFromDate": "2023-05-17"}, {"date": "2020-02-20", "symbol": "ANNMF", "eps": 0.15, "epsEstimated": 0.14, "time": "bmo", "revenue": null, "revenueEstimated": null, "fiscalDateEnding": "2019-12-31", "updatedFromDate": "2023-05-17"}, {"date": "2020-02-20", "symbol": "TLPFY", "eps": null, "epsEstimated": null, "time": "bmo", "revenue": null, "revenueEstimated": null, "fiscalDateEnding": "2019-12-31", "updatedFromDate": "2023-05-17"}, {"date": "2020-02-20", "symbol": "COPP-B.ST", "eps": -0.00761, "epsEstimated": null, "time": "bmo", "revenue": null, "revenueEstimated": null, "fiscalDateEnding": "2019-12-31", "updatedFromDate": "2023-10-16"}, {"date": "2020-02-20", "symbol": "EIF.TO", "eps": 0.88, "epsEstimated": 0.77, "time": "bmo", "revenue": 363287000, "revenueEstimated": null, "fiscalDateEnding": "2019-12-31", "updatedFromDate": "2023-05-17"}, {"date": "2020-02-20", "symbol": "NGHCP", "eps": 0.72, "epsEstimated": 0.61, "time": "bmo", "revenue": 1369105000, "revenueEstimated": 1159936180.5555556, "fiscalDateEnding": "2019-09-30", "updatedFromDate": "2023-05-17"}, {"date": "2020-02-20", "symbol": "CNDT", "eps": 0.18, "epsEstimated": 0.19, "time": "amc", "revenue": 1099000000, "revenueEstimated": 1221111111.1111112, "fiscalDateEnding": "2019-12-30", "updatedFromDate": "2023-09-29"}, {"date": "2020-02-20", "symbol": "HASI", "eps": 0.4, "epsEstimated": 0.36, "time": "amc", "revenue": 67007000, "revenueEstimated": 35453400, "fiscalDateEnding": "2019-12-30", "updatedFromDate": "2023-09-29"}, {"date": "2020-02-20", "symbol": "600261.SS", "eps": -0.03, "epsEstimated": null, "time": "bmo", "revenue": 956933151.77, "revenueEstimated": null, "fiscalDateEnding": "2020-03-30", "updatedFromDate": "2023-05-17"}, {"date": "2020-02-20", "symbol": "OVARO.HE", "eps": -0.43292, "epsEstimated": -0.14, "time": "bmo", "revenue": 2578000, "revenueEstimated": null, "fiscalDateEnding": "2019-12-30", "updatedFromDate": "2023-08-16"}, {"date": "2020-02-20", "symbol": "SGC", "eps": 0.2, "epsEstimated": 0.15, "time": "bmo", "revenue": 108413000, "revenueEstimated": 81309750, "fiscalDateEnding": "2019-12-30", "updatedFromDate": "2023-09-29"}, {"date": "2020-02-20", "symbol": "3673.TW", "eps": -0.24, "epsEstimated": 0.71, "time": "bmo", "revenue": 36944539000, "revenueEstimated": null, "fiscalDateEnding": "2019-12-30", "updatedFromDate": "2023-05-17"}, {"date": "2020-02-20", "symbol": "RAIL.ST", "eps": 0.00904, "epsEstimated": null, "time": "bmo", "revenue": 93537000, "revenueEstimated": null, "fiscalDateEnding": "2019-12-31", "updatedFromDate": "2023-10-16"}, {"date": "2020-02-20", "symbol": "LUND-B.ST", "eps": 22.29, "epsEstimated": null, "time": "bmo", "revenue": 6480000000, "revenueEstimated": null, "fiscalDateEnding": "2019-12-30", "updatedFromDate": "2023-05-17"}, {"date": "2020-02-20", "symbol": "102710.KQ", "eps": 628.84, "epsEstimated": 1089, "time": "bmo", "revenue": null, "revenueEstimated": null, "fiscalDateEnding": "2019-12-31", "updatedFromDate": "2023-05-17"}, {"date": "2020-02-20", "symbol": "PRAH", "eps": 1.54, "epsEstimated": 1.47, "time": "amc", "revenue": 800240000, "revenueEstimated": 763865454.5454545, "fiscalDateEnding": "2019-12-30", "updatedFromDate": "2023-05-17"}, {"date": "2020-02-20", "symbol": "KNSL", "eps": 0.63, "epsEstimated": 0.64, "time": "amc", "revenue": 92804000, "revenueEstimated": 84096000, "fiscalDateEnding": "2019-12-30", "updatedFromDate": "2023-09-29"}, {"date": "2020-02-20", "symbol": "L-PB.TO", "eps": 1.09, "epsEstimated": 1.12, "time": "bmo", "revenue": 11590000000, "revenueEstimated": null, "fiscalDateEnding": "2019-12-31", "updatedFromDate": "2023-10-16"}, {"date": "2020-02-20", "symbol": "NEM", "eps": 0.5, "epsEstimated": 0.48, "time": "bmo", "revenue": 2967000000, "revenueEstimated": 2848320000, "fiscalDateEnding": "2019-12-30", "updatedFromDate": "2023-09-29"}, {"date": "2020-02-20", "symbol": "BZWHF", "eps": 0.11, "epsEstimated": 0.00846, "time": "bmo", "revenue": null, "revenueEstimated": null, "fiscalDateEnding": "2019-12-31", "updatedFromDate": "2023-05-17"}, {"date": "2020-02-20", "symbol": "MCS", "eps": 0.3, "epsEstimated": 0.22, "time": "bmo", "revenue": 206862000, "revenueEstimated": 151698800, "fiscalDateEnding": "2019-12-25", "updatedFromDate": "2023-09-29"}, {"date": "2020-02-20", "symbol": "MTUAY", "eps": 1.55, "epsEstimated": null, "time": "bmo", "revenue": null, "revenueEstimated": null, "fiscalDateEnding": "2019-11-20", "updatedFromDate": "2023-09-29"}, {"date": "2020-02-20", "symbol": "OVCHF", "eps": 0.28, "epsEstimated": 0.25, "time": "bmo", "revenue": null, "revenueEstimated": null, "fiscalDateEnding": "2019-12-31", "updatedFromDate": "2023-05-17"}, {"date": "2020-02-20", "symbol": "F34.SI", "eps": 0.07, "epsEstimated": 0.06, "time": "bmo", "revenue": null, "revenueEstimated": null, "fiscalDateEnding": "2019-11-20", "updatedFromDate": "2023-05-17"}, {"date": "2020-02-20", "symbol": "133820.KS", "eps": -173.36, "epsEstimated": null, "time": "bmo", "revenue": 27320139290, "revenueEstimated": null, "fiscalDateEnding": "2020-03-30", "updatedFromDate": "2023-05-17"}, {"date": "2020-02-20", "symbol": "GOLL4.SA", "eps": 0.99, "epsEstimated": 1.16, "time": "bmo", "revenue": 3803343000, "revenueEstimated": null, "fiscalDateEnding": "2019-12-30", "updatedFromDate": "2023-05-17"}, {"date": "2020-02-20", "symbol": "L.TO", "eps": 1.09, "epsEstimated": 1.12, "time": "bmo", "revenue": 11590000000, "revenueEstimated": null, "fiscalDateEnding": "2019-12-31", "updatedFromDate": "2023-10-16"}, {"date": "2020-02-20", "symbol": "STIL.ST", "eps": 1, "epsEstimated": null, "time": "bmo", "revenue": 40823000, "revenueEstimated": null, "fiscalDateEnding": "2019-12-30", "updatedFromDate": "2023-05-17"}, {"date": "2020-02-20", "symbol": "MFA-PB", "eps": 0.21, "epsEstimated": 0.2, "time": "bmo", "revenue": 113353000, "revenueEstimated": null, "fiscalDateEnding": "2019-12-30", "updatedFromDate": "2023-05-17"}, {"date": "2020-02-20", "symbol": "TBCG.L", "eps": 2.91, "epsEstimated": null, "time": "bmo", "revenue": 301847000, "revenueEstimated": null, "fiscalDateEnding": "2019-12-30", "updatedFromDate": "2023-08-16"}, {"date": "2020-02-20", "symbol": "OP.ST", "eps": -77.75661, "epsEstimated": null, "time": "bmo", "revenue": 201900000, "revenueEstimated": null, "fiscalDateEnding": "2019-12-31", "updatedFromDate": "2023-05-17"}, {"date": "2020-02-20", "symbol": "GMED", "eps": 0.49, "epsEstimated": 0.52, "time": "amc", "revenue": 211667000, "revenueEstimated": 224626204.08163267, "fiscalDateEnding": "2019-12-30", "updatedFromDate": "2023-09-29"}, {"date": "2020-02-20", "symbol": "VLEEY", "eps": null, "epsEstimated": null, "time": "bmo", "revenue": null, "revenueEstimated": null, "fiscalDateEnding": "2019-12-31", "updatedFromDate": "2023-05-17"}, {"date": "2020-02-20", "symbol": "VIAC", "eps": 0.97, "epsEstimated": 1.44, "time": "bmo", "revenue": 6669000000, "revenueEstimated": 24555711340.20619, "fiscalDateEnding": "2019-11-20", "updatedFromDate": "2023-05-17"}, {"date": "2020-02-20", "symbol": "AIRG", "eps": 0.07, "epsEstimated": 0.04, "time": "amc", "revenue": 13026000, "revenueEstimated": 12089752.875, "fiscalDateEnding": "2019-12-30", "updatedFromDate": "2023-09-29"}, {"date": "2020-02-20", "symbol": "EKTAY", "eps": 0.09, "epsEstimated": null, "time": "bmo", "revenue": 3534000000, "revenueEstimated": null, "fiscalDateEnding": "2019-11-20", "updatedFromDate": "2023-10-17"}, {"date": "2020-02-20", "symbol": "SPB.TO", "eps": 0.43, "epsEstimated": 0.4, "time": "bmo", "revenue": 839000000, "revenueEstimated": null, "fiscalDateEnding": "2019-12-30", "updatedFromDate": "2023-05-17"}, {"date": "2020-02-20", "symbol": "CATE.ST", "eps": 3.18, "epsEstimated": 3.35, "time": "bmo", "revenue": null, "revenueEstimated": null, "fiscalDateEnding": "2019-12-31", "updatedFromDate": "2023-05-17"}, {"date": "2020-02-20", "symbol": "PAC", "eps": 1.33, "epsEstimated": 1.4, "time": "bmo", "revenue": 4574054000, "revenueEstimated": 4833575851, "fiscalDateEnding": "2019-12-31", "updatedFromDate": "2023-09-29"}, {"date": "2020-02-20", "symbol": "AEPPZ", "eps": 0.6, "epsEstimated": 0.58, "time": "bmo", "revenue": 3616000000, "revenueEstimated": 3491310344, "fiscalDateEnding": "2019-12-30", "updatedFromDate": "2023-05-17"}, {"date": "2020-02-20", "symbol": "SINCH.ST", "eps": 0.17, "epsEstimated": 0.18, "time": "bmo", "revenue": 1540752000, "revenueEstimated": null, "fiscalDateEnding": "2019-12-31", "updatedFromDate": "2023-10-16"}, {"date": "2020-02-20", "symbol": "GAPW-B.ST", "eps": -0.39, "epsEstimated": null, "time": "bmo", "revenue": 5156000, "revenueEstimated": null, "fiscalDateEnding": "2019-12-31", "updatedFromDate": "2023-10-16"}, {"date": "2020-02-20", "symbol": "OPINI", "eps": 1.35, "epsEstimated": -0.21, "time": "bmo", "revenue": null, "revenueEstimated": null, "fiscalDateEnding": "2019-12-29", "updatedFromDate": "2023-05-17"}, {"date": "2020-02-20", "symbol": "TREVF", "eps": null, "epsEstimated": null, "time": "bmo", "revenue": null, "revenueEstimated": null, "fiscalDateEnding": "2019-12-31", "updatedFromDate": "2023-05-17"}, {"date": "2020-02-20", "symbol": "SAT.BK", "eps": 0.4919, "epsEstimated": null, "time": "bmo", "revenue": 1886551435, "revenueEstimated": null, "fiscalDateEnding": "2019-12-30", "updatedFromDate": "2023-05-17"}, {"date": "2020-02-20", "symbol": "CIB", "eps": 0.6, "epsEstimated": 0.87, "time": "amc", "revenue": 4003660000000, "revenueEstimated": 5193881781553, "fiscalDateEnding": "2019-12-31", "updatedFromDate": "2023-09-29"}, {"date": "2020-02-20", "symbol": "BLC.PA", "eps": null, "epsEstimated": null, "time": "bmo", "revenue": null, "revenueEstimated": null, "fiscalDateEnding": "2019-11-20", "updatedFromDate": "2023-10-17"}, {"date": "2020-02-20", "symbol": "TDMMF", "eps": null, "epsEstimated": null, "time": "bmo", "revenue": null, "revenueEstimated": null, "fiscalDateEnding": "2020-03-31", "updatedFromDate": "2023-05-17"}, {"date": "2020-02-20", "symbol": "CRFB3.SA", "eps": 0.48, "epsEstimated": 0.31, "time": "bmo", "revenue": 17011000000, "revenueEstimated": null, "fiscalDateEnding": "2019-12-30", "updatedFromDate": "2023-05-17"}, {"date": "2020-02-20", "symbol": "AULGF", "eps": null, "epsEstimated": 0.59, "time": "bmo", "revenue": null, "revenueEstimated": null, "fiscalDateEnding": "2019-12-31", "updatedFromDate": "2023-08-16"}, {"date": "2020-02-20", "symbol": "KSRBF", "eps": null, "epsEstimated": null, "time": "bmo", "revenue": null, "revenueEstimated": null, "fiscalDateEnding": "2019-12-31", "updatedFromDate": "2023-05-17"}, {"date": "2020-02-20", "symbol": "CTM.ST", "eps": 0.06, "epsEstimated": 0.11, "time": "bmo", "revenue": 26698000, "revenueEstimated": null, "fiscalDateEnding": "2019-11-20", "updatedFromDate": "2023-05-17"}, {"date": "2020-02-20", "symbol": "PLS.AX", "eps": null, "epsEstimated": null, "time": "bmo", "revenue": null, "revenueEstimated": null, "fiscalDateEnding": "2019-11-20", "updatedFromDate": "2023-10-17"}, {"date": "2020-02-20", "symbol": "APPN", "eps": -0.11, "epsEstimated": -0.14, "time": "amc", "revenue": 68618000, "revenueEstimated": 82059090.90909092, "fiscalDateEnding": "2019-12-30", "updatedFromDate": "2023-09-29"}, {"date": "2020-02-20", "symbol": "MLCO", "eps": 0.14, "epsEstimated": 0.27, "time": "bmo", "revenue": 1450641000, "revenueEstimated": 2797664785.7142854, "fiscalDateEnding": "2019-12-31", "updatedFromDate": "2023-09-29"}, {"date": "2020-02-20", "symbol": "ALCLA.PA", "eps": null, "epsEstimated": null, "time": "bmo", "revenue": null, "revenueEstimated": null, "fiscalDateEnding": "2019-12-31", "updatedFromDate": "2023-05-17"}, {"date": "2020-02-20", "symbol": "MFA", "eps": 0.84, "epsEstimated": 0.81, "time": "bmo", "revenue": 113353000, "revenueEstimated": 198585714.2857143, "fiscalDateEnding": "2019-12-30", "updatedFromDate": "2023-09-29"}, {"date": "2020-02-20", "symbol": "CFP.TO", "eps": -0.32, "epsEstimated": -0.41, "time": "bmo", "revenue": 1105200000, "revenueEstimated": null, "fiscalDateEnding": "2019-12-30", "updatedFromDate": "2023-05-17"}, {"date": "2020-02-20", "symbol": "081000.KS", "eps": 65.31, "epsEstimated": 383.11, "time": "bmo", "revenue": 56336133510, "revenueEstimated": null, "fiscalDateEnding": "2019-12-30", "updatedFromDate": "2023-05-17"}, {"date": "2020-02-20", "symbol": "CGEN", "eps": -0.1, "epsEstimated": -0.11, "time": "bmo", "revenue": null, "revenueEstimated": null, "fiscalDateEnding": "2019-12-31", "updatedFromDate": "2023-09-29"}, {"date": "2020-02-20", "symbol": "PPC", "eps": 0.14, "epsEstimated": 0.22, "time": "amc", "revenue": 3063489000, "revenueEstimated": 5251695428.571427, "fiscalDateEnding": "2019-12-28", "updatedFromDate": "2023-09-29"}, {"date": "2020-02-20", "symbol": "BOL.BK", "eps": 0.02716, "epsEstimated": null, "time": "bmo", "revenue": 117315000, "revenueEstimated": null, "fiscalDateEnding": "2019-12-31", "updatedFromDate": "2023-05-17"}, {"date": "2020-02-20", "symbol": "JWEL.TO", "eps": 0.36, "epsEstimated": 0.35, "time": "bmo", "revenue": 103252000, "revenueEstimated": null, "fiscalDateEnding": "2019-12-30", "updatedFromDate": "2023-05-17"}, {"date": "2020-02-20", "symbol": "HFC", "eps": 0.48, "epsEstimated": 0.52, "time": "bmo", "revenue": 3400545000, "revenueEstimated": 4747045333.333334, "fiscalDateEnding": "2019-11-20", "updatedFromDate": "2023-05-17"}, {"date": "2020-02-20", "symbol": "ZVOI", "eps": 0.15, "epsEstimated": 0.1, "time": "bmo", "revenue": null, "revenueEstimated": null, "fiscalDateEnding": "2019-12-31", "updatedFromDate": "2023-09-29"}, {"date": "2020-02-20", "symbol": "ONCO.ST", "eps": 4.42, "epsEstimated": 3.61, "time": "bmo", "revenue": null, "revenueEstimated": null, "fiscalDateEnding": "2019-12-31", "updatedFromDate": "2023-08-25"}, {"date": "2020-02-20", "symbol": "VESTF", "eps": 0.08, "epsEstimated": 0.03, "time": "bmo", "revenue": null, "revenueEstimated": null, "fiscalDateEnding": "2019-12-31", "updatedFromDate": "2023-05-17"}, {"date": "2020-02-20", "symbol": "AERI", "eps": -0.96, "epsEstimated": -0.77, "time": "amc", "revenue": 24657000, "revenueEstimated": 19776968.75, "fiscalDateEnding": "2019-12-30", "updatedFromDate": "2023-05-17"}, {"date": "2020-02-20", "symbol": "DINO", "eps": 0.48, "epsEstimated": 0.52, "time": "bmo", "revenue": 4381888000, "revenueEstimated": null, "fiscalDateEnding": "2019-12-31", "updatedFromDate": "2023-09-29"}, {"date": "2020-02-20", "symbol": "CFX.TO", "eps": -0.3, "epsEstimated": -0.23, "time": "bmo", "revenue": 247500000, "revenueEstimated": null, "fiscalDateEnding": "2019-12-30", "updatedFromDate": "2023-05-17"}, {"date": "2020-02-20", "symbol": "IDA", "eps": 0.93, "epsEstimated": 0.76, "time": "bmo", "revenue": 292848000, "revenueEstimated": 239316645.16129032, "fiscalDateEnding": "2019-12-30", "updatedFromDate": "2023-09-29"}, {"date": "2020-02-20", "symbol": "MRC.TO", "eps": 7.54, "epsEstimated": null, "time": "bmo", "revenue": 297658000, "revenueEstimated": null, "fiscalDateEnding": "2019-12-30", "updatedFromDate": "2023-05-17"}, {"date": "2020-02-20", "symbol": "VNRX", "eps": -0.09, "epsEstimated": -0.11, "time": "bmo", "revenue": null, "revenueEstimated": null, "fiscalDateEnding": "2019-12-30", "updatedFromDate": "2023-09-29"}, {"date": "2020-02-20", "symbol": "PQG", "eps": 0.13, "epsEstimated": 0.09, "time": "bmo", "revenue": null, "revenueEstimated": null, "fiscalDateEnding": "2019-12-29", "updatedFromDate": "2023-05-17"}, {"date": "2020-02-20", "symbol": "RPLAN.ST", "eps": null, "epsEstimated": null, "time": "bmo", "revenue": null, "revenueEstimated": null, "fiscalDateEnding": "2019-11-20", "updatedFromDate": "2023-05-17"}, {"date": "2020-02-20", "symbol": "ATIC.ST", "eps": 0.13, "epsEstimated": 0.46, "time": "bmo", "revenue": 233932000, "revenueEstimated": null, "fiscalDateEnding": "2019-12-30", "updatedFromDate": "2023-05-17"}, {"date": "2020-02-20", "symbol": "009830.KS", "eps": -2940.9, "epsEstimated": 447.06, "time": "bmo", "revenue": 2248354510050, "revenueEstimated": null, "fiscalDateEnding": "2019-11-20", "updatedFromDate": "2023-05-17"}, {"date": "2020-02-20", "symbol": "ADSW", "eps": 0.08, "epsEstimated": 0.14, "time": "bmo", "revenue": 400500000, "revenueEstimated": 700875000, "fiscalDateEnding": "2019-12-30", "updatedFromDate": "2023-05-17"}, {"date": "2020-02-20", "symbol": "CVA", "eps": 0.09, "epsEstimated": 0.07, "time": "amc", "revenue": 485000000, "revenueEstimated": 377222222.22222227, "fiscalDateEnding": "2019-12-30", "updatedFromDate": "2023-05-17"}, {"date": "2020-02-20", "symbol": "STORY-B.ST", "eps": -1.43, "epsEstimated": -1.14, "time": "bmo", "revenue": 565037000, "revenueEstimated": null, "fiscalDateEnding": "2019-12-31", "updatedFromDate": "2023-05-17"}, {"date": "2020-02-20", "symbol": "AMSWA", "eps": 0.1, "epsEstimated": 0.05, "time": "amc", "revenue": 30600000, "revenueEstimated": 15300000, "fiscalDateEnding": "2020-01-30", "updatedFromDate": "2023-09-29"}, {"date": "2020-02-20", "symbol": "PBDIF", "eps": 151.14, "epsEstimated": 85.48, "time": "bmo", "revenue": null, "revenueEstimated": null, "fiscalDateEnding": "2019-12-31", "updatedFromDate": "2023-08-16"}, {"date": "2020-02-20", "symbol": "EN.PA", "eps": 0.89, "epsEstimated": 1.29, "time": "bmo", "revenue": 7239000000, "revenueEstimated": null, "fiscalDateEnding": "2019-11-20", "updatedFromDate": "2023-05-17"}, {"date": "2020-02-20", "symbol": "FR.PA", "eps": -1.13729, "epsEstimated": 0.47, "time": "bmo", "revenue": 4109000000, "revenueEstimated": null, "fiscalDateEnding": "2019-11-20", "updatedFromDate": "2023-08-17"}, {"date": "2020-02-20", "symbol": "033920.KS", "eps": -1, "epsEstimated": -1809, "time": "bmo", "revenue": 36102608830, "revenueEstimated": null, "fiscalDateEnding": "2019-11-20", "updatedFromDate": "2023-05-17"}, {"date": "2020-02-20", "symbol": "AKE.TO", "eps": null, "epsEstimated": null, "time": "bmo", "revenue": null, "revenueEstimated": null, "fiscalDateEnding": "2019-11-20", "updatedFromDate": "2023-10-16"}, {"date": "2020-02-20", "symbol": "VTR", "eps": 0.03, "epsEstimated": 0.27, "time": "bmo", "revenue": 996004000, "revenueEstimated": 8964036000.000002, "fiscalDateEnding": "2019-12-30", "updatedFromDate": "2023-09-29"}, {"date": "2020-02-20", "symbol": "017800.KS", "eps": 520.55, "epsEstimated": null, "time": "bmo", "revenue": 516425385650, "revenueEstimated": null, "fiscalDateEnding": "2019-12-30", "updatedFromDate": "2023-05-17"}, {"date": "2020-02-20", "symbol": "PEB", "eps": 0.08, "epsEstimated": 0.05, "time": "amc", "revenue": 379409000, "revenueEstimated": 237130625, "fiscalDateEnding": "2019-12-30", "updatedFromDate": "2023-09-29"}, {"date": "2020-02-20", "symbol": "LUG.TO", "eps": -0.03, "epsEstimated": -0.02625, "time": "bmo", "revenue": null, "revenueEstimated": null, "fiscalDateEnding": "2019-12-31", "updatedFromDate": "2023-10-16"}, {"date": "2020-02-20", "symbol": "CBRAIN.CO", "eps": null, "epsEstimated": null, "time": "bmo", "revenue": null, "revenueEstimated": null, "fiscalDateEnding": "2019-12-31", "updatedFromDate": "2023-07-24"}, {"date": "2020-02-20", "symbol": "UEIC", "eps": 0.9, "epsEstimated": 0.83, "time": "amc", "revenue": 174694000, "revenueEstimated": 161106688.88888887, "fiscalDateEnding": "2019-12-30", "updatedFromDate": "2023-09-29"}, {"date": "2020-02-20", "symbol": "MAERSK-B.CO", "eps": 1.21, "epsEstimated": 16.42, "time": "bmo", "revenue": 9668000000, "revenueEstimated": null, "fiscalDateEnding": "2019-12-30", "updatedFromDate": "2023-07-24"}, {"date": "2020-02-20", "symbol": "EDP.LS", "eps": 0.01, "epsEstimated": 0.07, "time": "bmo", "revenue": 3886221000, "revenueEstimated": null, "fiscalDateEnding": "2019-12-30", "updatedFromDate": "2023-05-17"}, {"date": "2020-02-20", "symbol": "CTRA", "eps": 0.3, "epsEstimated": 0.3, "time": "bmo", "revenue": 461368000, "revenueEstimated": 281150630.72776276, "fiscalDateEnding": "2019-12-30", "updatedFromDate": "2023-09-29"}, {"date": "2020-02-20", "symbol": "INDEX.ST", "eps": -0.10145, "epsEstimated": null, "time": "bmo", "revenue": 17000, "revenueEstimated": null, "fiscalDateEnding": "2019-11-20", "updatedFromDate": "2023-05-17"}, {"date": "2020-02-20", "symbol": "VESTA.MX", "eps": 0.08, "epsEstimated": 0.03, "time": "bmo", "revenue": null, "revenueEstimated": null, "fiscalDateEnding": "2019-12-31", "updatedFromDate": "2023-05-17"}, {"date": "2020-02-20", "symbol": "REP.MC", "eps": -3.55, "epsEstimated": 0.26, "time": "bmo", "revenue": 12223000000, "revenueEstimated": null, "fiscalDateEnding": "2019-12-30", "updatedFromDate": "2023-05-17"}, {"date": "2020-02-20", "symbol": "IRES.IR", "eps": null, "epsEstimated": null, "time": "bmo", "revenue": null, "revenueEstimated": null, "fiscalDateEnding": "2019-12-31", "updatedFromDate": "2023-05-17"}, {"date": "2020-02-20", "symbol": "MTHH.CO", "eps": 5.29, "epsEstimated": null, "time": "bmo", "revenue": 92700000, "revenueEstimated": null, "fiscalDateEnding": "2019-12-31", "updatedFromDate": "2023-08-16"}, {"date": "2020-02-20", "symbol": "COM7.BK", "eps": 0.32, "epsEstimated": 0.29, "time": "bmo", "revenue": 10366785834, "revenueEstimated": null, "fiscalDateEnding": "2019-12-31", "updatedFromDate": "2023-08-16"}, {"date": "2020-02-20", "symbol": "SWM", "eps": 0.8, "epsEstimated": 0.71, "time": "amc", "revenue": 238500000, "revenueEstimated": 211668750, "fiscalDateEnding": "2019-12-30", "updatedFromDate": "2023-08-16"}, {"date": "2020-02-20", "symbol": "BVNRY", "eps": -0.07, "epsEstimated": null, "time": "bmo", "revenue": 290193000, "revenueEstimated": null, "fiscalDateEnding": "2019-12-31", "updatedFromDate": "2023-09-29"}, {"date": "2020-02-20", "symbol": "EFXT", "eps": 0.35, "epsEstimated": 0.53, "time": "bmo", "revenue": 474362000, "revenueEstimated": null, "fiscalDateEnding": "2019-12-31", "updatedFromDate": "2023-09-29"}, {"date": "2020-02-20", "symbol": "ENRFF", "eps": 0.35, "epsEstimated": 0.53, "time": "bmo", "revenue": null, "revenueEstimated": null, "fiscalDateEnding": "2019-12-31", "updatedFromDate": "2023-08-16"}, {"date": "2020-02-20", "symbol": "AIY.SI", "eps": 0.01117, "epsEstimated": null, "time": "bmo", "revenue": 33818117, "revenueEstimated": null, "fiscalDateEnding": "2019-12-30", "updatedFromDate": "2023-08-16"}, {"date": "2020-02-20", "symbol": "FUPBY", "eps": 0.09176, "epsEstimated": null, "time": "bmo", "revenue": 620000000, "revenueEstimated": null, "fiscalDateEnding": "2019-12-30", "updatedFromDate": "2023-08-16"}, {"date": "2020-02-20", "symbol": "LTC", "eps": 0.4, "epsEstimated": 0.48, "time": "amc", "revenue": 46463000, "revenueEstimated": 55755600, "fiscalDateEnding": "2019-12-30", "updatedFromDate": "2023-09-29"}, {"date": "2020-02-20", "symbol": "FUPPF", "eps": 0.37, "epsEstimated": 0.39, "time": "bmo", "revenue": null, "revenueEstimated": null, "fiscalDateEnding": "2019-12-31", "updatedFromDate": "2023-08-16"}, {"date": "2020-02-20", "symbol": "MNDJF", "eps": -0.05, "epsEstimated": -0.04, "time": "bmo", "revenue": null, "revenueEstimated": null, "fiscalDateEnding": "2019-12-30", "updatedFromDate": "2023-08-16"}, {"date": "2020-02-20", "symbol": "SPL.WA", "eps": 5.42, "epsEstimated": 6.6, "time": "bmo", "revenue": 2344985000, "revenueEstimated": null, "fiscalDateEnding": "2019-12-30", "updatedFromDate": "2023-08-16"}, {"date": "2020-02-20", "symbol": "S51.SI", "eps": -0.02, "epsEstimated": -0.00571, "time": "bmo", "revenue": 377570000, "revenueEstimated": null, "fiscalDateEnding": "2019-11-20", "updatedFromDate": "2023-08-16"}, {"date": "2020-02-20", "symbol": "TKC", "eps": 0.15, "epsEstimated": null, "time": "bmo", "revenue": 6683779000, "revenueEstimated": null, "fiscalDateEnding": "2019-12-31", "updatedFromDate": "2023-09-29"}, {"date": "2020-02-20", "symbol": "IPL.TO", "eps": 0.24, "epsEstimated": 0.21, "time": "bmo", "revenue": 644000000, "revenueEstimated": null, "fiscalDateEnding": "2019-12-30", "updatedFromDate": "2023-08-16"}, {"date": "2020-02-20", "symbol": "DOC.VI", "eps": 0.66, "epsEstimated": null, "time": "bmo", "revenue": 252040000, "revenueEstimated": null, "fiscalDateEnding": "2019-12-31", "updatedFromDate": "2023-08-25"}, {"date": "2020-02-20", "symbol": "LBLCF", "eps": 1.09, "epsEstimated": 1.12, "time": "bmo", "revenue": 48037000000, "revenueEstimated": null, "fiscalDateEnding": "2019-12-31", "updatedFromDate": "2023-10-16"}, {"date": "2020-02-20", "symbol": "GLPG.AS", "eps": -2.1, "epsEstimated": 0.39, "time": "bmo", "revenue": 119267000, "revenueEstimated": null, "fiscalDateEnding": "2019-12-30", "updatedFromDate": "2023-08-16"}, {"date": "2020-02-20", "symbol": "CBIO", "eps": -1.23, "epsEstimated": -1.23, "time": "bmo", "revenue": null, "revenueEstimated": null, "fiscalDateEnding": "2019-12-30", "updatedFromDate": "2023-09-29"}, {"date": "2020-02-20", "symbol": "UNIFINA.MX", "eps": 1.54, "epsEstimated": 1.46, "time": "bmo", "revenue": null, "revenueEstimated": null, "fiscalDateEnding": "2019-12-31", "updatedFromDate": "2023-08-16"}, {"date": "2020-02-20", "symbol": "GPOVF", "eps": 1.08, "epsEstimated": 0.93, "time": "bmo", "revenue": null, "revenueEstimated": 9902777.777777778, "fiscalDateEnding": "2019-12-31", "updatedFromDate": "2023-08-16"}, {"date": "2020-02-20", "symbol": "DOCOF", "eps": 0.66, "epsEstimated": null, "time": "bmo", "revenue": null, "revenueEstimated": null, "fiscalDateEnding": "2019-12-31", "updatedFromDate": "2023-08-16"}, {"date": "2020-02-20", "symbol": "SCCC.BK", "eps": 1.6, "epsEstimated": 2.21, "time": "bmo", "revenue": 11860051420, "revenueEstimated": null, "fiscalDateEnding": "2019-12-31", "updatedFromDate": "2023-08-16"}, {"date": "2020-02-20", "symbol": "ZVO", "eps": -0.15, "epsEstimated": -0.1, "time": "amc", "revenue": 96285000, "revenueEstimated": 64190000.00000001, "fiscalDateEnding": "2019-12-30", "updatedFromDate": "2023-08-16"}, {"date": "2020-02-20", "symbol": "VRLA.PA", "eps": null, "epsEstimated": null, "time": "bmo", "revenue": null, "revenueEstimated": null, "fiscalDateEnding": "2019-11-20", "updatedFromDate": "2023-08-16"}, {"date": "2020-02-20", "symbol": "GREAT.ST", "eps": -1.35061, "epsEstimated": null, "time": "bmo", "revenue": 3144222, "revenueEstimated": null, "fiscalDateEnding": "2019-12-30", "updatedFromDate": "2023-08-16"}, {"date": "2020-02-20", "symbol": "INCO.JK", "eps": 0.01, "epsEstimated": null, "time": "bmo", "revenue": 275551000, "revenueEstimated": null, "fiscalDateEnding": "2019-12-30", "updatedFromDate": "2023-08-16"}, {"date": "2020-02-20", "symbol": "TCELL.IS", "eps": 0.35, "epsEstimated": 0.4, "time": "bmo", "revenue": 25137135000, "revenueEstimated": null, "fiscalDateEnding": "2019-12-31", "updatedFromDate": "2023-08-16"}, {"date": "2020-02-20", "symbol": "LPKFF", "eps": 0.09, "epsEstimated": null, "time": "bmo", "revenue": null, "revenueEstimated": null, "fiscalDateEnding": "2019-12-31", "updatedFromDate": "2023-08-16"}, {"date": "2020-02-20", "symbol": "GCARSOA1.MX", "eps": 1.08, "epsEstimated": 0.93, "time": "bmo", "revenue": null, "revenueEstimated": null, "fiscalDateEnding": "2019-12-31", "updatedFromDate": "2023-08-16"}, {"date": "2020-02-20", "symbol": "002624.SZ", "eps": 0.01, "epsEstimated": 0.35, "time": "bmo", "revenue": 2226835752.43, "revenueEstimated": null, "fiscalDateEnding": "2019-12-30", "updatedFromDate": "2023-08-16"}, {"date": "2020-02-20", "symbol": "PTNDF", "eps": 0.01, "epsEstimated": null, "time": "bmo", "revenue": null, "revenueEstimated": null, "fiscalDateEnding": "2019-12-31", "updatedFromDate": "2023-08-16"}, {"date": "2020-02-20", "symbol": "BKZHF", "eps": 5.42, "epsEstimated": 6.6, "time": "bmo", "revenue": null, "revenueEstimated": null, "fiscalDateEnding": "2019-12-31", "updatedFromDate": "2023-08-16"}, {"date": "2020-02-20", "symbol": "ALLXF", "eps": null, "epsEstimated": null, "time": "bmo", "revenue": null, "revenueEstimated": null, "fiscalDateEnding": "2019-12-31", "updatedFromDate": "2023-08-16"}, {"date": "2020-02-20", "symbol": "JWLLF", "eps": 0.36, "epsEstimated": 0.35, "time": "bmo", "revenue": null, "revenueEstimated": null, "fiscalDateEnding": "2019-12-31", "updatedFromDate": "2023-08-16"}, {"date": "2020-02-20", "symbol": "CGIFF", "eps": -0.14, "epsEstimated": -0.11, "time": "bmo", "revenue": null, "revenueEstimated": null, "fiscalDateEnding": "2019-12-31", "updatedFromDate": "2023-08-16"}, {"date": "2020-02-20", "symbol": "CFPZF", "eps": -0.32, "epsEstimated": -0.41, "time": "bmo", "revenue": null, "revenueEstimated": null, "fiscalDateEnding": "2019-12-30", "updatedFromDate": "2023-08-16"}, {"date": "2020-02-20", "symbol": "CFPUF", "eps": -0.3, "epsEstimated": -0.23, "time": "bmo", "revenue": null, "revenueEstimated": null, "fiscalDateEnding": "2019-12-30", "updatedFromDate": "2023-08-16"}, {"date": "2020-02-20", "symbol": "FASTAT.ST", "eps": 3.74, "epsEstimated": 1.47, "time": "bmo", "revenue": 71164000, "revenueEstimated": null, "fiscalDateEnding": "2019-12-30", "updatedFromDate": "2023-08-16"}, {"date": "2020-02-20", "symbol": "GISS.QA", "eps": null, "epsEstimated": null, "time": "bmo", "revenue": null, "revenueEstimated": null, "fiscalDateEnding": "2019-12-31", "updatedFromDate": "2023-08-16"}, {"date": "2020-02-20", "symbol": "GENGF", "eps": -0.04, "epsEstimated": -0.00667, "time": "amc", "revenue": null, "revenueEstimated": null, "fiscalDateEnding": "2019-12-31", "updatedFromDate": "2023-08-16"}, {"date": "2020-02-20", "symbol": "ASGTF", "eps": 0.43, "epsEstimated": 0.35, "time": "bmo", "revenue": null, "revenueEstimated": null, "fiscalDateEnding": "2019-12-31", "updatedFromDate": "2023-08-16"}, {"date": "2020-02-20", "symbol": "RS.BK", "eps": 0.06798, "epsEstimated": null, "time": "bmo", "revenue": 895257287, "revenueEstimated": null, "fiscalDateEnding": "2019-12-30", "updatedFromDate": "2023-08-16"}, {"date": "2020-02-20", "symbol": "CGJTF", "eps": -0.33, "epsEstimated": 0.61, "time": "bmo", "revenue": null, "revenueEstimated": null, "fiscalDateEnding": "2019-12-30", "updatedFromDate": "2023-08-16"}, {"date": "2020-02-20", "symbol": "TEFOF", "eps": 0.18, "epsEstimated": null, "time": "bmo", "revenue": null, "revenueEstimated": null, "fiscalDateEnding": "2019-12-31", "updatedFromDate": "2023-08-16"}, {"date": "2020-02-20", "symbol": "OV8.SI", "eps": null, "epsEstimated": null, "time": "bmo", "revenue": null, "revenueEstimated": null, "fiscalDateEnding": "2019-12-31", "updatedFromDate": "2023-08-16"}, {"date": "2020-02-20", "symbol": "HBSA3.SA", "eps": null, "epsEstimated": null, "time": "bmo", "revenue": null, "revenueEstimated": null, "fiscalDateEnding": "2019-12-31", "updatedFromDate": "2023-08-16"}, {"date": "2020-02-20", "symbol": "5371.TWO", "eps": 0.88, "epsEstimated": 1.21, "time": "bmo", "revenue": 13084404000, "revenueEstimated": null, "fiscalDateEnding": "2019-12-30", "updatedFromDate": "2023-08-16"}, {"date": "2020-02-20", "symbol": "AMER3.SA", "eps": 0.11, "epsEstimated": 0.00853, "time": "bmo", "revenue": 2220115000, "revenueEstimated": null, "fiscalDateEnding": "2019-12-30", "updatedFromDate": "2023-08-16"}, {"date": "2020-02-20", "symbol": "TEF.MC", "eps": 0.16, "epsEstimated": 0.06, "time": "bmo", "revenue": 12399000000, "revenueEstimated": null, "fiscalDateEnding": "2019-12-30", "updatedFromDate": "2023-08-16"}, {"date": "2020-02-20", "symbol": "PNGAY", "eps": 0.32, "epsEstimated": null, "time": "bmo", "revenue": 246894000000, "revenueEstimated": null, "fiscalDateEnding": "2019-12-31", "updatedFromDate": "2023-09-29"}, {"date": "2020-02-20", "symbol": "GLPGF", "eps": -2.1, "epsEstimated": 0.39, "time": "bmo", "revenue": null, "revenueEstimated": null, "fiscalDateEnding": "2019-12-31", "updatedFromDate": "2023-05-17"}, {"date": "2020-02-20", "symbol": "ENMPD", "eps": null, "epsEstimated": null, "time": "bmo", "revenue": null, "revenueEstimated": null, "fiscalDateEnding": "2019-12-31", "updatedFromDate": "2023-05-17"}, {"date": "2020-02-20", "symbol": "NVIV", "eps": 199.5, "epsEstimated": 225, "time": "bmo", "revenue": null, "revenueEstimated": null, "fiscalDateEnding": "2019-12-30", "updatedFromDate": "2023-09-29"}, {"date": "2020-02-20", "symbol": "PRA", "eps": -1.27, "epsEstimated": -1.65, "time": "amc", "revenue": 252287000, "revenueEstimated": 265626236.22047246, "fiscalDateEnding": "2019-12-30", "updatedFromDate": "2023-09-29"}, {"date": "2020-02-20", "symbol": "0992.HK", "eps": 0.02, "epsEstimated": 0.01809, "time": "bmo", "revenue": 14518909000, "revenueEstimated": null, "fiscalDateEnding": "2019-11-20", "updatedFromDate": "2023-10-17"}, {"date": "2020-02-20", "symbol": "GPAEF", "eps": 2.55, "epsEstimated": 2.57, "time": "bmo", "revenue": null, "revenueEstimated": 643003.9215686275, "fiscalDateEnding": "2019-12-31", "updatedFromDate": "2023-05-17"}, {"date": "2020-02-20", "symbol": "CAMT", "eps": 0.14, "epsEstimated": 0.13, "time": "bmo", "revenue": 33201000, "revenueEstimated": 30829499.999999996, "fiscalDateEnding": "2019-12-31", "updatedFromDate": "2023-09-29"}, {"date": "2020-02-20", "symbol": "LXP", "eps": 0.33, "epsEstimated": 0.02667, "time": "bmo", "revenue": 83036000, "revenueEstimated": 7548727.272727266, "fiscalDateEnding": "2019-12-30", "updatedFromDate": "2023-09-29"}, {"date": "2020-02-20", "symbol": "RGEN", "eps": 0.2, "epsEstimated": 0.18, "time": "bmo", "revenue": 69474000, "revenueEstimated": 62526599.99999999, "fiscalDateEnding": "2019-12-30", "updatedFromDate": "2023-09-29"}, {"date": "2020-02-20", "symbol": "YTLPF", "eps": null, "epsEstimated": null, "time": "bmo", "revenue": null, "revenueEstimated": null, "fiscalDateEnding": "2019-12-31", "updatedFromDate": "2023-05-17"}, {"date": "2020-02-20", "symbol": "GRBMF", "eps": 0.39, "epsEstimated": 0.37, "time": "bmo", "revenue": null, "revenueEstimated": null, "fiscalDateEnding": "2019-12-31", "updatedFromDate": "2023-05-17"}, {"date": "2020-02-20", "symbol": "NWEGF", "eps": 2.7, "epsEstimated": 2.54, "time": "bmo", "revenue": null, "revenueEstimated": 31296296.29629629, "fiscalDateEnding": "2019-12-31", "updatedFromDate": "2023-05-17"}, {"date": "2020-02-20", "symbol": "TPCH.BK", "eps": 0.2137, "epsEstimated": null, "time": "bmo", "revenue": 393358249.74, "revenueEstimated": null, "fiscalDateEnding": "2019-11-20", "updatedFromDate": "2023-05-17"}, {"date": "2020-02-20", "symbol": "FSLY", "eps": -0.1, "epsEstimated": -0.12, "time": "amc", "revenue": 58936000, "revenueEstimated": 64829599.99999999, "fiscalDateEnding": "2019-12-30", "updatedFromDate": "2023-09-29"}, {"date": "2020-02-20", "symbol": "HLSPF", "eps": null, "epsEstimated": null, "time": "bmo", "revenue": null, "revenueEstimated": null, "fiscalDateEnding": "2019-12-31", "updatedFromDate": "2023-05-17"}, {"date": "2020-02-20", "symbol": "LUN.TO", "eps": 0.13, "epsEstimated": 0.08, "time": "bmo", "revenue": 568363000, "revenueEstimated": null, "fiscalDateEnding": "2019-12-30", "updatedFromDate": "2023-05-17"}, {"date": "2020-02-20", "symbol": "SN.L", "eps": null, "epsEstimated": null, "time": "bmo", "revenue": null, "revenueEstimated": null, "fiscalDateEnding": "2019-11-20", "updatedFromDate": "2023-05-17"}, {"date": "2020-02-20", "symbol": "7354.T", "eps": 18.63, "epsEstimated": null, "time": "bmo", "revenue": 4667302000, "revenueEstimated": null, "fiscalDateEnding": "2019-12-31", "updatedFromDate": "2023-05-17"}, {"date": "2020-02-20", "symbol": "ENSU.OL", "eps": null, "epsEstimated": null, "time": "bmo", "revenue": null, "revenueEstimated": null, "fiscalDateEnding": "2019-12-31", "updatedFromDate": "2023-05-17"}, {"date": "2020-02-20", "symbol": "ISLAX.OL", "eps": null, "epsEstimated": null, "time": "bmo", "revenue": null, "revenueEstimated": null, "fiscalDateEnding": "2019-12-31", "updatedFromDate": "2023-05-17"}, {"date": "2020-02-20", "symbol": "BYD", "eps": 0.5, "epsEstimated": 0.47, "time": "amc", "revenue": 833131000, "revenueEstimated": 783143140, "fiscalDateEnding": "2019-12-30", "updatedFromDate": "2023-09-29"}, {"date": "2020-02-20", "symbol": "VC", "eps": 1.42, "epsEstimated": 1.58, "time": "bmo", "revenue": 744000000, "revenueEstimated": 827830985.915493, "fiscalDateEnding": "2019-12-30", "updatedFromDate": "2023-09-29"}, {"date": "2020-02-20", "symbol": "OGKB.ME", "eps": -0.00192, "epsEstimated": null, "time": "bmo", "revenue": 34744828000, "revenueEstimated": null, "fiscalDateEnding": "2019-12-30", "updatedFromDate": "2023-05-17"}, {"date": "2020-02-20", "symbol": "ANIK", "eps": 0.43, "epsEstimated": 0.41, "time": "amc", "revenue": 29772000, "revenueEstimated": 44657999.99999999, "fiscalDateEnding": "2019-12-30", "updatedFromDate": "2023-09-29"}, {"date": "2020-02-20", "symbol": "PCRX", "eps": 0.56, "epsEstimated": 0.44, "time": "bmo", "revenue": 122424000, "revenueEstimated": 96190285.7142857, "fiscalDateEnding": "2019-12-30", "updatedFromDate": "2023-09-29"}, {"date": "2020-02-20", "symbol": "JDT.ST", "eps": -0.32, "epsEstimated": -0.26, "time": "bmo", "revenue": 201, "revenueEstimated": null, "fiscalDateEnding": "2019-12-30", "updatedFromDate": "2023-05-17"}, {"date": "2020-02-20", "symbol": "BMCDF", "eps": null, "epsEstimated": null, "time": "bmo", "revenue": null, "revenueEstimated": null, "fiscalDateEnding": "2019-12-31", "updatedFromDate": "2023-05-17"}, {"date": "2020-02-20", "symbol": "CATM", "eps": 0.7, "epsEstimated": 0.58, "time": "amc", "revenue": 338807000, "revenueEstimated": 280725800, "fiscalDateEnding": "2019-12-30", "updatedFromDate": "2023-05-17"}, {"date": "2020-02-20", "symbol": "HPP", "eps": 0.09, "epsEstimated": 0.12, "time": "bmo", "revenue": 216850000, "revenueEstimated": 287892000, "fiscalDateEnding": "2019-12-30", "updatedFromDate": "2023-09-29"}, {"date": "2020-02-20", "symbol": "VALPQ", "eps": -1.55, "epsEstimated": -1.3, "time": "bmo", "revenue": 512100000, "revenueEstimated": 413619230, "fiscalDateEnding": "2019-12-30", "updatedFromDate": "2023-05-17"}, {"date": "2020-02-20", "symbol": "TOM.OL", "eps": 1.8, "epsEstimated": 1.53, "time": "bmo", "revenue": 2568900000, "revenueEstimated": null, "fiscalDateEnding": "2019-12-30", "updatedFromDate": "2023-05-17"}, {"date": "2020-02-20", "symbol": "NCLH", "eps": 0.73, "epsEstimated": 0.7, "time": "bmo", "revenue": 1480618000, "revenueEstimated": 1419770684.9315069, "fiscalDateEnding": "2019-12-30", "updatedFromDate": "2023-09-29"}, {"date": "2020-02-20", "symbol": "CZZ", "eps": 1.56, "epsEstimated": -0.49, "time": "bmo", "revenue": 5087150000, "revenueEstimated": 1597886858.9743578, "fiscalDateEnding": "2019-12-30", "updatedFromDate": "2023-05-17"}, {"date": "2020-02-20", "symbol": "ODT", "eps": -0.91, "epsEstimated": -1.08, "time": "bmo", "revenue": null, "revenueEstimated": null, "fiscalDateEnding": "2019-12-30", "updatedFromDate": "2023-09-29"}, {"date": "2020-02-20", "symbol": "NIO.ST", "eps": -0.13067, "epsEstimated": null, "time": "bmo", "revenue": null, "revenueEstimated": null, "fiscalDateEnding": "2019-12-30", "updatedFromDate": "2023-05-17"}, {"date": "2020-02-20", "symbol": "LLOY.L", "eps": 1.31, "epsEstimated": 1.5, "time": "bmo", "revenue": 4657000000, "revenueEstimated": null, "fiscalDateEnding": "2019-12-31", "updatedFromDate": "2023-05-17"}, {"date": "2020-02-20", "symbol": "LUGDF", "eps": -0.03, "epsEstimated": -0.02625, "time": "bmo", "revenue": null, "revenueEstimated": null, "fiscalDateEnding": "2019-12-31", "updatedFromDate": "2023-08-17"}, {"date": "2020-02-20", "symbol": "002237.SZ", "eps": 0.06, "epsEstimated": null, "time": "bmo", "revenue": 7911984452.93, "revenueEstimated": null, "fiscalDateEnding": "2019-12-30", "updatedFromDate": "2023-05-17"}, {"date": "2020-02-20", "symbol": "NHC", "eps": 1.09, "epsEstimated": null, "time": "bmo", "revenue": 253880000, "revenueEstimated": null, "fiscalDateEnding": "2019-12-30", "updatedFromDate": "2023-09-29"}, {"date": "2020-02-20", "symbol": "DECB.BR", "eps": null, "epsEstimated": null, "time": "bmo", "revenue": null, "revenueEstimated": null, "fiscalDateEnding": "2019-11-20", "updatedFromDate": "2023-05-17"}, {"date": "2020-02-20", "symbol": "RCPHF", "eps": 1.7, "epsEstimated": 1.53, "time": "bmo", "revenue": null, "revenueEstimated": null, "fiscalDateEnding": "2019-12-31", "updatedFromDate": "2023-05-17"}, {"date": "2020-02-20", "symbol": "CNRFF", "eps": 0.11, "epsEstimated": null, "time": "bmo", "revenue": null, "revenueEstimated": null, "fiscalDateEnding": "2019-12-31", "updatedFromDate": "2023-09-29"}, {"date": "2020-02-20", "symbol": "HBM", "eps": -0.1, "epsEstimated": -0.07, "time": "amc", "revenue": 324486000, "revenueEstimated": 252378000.00000003, "fiscalDateEnding": "2019-12-31", "updatedFromDate": "2023-09-29"}, {"date": "2020-02-20", "symbol": "ZONNF", "eps": 0.01, "epsEstimated": 0.05, "time": "bmo", "revenue": null, "revenueEstimated": null, "fiscalDateEnding": "2019-12-31", "updatedFromDate": "2023-05-17"}, {"date": "2020-02-20", "symbol": "TEF", "eps": 0.2, "epsEstimated": null, "time": "bmo", "revenue": 12400000000, "revenueEstimated": null, "fiscalDateEnding": "2019-12-31", "updatedFromDate": "2023-09-29"}, {"date": "2020-02-20", "symbol": "NUVA", "eps": 0.73, "epsEstimated": 0.64, "time": "amc", "revenue": 310354000, "revenueEstimated": 272091178.0821918, "fiscalDateEnding": "2019-12-30", "updatedFromDate": "2023-09-29"}, {"date": "2020-02-20", "symbol": "TRUE", "eps": -0.01, "epsEstimated": -0.00577, "time": "amc", "revenue": 89668000, "revenueEstimated": 358672000, "fiscalDateEnding": "2019-12-30", "updatedFromDate": "2023-09-29"}, {"date": "2020-02-20", "symbol": "GCC.MX", "eps": 0.12, "epsEstimated": 0.08, "time": "bmo", "revenue": null, "revenueEstimated": null, "fiscalDateEnding": "2019-12-31", "updatedFromDate": "2023-05-17"}, {"date": "2020-02-20", "symbol": "DPZ", "eps": 3.13, "epsEstimated": 2.98, "time": "bmo", "revenue": 1150352000, "revenueEstimated": 1095223309.9041533, "fiscalDateEnding": "2019-12-28", "updatedFromDate": "2023-09-29"}, {"date": "2020-02-20", "symbol": "EIFZF", "eps": 0.88, "epsEstimated": 0.77, "time": "bmo", "revenue": 1341374000, "revenueEstimated": null, "fiscalDateEnding": "2019-12-31", "updatedFromDate": "2023-08-25"}, {"date": "2020-02-20", "symbol": "ADDV-A.ST", "eps": 0.08949, "epsEstimated": null, "time": "bmo", "revenue": 101670000, "revenueEstimated": null, "fiscalDateEnding": "2019-12-31", "updatedFromDate": "2023-10-16"}, {"date": "2020-02-20", "symbol": "KORDS.IS", "eps": 0.37, "epsEstimated": null, "time": "bmo", "revenue": null, "revenueEstimated": null, "fiscalDateEnding": "2019-12-31", "updatedFromDate": "2023-05-17"}, {"date": "2020-02-20", "symbol": "VOLO.ST", "eps": 1.82, "epsEstimated": 1.45, "time": "bmo", "revenue": 1801000000, "revenueEstimated": null, "fiscalDateEnding": "2019-12-30", "updatedFromDate": "2023-05-17"}, {"date": "2020-02-20", "symbol": "CTRE", "eps": 0.2, "epsEstimated": 0.2, "time": "amc", "revenue": 42333000, "revenueEstimated": 44228000, "fiscalDateEnding": "2019-12-30", "updatedFromDate": "2023-09-29"}, {"date": "2020-02-20", "symbol": "TRAGF", "eps": -0.13, "epsEstimated": -0.01, "time": "amc", "revenue": null, "revenueEstimated": null, "fiscalDateEnding": "2019-12-31", "updatedFromDate": "2023-05-17"}, {"date": "2020-02-20", "symbol": "600183.SS", "eps": 0.18, "epsEstimated": 0.18, "time": "bmo", "revenue": 3071837888.45, "revenueEstimated": null, "fiscalDateEnding": "2019-11-20", "updatedFromDate": "2023-05-17"}, {"date": "2020-02-20", "symbol": "ODTC", "eps": -0.9, "epsEstimated": -0.99, "time": "bmo", "revenue": null, "revenueEstimated": null, "fiscalDateEnding": "2019-12-30", "updatedFromDate": "2023-05-17"}, {"date": "2020-02-20", "symbol": "GAPB.MX", "eps": 2.55, "epsEstimated": 2.57, "time": "bmo", "revenue": null, "revenueEstimated": null, "fiscalDateEnding": "2019-12-31", "updatedFromDate": "2023-05-17"}, {"date": "2020-02-20", "symbol": "AGRX", "eps": -200, "epsEstimated": -160, "time": "bmo", "revenue": null, "revenueEstimated": null, "fiscalDateEnding": "2019-12-30", "updatedFromDate": "2023-09-29"}, {"date": "2020-02-20", "symbol": "PBYI", "eps": -0.29, "epsEstimated": -0.48, "time": "amc", "revenue": 62900000, "revenueEstimated": 104146758.62068966, "fiscalDateEnding": "2019-12-30", "updatedFromDate": "2023-09-29"}, {"date": "2020-02-20", "symbol": "SLRC", "eps": 0.41, "epsEstimated": 0.44, "time": "amc", "revenue": 1654000, "revenueEstimated": 39770634.146341465, "fiscalDateEnding": "2019-12-30", "updatedFromDate": "2023-09-29"}, {"date": "2020-02-20", "symbol": "NGT.TO", "eps": 0.691, "epsEstimated": null, "time": "bmo", "revenue": 2967000000, "revenueEstimated": null, "fiscalDateEnding": "2019-12-30", "updatedFromDate": "2023-05-17"}, {"date": "2020-02-20", "symbol": "ARD", "eps": 0.39, "epsEstimated": 0.26, "time": "bmo", "revenue": 1581000000, "revenueEstimated": 1054000000.0000001, "fiscalDateEnding": "2019-12-30", "updatedFromDate": "2023-05-17"}, {"date": "2020-02-20", "symbol": "FMS", "eps": 0.68, "epsEstimated": 0.63, "time": "bmo", "revenue": 4580000000, "revenueEstimated": 4216473873, "fiscalDateEnding": "2019-12-31", "updatedFromDate": "2023-09-29"}, {"date": "2020-02-20", "symbol": "SRBEF", "eps": null, "epsEstimated": null, "time": "bmo", "revenue": null, "revenueEstimated": null, "fiscalDateEnding": "2019-12-31", "updatedFromDate": "2023-05-17"}, {"date": "2020-02-20", "symbol": "TCP", "eps": 0.95, "epsEstimated": 0.93, "time": "bmo", "revenue": 101000000, "revenueEstimated": 101810526.31578948, "fiscalDateEnding": "2019-11-20", "updatedFromDate": "2023-05-17"}, {"date": "2020-02-20", "symbol": "RCM", "eps": 0.01, "epsEstimated": 0.04, "time": "bmo", "revenue": 314000000, "revenueEstimated": 1256000000, "fiscalDateEnding": "2019-12-31", "updatedFromDate": "2023-09-29"}, {"date": "2020-02-20", "symbol": "CWST", "eps": 0.21, "epsEstimated": 0.21, "time": "amc", "revenue": 193619000, "revenueEstimated": 193620000, "fiscalDateEnding": "2019-12-30", "updatedFromDate": "2023-09-29"}, {"date": "2020-02-20", "symbol": "TV", "eps": 0.22, "epsEstimated": 0.12, "time": "bmo", "revenue": 28003200000, "revenueEstimated": 20989138496.625, "fiscalDateEnding": "2019-12-31", "updatedFromDate": "2023-09-29"}, {"date": "2020-02-20", "symbol": "METC", "eps": 0.05, "epsEstimated": 0.13, "time": "amc", "revenue": 45612000, "revenueEstimated": 118591199.99999999, "fiscalDateEnding": "2019-12-30", "updatedFromDate": "2023-09-29"}, {"date": "2020-02-20", "symbol": "LJ3.SI", "eps": null, "epsEstimated": null, "time": "bmo", "revenue": null, "revenueEstimated": null, "fiscalDateEnding": "2019-12-31", "updatedFromDate": "2023-05-17"}, {"date": "2020-02-20", "symbol": "UOVEF", "eps": 2.34, "epsEstimated": 0.57, "time": "bmo", "revenue": null, "revenueEstimated": null, "fiscalDateEnding": "2019-12-31", "updatedFromDate": "2023-05-17"}, {"date": "2020-02-20", "symbol": "CRPU.SI", "eps": null, "epsEstimated": null, "time": "bmo", "revenue": null, "revenueEstimated": null, "fiscalDateEnding": "2019-12-31", "updatedFromDate": "2023-05-17"}, {"date": "2020-02-20", "symbol": "RIOCF", "eps": null, "epsEstimated": null, "time": "bmo", "revenue": null, "revenueEstimated": null, "fiscalDateEnding": "2019-12-31", "updatedFromDate": "2023-05-17"}, {"date": "2020-02-20", "symbol": "NSR", "eps": -6e-05, "epsEstimated": null, "time": "bmo", "revenue": 4199000, "revenueEstimated": null, "fiscalDateEnding": "2019-03-30", "updatedFromDate": "2023-10-10"}, {"date": "2020-02-20", "symbol": "FTMNF", "eps": -0.03, "epsEstimated": -0.02625, "time": "bmo", "revenue": null, "revenueEstimated": null, "fiscalDateEnding": "2019-12-31", "updatedFromDate": "2023-05-17"}, {"date": "2020-02-20", "symbol": "GXE.TO", "eps": -0.04, "epsEstimated": -0.00667, "time": "bmo", "revenue": 30396000, "revenueEstimated": null, "fiscalDateEnding": "2019-12-30", "updatedFromDate": "2023-05-17"}, {"date": "2020-02-20", "symbol": "LEHTO.HE", "eps": 0.01, "epsEstimated": 0.00389, "time": "bmo", "revenue": 119400000, "revenueEstimated": null, "fiscalDateEnding": "2019-11-20", "updatedFromDate": "2023-05-17"}, {"date": "2020-02-20", "symbol": "PRMW.TO", "eps": 0.1, "epsEstimated": 0.05, "time": "bmo", "revenue": 600200000, "revenueEstimated": null, "fiscalDateEnding": "2019-12-31", "updatedFromDate": "2023-10-16"}, {"date": "2020-02-20", "symbol": "ED", "eps": 0.87, "epsEstimated": 0.8, "time": "amc", "revenue": 3234000000, "revenueEstimated": 2713563218.390805, "fiscalDateEnding": "2019-11-20", "updatedFromDate": "2023-10-10"}, {"date": "2020-02-20", "symbol": "TRGP", "eps": 0.14, "epsEstimated": -0.07, "time": "bmo", "revenue": 2473900000, "revenueEstimated": 279311290.3225804, "fiscalDateEnding": "2019-12-30", "updatedFromDate": "2023-09-29"}, {"date": "2020-02-20", "symbol": "FNM.ST", "eps": 3.95, "epsEstimated": 5.2, "time": "bmo", "revenue": 843565000, "revenueEstimated": null, "fiscalDateEnding": "2019-12-30", "updatedFromDate": "2023-05-17"}, {"date": "2020-02-20", "symbol": "002461.SZ", "eps": 0.02, "epsEstimated": null, "time": "bmo", "revenue": 755586364.43, "revenueEstimated": null, "fiscalDateEnding": "2019-12-30", "updatedFromDate": "2023-05-17"}, {"date": "2020-02-20", "symbol": "GBLIZ", "eps": 0.65, "epsEstimated": 0.04, "time": "bmo", "revenue": 175913000, "revenueEstimated": 2256084225, "fiscalDateEnding": "2019-12-30", "updatedFromDate": "2023-05-17"}, {"date": "2020-02-20", "symbol": "GCWOF", "eps": 0.12, "epsEstimated": 0.08, "time": "bmo", "revenue": null, "revenueEstimated": null, "fiscalDateEnding": "2019-12-31", "updatedFromDate": "2023-05-17"}, {"date": "2020-02-20", "symbol": "PRG", "eps": 1.15, "epsEstimated": 1.07, "time": "bmo", "revenue": 1003604000, "revenueEstimated": null, "fiscalDateEnding": "2019-12-31", "updatedFromDate": "2023-09-29"}, {"date": "2020-02-20", "symbol": "DRETF", "eps": null, "epsEstimated": null, "time": "amc", "revenue": null, "revenueEstimated": null, "fiscalDateEnding": "2019-12-31", "updatedFromDate": "2023-05-17"}, {"date": "2020-02-20", "symbol": "VIV", "eps": 0.17, "epsEstimated": 0.22, "time": "bmo", "revenue": 11377000000, "revenueEstimated": 13850084347, "fiscalDateEnding": "2019-12-31", "updatedFromDate": "2023-09-29"}, {"date": "2020-02-20", "symbol": "1320.SR", "eps": -0.06, "epsEstimated": -0.11, "time": "bmo", "revenue": 156594620, "revenueEstimated": null, "fiscalDateEnding": "2019-12-30", "updatedFromDate": "2023-05-17"}, {"date": "2020-02-20", "symbol": "002320.SZ", "eps": 0.0332, "epsEstimated": null, "time": "bmo", "revenue": 279632400.33, "revenueEstimated": null, "fiscalDateEnding": "2020-03-30", "updatedFromDate": "2023-05-17"}, {"date": "2020-02-20", "symbol": "TECK-B.TO", "eps": 0.22, "epsEstimated": 0.4, "time": "bmo", "revenue": 2655000000, "revenueEstimated": null, "fiscalDateEnding": "2019-12-30", "updatedFromDate": "2023-05-17"}, {"date": "2020-02-20", "symbol": "MMI", "eps": 0.52, "epsEstimated": 0.49, "time": "amc", "revenue": 237908000, "revenueEstimated": 224182538.46153846, "fiscalDateEnding": "2019-12-30", "updatedFromDate": "2023-09-29"}, {"date": "2020-02-20", "symbol": "GLKBN.SW", "eps": 0.4963, "epsEstimated": null, "time": "bmo", "revenue": 22323000, "revenueEstimated": null, "fiscalDateEnding": "2019-11-20", "updatedFromDate": "2023-05-17"}, {"date": "2020-02-20", "symbol": "STFC", "eps": 0.29, "epsEstimated": 0.68, "time": "bmo", "revenue": 367000000, "revenueEstimated": 759255172.4137932, "fiscalDateEnding": "2019-12-30", "updatedFromDate": "2023-05-17"}, {"date": "2020-02-20", "symbol": "SUNS", "eps": 0.35, "epsEstimated": 0.34, "time": "amc", "revenue": 8775000, "revenueEstimated": 9182914.285714287, "fiscalDateEnding": "2019-11-20", "updatedFromDate": "2023-05-17"}, {"date": "2020-02-20", "symbol": "TXRH", "eps": 0.61, "epsEstimated": 0.52, "time": "amc", "revenue": 725238000, "revenueEstimated": 618235672.1311476, "fiscalDateEnding": "2019-12-30", "updatedFromDate": "2023-09-29"}, {"date": "2020-02-20", "symbol": "CLAV.ST", "eps": -4.20361, "epsEstimated": null, "time": "bmo", "revenue": 31503000, "revenueEstimated": null, "fiscalDateEnding": "2019-12-30", "updatedFromDate": "2023-05-17"}, {"date": "2020-02-20", "symbol": "SUUIF", "eps": 0.43, "epsEstimated": 0.4, "time": "bmo", "revenue": 2852900000, "revenueEstimated": null, "fiscalDateEnding": "2019-12-31", "updatedFromDate": "2023-08-25"}, {"date": "2020-02-20", "symbol": "TNXXF", "eps": 0.72, "epsEstimated": 0.82, "time": "bmo", "revenue": null, "revenueEstimated": null, "fiscalDateEnding": "2019-12-31", "updatedFromDate": "2023-08-25"}, {"date": "2020-02-20", "symbol": "CYB1.ST", "eps": -0.0006, "epsEstimated": null, "time": "bmo", "revenue": 24206200, "revenueEstimated": null, "fiscalDateEnding": "2019-12-30", "updatedFromDate": "2023-05-17"}, {"date": "2020-02-20", "symbol": "MFA-PC", "eps": 0.21, "epsEstimated": 0.2, "time": "bmo", "revenue": null, "revenueEstimated": null, "fiscalDateEnding": "2019-12-30", "updatedFromDate": "2023-05-17"}, {"date": "2020-02-20", "symbol": "002503.SZ", "eps": -0.03059, "epsEstimated": null, "time": "bmo", "revenue": 3038427199.22, "revenueEstimated": null, "fiscalDateEnding": "2019-12-30", "updatedFromDate": "2023-05-17"}, {"date": "2020-02-20", "symbol": "AIF.TO", "eps": 0.43, "epsEstimated": 0.35, "time": "bmo", "revenue": 148769000, "revenueEstimated": 106836279.06976745, "fiscalDateEnding": "2019-12-30", "updatedFromDate": "2023-05-17"}, {"date": "2020-02-20", "symbol": "UQA.VI", "eps": 0.22, "epsEstimated": 0.18, "time": "bmo", "revenue": null, "revenueEstimated": null, "fiscalDateEnding": "2019-11-20", "updatedFromDate": "2023-08-25"}, {"date": "2020-02-20", "symbol": "LUG.ST", "eps": -0.03, "epsEstimated": -0.06, "time": "bmo", "revenue": null, "revenueEstimated": null, "fiscalDateEnding": "2019-12-31", "updatedFromDate": "2023-10-16"}, {"date": "2020-02-20", "symbol": "STOR", "eps": 0.25, "epsEstimated": 0.24, "time": "bmo", "revenue": 173455000, "revenueEstimated": 166516800, "fiscalDateEnding": "2019-12-30", "updatedFromDate": "2023-05-17"}, {"date": "2020-02-20", "symbol": "CONTX.OL", "eps": -0.04, "epsEstimated": 0.05, "time": "bmo", "revenue": 28138000, "revenueEstimated": null, "fiscalDateEnding": "2019-12-31", "updatedFromDate": "2023-08-17"}, {"date": "2020-02-20", "symbol": "WHL.JO", "eps": null, "epsEstimated": null, "time": "bmo", "revenue": null, "revenueEstimated": null, "fiscalDateEnding": "2020-03-31", "updatedFromDate": "2023-10-17"}, {"date": "2020-02-20", "symbol": "AKS", "eps": -0.11, "epsEstimated": -0.1, "time": "bmo", "revenue": 1445700000, "revenueEstimated": 1314272727.2727275, "fiscalDateEnding": "2019-11-20", "updatedFromDate": "2023-05-17"}, {"date": "2020-02-20", "symbol": "TMST", "eps": -0.61, "epsEstimated": -0.52, "time": "amc", "revenue": 226900000, "revenueEstimated": 183592642.5, "fiscalDateEnding": "2019-12-30", "updatedFromDate": "2023-09-29"}, {"date": "2020-02-20", "symbol": "TDS", "eps": 0.1, "epsEstimated": 0.02875, "time": "amc", "revenue": 1336000000, "revenueEstimated": 400799999.99999994, "fiscalDateEnding": "2019-12-30", "updatedFromDate": "2023-09-29"}, {"date": "2020-02-20", "symbol": "JVTSF", "eps": null, "epsEstimated": null, "time": "bmo", "revenue": null, "revenueEstimated": null, "fiscalDateEnding": "2020-03-31", "updatedFromDate": "2023-05-17"}, {"date": "2020-02-20", "symbol": "RY", "eps": 1.85, "epsEstimated": 1.73, "time": "bmo", "revenue": 12814000000, "revenueEstimated": 12034017391, "fiscalDateEnding": "2020-01-31", "updatedFromDate": "2023-09-29"}, {"date": "2020-02-20", "symbol": "KBR", "eps": 0.46, "epsEstimated": 0.45, "time": "bmo", "revenue": 1452000000, "revenueEstimated": 1420434782.6086957, "fiscalDateEnding": "2019-12-30", "updatedFromDate": "2023-09-29"}, {"date": "2020-02-20", "symbol": "BOOM", "eps": 0.65, "epsEstimated": 0.46, "time": "amc", "revenue": 86367000, "revenueEstimated": 59792538.46153846, "fiscalDateEnding": "2019-12-30", "updatedFromDate": "2023-09-29"}, {"date": "2020-02-20", "symbol": "091700.KQ", "eps": -81, "epsEstimated": 279.17, "time": "bmo", "revenue": null, "revenueEstimated": null, "fiscalDateEnding": "2019-12-31", "updatedFromDate": "2023-05-17"}, {"date": "2020-02-20", "symbol": "FSLR", "eps": 2.02, "epsEstimated": 2.79, "time": "amc", "revenue": 1399377000, "revenueEstimated": 1884309623.7623763, "fiscalDateEnding": "2019-12-30", "updatedFromDate": "2023-09-29"}, {"date": "2020-02-20", "symbol": "004980.KS", "eps": 361, "epsEstimated": null, "time": "bmo", "revenue": 182259714050, "revenueEstimated": null, "fiscalDateEnding": "2019-12-30", "updatedFromDate": "2023-05-17"}, {"date": "2020-02-20", "symbol": "REPYF", "eps": null, "epsEstimated": 0.26, "time": "bmo", "revenue": null, "revenueEstimated": null, "fiscalDateEnding": "2019-12-31", "updatedFromDate": "2023-05-17"}, {"date": "2020-02-20", "symbol": "TREVQ", "eps": null, "epsEstimated": null, "time": "amc", "revenue": null, "revenueEstimated": null, "fiscalDateEnding": "2019-12-31", "updatedFromDate": "2023-05-17"}, {"date": "2020-02-20", "symbol": "MFIN", "eps": 0.11, "epsEstimated": 0.11, "time": "amc", "revenue": 26280000, "revenueEstimated": 29554000, "fiscalDateEnding": "2019-12-30", "updatedFromDate": "2023-09-29"}, {"date": "2020-02-20", "symbol": "RMAX", "eps": 0.47, "epsEstimated": 0.47, "time": "amc", "revenue": 68193000, "revenueEstimated": 66742085.10638298, "fiscalDateEnding": "2019-12-30", "updatedFromDate": "2023-09-29"}, {"date": "2020-02-20", "symbol": "300054.SZ", "eps": -0.15, "epsEstimated": 0.05, "time": "bmo", "revenue": null, "revenueEstimated": null, "fiscalDateEnding": "2019-12-31", "updatedFromDate": "2023-05-31"}, {"date": "2020-02-20", "symbol": "AAC.ST", "eps": -0.08702, "epsEstimated": null, "time": "bmo", "revenue": 20579000, "revenueEstimated": null, "fiscalDateEnding": "2019-12-30", "updatedFromDate": "2023-05-17"}, {"date": "2020-02-20", "symbol": "BRC", "eps": 0.62, "epsEstimated": 0.57, "time": "bmo", "revenue": 276665000, "revenueEstimated": 254353306.4516129, "fiscalDateEnding": "2020-01-30", "updatedFromDate": "2023-09-29"}, {"date": "2020-02-20", "symbol": "CERS", "eps": -0.12, "epsEstimated": -0.11, "time": "amc", "revenue": 20917000, "revenueEstimated": 24280666.666666668, "fiscalDateEnding": "2019-12-30", "updatedFromDate": "2023-09-29"}, {"date": "2020-02-20", "symbol": "SATS", "eps": -0.48, "epsEstimated": -0.09309, "time": "bmo", "revenue": 499006000, "revenueEstimated": 99801199.99999999, "fiscalDateEnding": "2019-12-30", "updatedFromDate": "2023-09-29"}, {"date": "2020-02-20", "symbol": "RHKJF", "eps": 0.1, "epsEstimated": 0.07, "time": "bmo", "revenue": null, "revenueEstimated": null, "fiscalDateEnding": "2019-12-31", "updatedFromDate": "2023-05-17"}, {"date": "2020-02-20", "symbol": "KL", "eps": 0.88, "epsEstimated": 0.87, "time": "bmo", "revenue": 412379000, "revenueEstimated": 407692875, "fiscalDateEnding": "2019-12-30", "updatedFromDate": "2023-05-17"}, {"date": "2020-02-20", "symbol": "TKFEN.IS", "eps": -0.05, "epsEstimated": null, "time": "bmo", "revenue": null, "revenueEstimated": null, "fiscalDateEnding": "2019-12-31", "updatedFromDate": "2023-05-17"}, {"date": "2020-02-20", "symbol": "COLD", "eps": 0.1, "epsEstimated": 0.17, "time": "amc", "revenue": 485984000, "revenueEstimated": 826172800.0000001, "fiscalDateEnding": "2019-12-30", "updatedFromDate": "2023-09-29"}, {"date": "2020-02-20", "symbol": "026890.KS", "eps": 61.59, "epsEstimated": null, "time": "bmo", "revenue": 37958836510, "revenueEstimated": null, "fiscalDateEnding": "2019-11-20", "updatedFromDate": "2023-05-17"}, {"date": "2020-02-20", "symbol": "HTGC", "eps": 0.38, "epsEstimated": 0.36, "time": "amc", "revenue": 60420000, "revenueEstimated": 66862421.05263157, "fiscalDateEnding": "2019-12-30", "updatedFromDate": "2023-09-29"}, {"date": "2020-02-20", "symbol": "USM", "eps": 0.2, "epsEstimated": 0.0156, "time": "amc", "revenue": 1052000000, "revenueEstimated": 105199999.99999997, "fiscalDateEnding": "2019-12-30", "updatedFromDate": "2023-09-29"}, {"date": "2020-02-20", "symbol": "GLOB", "eps": 0.64, "epsEstimated": 0.61, "time": "amc", "revenue": 184306000, "revenueEstimated": 175666656.25, "fiscalDateEnding": "2019-12-31", "updatedFromDate": "2023-09-29"}, {"date": "2020-02-20", "symbol": "IMR.AX", "eps": null, "epsEstimated": null, "time": "bmo", "revenue": null, "revenueEstimated": null, "fiscalDateEnding": "2019-12-31", "updatedFromDate": "2023-05-17"}, {"date": "2020-02-20", "symbol": "ACRE", "eps": 0.37, "epsEstimated": 0.36, "time": "bmo", "revenue": 21580000, "revenueEstimated": 35634162.16216216, "fiscalDateEnding": "2019-12-30", "updatedFromDate": "2023-09-29"}, {"date": "2020-02-20", "symbol": "LAMR", "eps": 1.02, "epsEstimated": 1.1, "time": "bmo", "revenue": 462659000, "revenueEstimated": 498945980.39215696, "fiscalDateEnding": "2019-12-30", "updatedFromDate": "2023-09-29"}, {"date": "2020-02-20", "symbol": "TKO.TO", "eps": -0.07, "epsEstimated": -0.05, "time": "bmo", "revenue": 89932000, "revenueEstimated": null, "fiscalDateEnding": "2019-12-31", "updatedFromDate": "2023-10-16"}, {"date": "2020-02-20", "symbol": "LUMI.ST", "eps": 0.13, "epsEstimated": 0.08, "time": "bmo", "revenue": 568363000, "revenueEstimated": null, "fiscalDateEnding": "2019-12-30", "updatedFromDate": "2023-05-17"}, {"date": "2020-02-20", "symbol": "CASA", "eps": 0.15, "epsEstimated": 0.00257, "time": "amc", "revenue": 112893000, "revenueEstimated": null, "fiscalDateEnding": "2019-12-30", "updatedFromDate": "2023-09-29"}, {"date": "2020-02-20", "symbol": "PARA", "eps": 0.97, "epsEstimated": 1.44, "time": "bmo", "revenue": 16541000000, "revenueEstimated": null, "fiscalDateEnding": "2019-12-30", "updatedFromDate": "2023-09-29"}, {"date": "2020-02-20", "symbol": "WIX", "eps": 0.39, "epsEstimated": 0.27, "time": "bmo", "revenue": 204588000, "revenueEstimated": 162621230.76923075, "fiscalDateEnding": "2019-12-31", "updatedFromDate": "2023-09-29"}, {"date": "2020-02-20", "symbol": "VALE", "eps": 0.59, "epsEstimated": 0.43, "time": "amc", "revenue": 9964000000, "revenueEstimated": 20767073684, "fiscalDateEnding": "2019-12-31", "updatedFromDate": "2023-09-29"}, {"date": "2020-02-20", "symbol": "AXXTF", "eps": 0.04, "epsEstimated": 0.03778, "time": "bmo", "revenue": null, "revenueEstimated": null, "fiscalDateEnding": "2019-12-31", "updatedFromDate": "2023-05-17"}, {"date": "2020-02-20", "symbol": "VTVT", "eps": -0.11, "epsEstimated": -0.1, "time": "bmo", "revenue": 7000, "revenueEstimated": 4846.153846153846, "fiscalDateEnding": "2019-12-30", "updatedFromDate": "2023-09-29"}, {"date": "2020-02-20", "symbol": "300631.SZ", "eps": null, "epsEstimated": null, "time": "bmo", "revenue": null, "revenueEstimated": null, "fiscalDateEnding": "2019-12-31", "updatedFromDate": "2023-05-17"}, {"date": "2020-02-20", "symbol": "PARAA", "eps": 1.57, "epsEstimated": null, "time": "bmo", "revenue": 16541000000, "revenueEstimated": null, "fiscalDateEnding": "2019-12-30", "updatedFromDate": "2023-09-29"}, {"date": "2020-02-20", "symbol": "NSRXF", "eps": null, "epsEstimated": null, "time": "bmo", "revenue": null, "revenueEstimated": null, "fiscalDateEnding": "2019-12-31", "updatedFromDate": "2023-05-17"}, {"date": "2020-02-20", "symbol": "TGB", "eps": -0.05, "epsEstimated": -0.05, "time": "amc", "revenue": 89932000, "revenueEstimated": 64237142.85714285, "fiscalDateEnding": "2019-12-31", "updatedFromDate": "2023-09-29"}, {"date": "2020-02-20", "symbol": "OLED", "eps": 0.56, "epsEstimated": 0.74, "time": "amc", "revenue": 101729000, "revenueEstimated": 134427607.1428571, "fiscalDateEnding": "2019-12-30", "updatedFromDate": "2023-09-29"}, {"date": "2020-02-20", "symbol": "VAL", "eps": 1.55, "epsEstimated": 1.3, "time": "bmo", "revenue": 512100000, "revenueEstimated": 429503225.8064516, "fiscalDateEnding": "2019-12-30", "updatedFromDate": "2023-09-29"}, {"date": "2020-02-20", "symbol": "006880.KS", "eps": -2911.57, "epsEstimated": null, "time": "bmo", "revenue": 45312708690, "revenueEstimated": null, "fiscalDateEnding": "2020-03-30", "updatedFromDate": "2023-05-17"}, {"date": "2020-02-20", "symbol": "AU", "eps": null, "epsEstimated": 0.9, "time": "bmo", "revenue": 1704000000, "revenueEstimated": null, "fiscalDateEnding": "2019-12-30", "updatedFromDate": "2023-09-29"}, {"date": "2020-02-20", "symbol": "ASRPF", "eps": null, "epsEstimated": null, "time": "bmo", "revenue": null, "revenueEstimated": null, "fiscalDateEnding": "2019-12-31", "updatedFromDate": "2023-05-17"}, {"date": "2020-02-20", "symbol": "SEYE.ST", "eps": -2.31, "epsEstimated": -1.5, "time": "bmo", "revenue": 13505000, "revenueEstimated": null, "fiscalDateEnding": "2019-12-30", "updatedFromDate": "2023-08-16"}, {"date": "2020-02-20", "symbol": "KBAGF", "eps": null, "epsEstimated": null, "time": "bmo", "revenue": null, "revenueEstimated": null, "fiscalDateEnding": "2019-12-31", "updatedFromDate": "2023-05-17"}, {"date": "2020-02-20", "symbol": "GSBD", "eps": 0.48, "epsEstimated": 0.48, "time": "amc", "revenue": 10636000, "revenueEstimated": 34728104.166666664, "fiscalDateEnding": "2019-12-30", "updatedFromDate": "2023-09-29"}, {"date": "2020-02-20", "symbol": "BVN", "eps": -0.19, "epsEstimated": 0.14, "time": "amc", "revenue": 235490000, "revenueEstimated": 766248230, "fiscalDateEnding": "2019-12-31", "updatedFromDate": "2023-09-29"}, {"date": "2020-02-20", "symbol": "KIN.BR", "eps": null, "epsEstimated": null, "time": "bmo", "revenue": null, "revenueEstimated": null, "fiscalDateEnding": "2019-11-20", "updatedFromDate": "2023-05-17"}, {"date": "2020-02-20", "symbol": "FIT", "eps": -0.12, "epsEstimated": -0.02044, "time": "amc", "revenue": 502142000, "revenueEstimated": 125535500, "fiscalDateEnding": "2019-12-30", "updatedFromDate": "2023-05-17"}, {"date": "2020-02-20", "symbol": "BCP.BK", "eps": 0.38, "epsEstimated": 0.38, "time": "bmo", "revenue": 50146053378, "revenueEstimated": null, "fiscalDateEnding": "2019-12-31", "updatedFromDate": "2023-05-17"}, {"date": "2020-02-20", "symbol": "MSC", "eps": 0.35, "epsEstimated": 0.37, "time": "bmo", "revenue": 167819000, "revenueEstimated": 178380171.42857143, "fiscalDateEnding": "2019-12-31", "updatedFromDate": "2023-09-29"}, {"date": "2020-02-20", "symbol": "TEP.PA", "eps": 1.38, "epsEstimated": null, "time": "bmo", "revenue": 1433000000, "revenueEstimated": null, "fiscalDateEnding": "2019-11-20", "updatedFromDate": "2023-05-17"}, {"date": "2020-02-20", "symbol": "FND", "eps": 0.26, "epsEstimated": 0.21, "time": "amc", "revenue": 527002000, "revenueEstimated": 425655461.5384615, "fiscalDateEnding": "2019-12-25", "updatedFromDate": "2023-09-29"}, {"date": "2020-02-20", "symbol": "HRL", "eps": 0.45, "epsEstimated": 0.46, "time": "bmo", "revenue": 2384434000, "revenueEstimated": 2437421422.222222, "fiscalDateEnding": "2020-01-25", "updatedFromDate": "2023-09-29"}, {"date": "2020-02-20", "symbol": "SFM", "eps": 0.27, "epsEstimated": 0.14, "time": "amc", "revenue": 1364991000, "revenueEstimated": 1221636466.6875, "fiscalDateEnding": "2019-12-28", "updatedFromDate": "2023-09-29"}, {"date": "2020-02-20", "symbol": "HSIC", "eps": 0.97, "epsEstimated": 0.91, "time": "bmo", "revenue": 2668941000, "revenueEstimated": 2503851865.9793816, "fiscalDateEnding": "2019-12-27", "updatedFromDate": "2023-09-29"}, {"date": "2020-02-20", "symbol": "ADVBOX.ST", "eps": null, "epsEstimated": null, "time": "bmo", "revenue": null, "revenueEstimated": null, "fiscalDateEnding": "2019-12-30", "updatedFromDate": "2023-10-16"}, {"date": "2020-02-20", "symbol": "ENV", "eps": 0.69, "epsEstimated": 0.68, "time": "amc", "revenue": 239936000, "revenueEstimated": 236458666.66666672, "fiscalDateEnding": "2019-12-30", "updatedFromDate": "2023-09-29"}, {"date": "2020-02-20", "symbol": "NCNNF", "eps": null, "epsEstimated": null, "time": "bmo", "revenue": null, "revenueEstimated": null, "fiscalDateEnding": "2019-12-31", "updatedFromDate": "2023-05-17"}, {"date": "2020-02-20", "symbol": "ANIM.MI", "eps": 0.15, "epsEstimated": 0.14, "time": "bmo", "revenue": 289974000, "revenueEstimated": null, "fiscalDateEnding": "2019-11-20", "updatedFromDate": "2023-05-17"}, {"date": "2020-02-20", "symbol": "TGO.TO", "eps": -0.13, "epsEstimated": -0.01, "time": "bmo", "revenue": 11997000, "revenueEstimated": null, "fiscalDateEnding": "2019-12-30", "updatedFromDate": "2023-08-16"}, {"date": "2020-02-20", "symbol": "CUBE", "eps": 0.22, "epsEstimated": 0.19, "time": "amc", "revenue": 165506000, "revenueEstimated": 142937000, "fiscalDateEnding": "2019-12-30", "updatedFromDate": "2023-09-29"}, {"date": "2020-02-20", "symbol": "015860.KS", "eps": -40.86, "epsEstimated": null, "time": "bmo", "revenue": 297207566800, "revenueEstimated": null, "fiscalDateEnding": "2019-12-30", "updatedFromDate": "2023-05-17"}, {"date": "2020-02-20", "symbol": "EVS.BR", "eps": null, "epsEstimated": null, "time": "bmo", "revenue": null, "revenueEstimated": null, "fiscalDateEnding": "2019-11-20", "updatedFromDate": "2023-05-17"}, {"date": "2020-02-20", "symbol": "103590.KS", "eps": 154.56, "epsEstimated": null, "time": "bmo", "revenue": 221967343360, "revenueEstimated": null, "fiscalDateEnding": "2019-12-31", "updatedFromDate": "2023-08-25"}, {"date": "2020-02-20", "symbol": "ELD.TO", "eps": 0.13, "epsEstimated": 0.13, "time": "bmo", "revenue": 194015000, "revenueEstimated": null, "fiscalDateEnding": "2019-12-30", "updatedFromDate": "2023-05-17"}, {"date": "2020-02-20", "symbol": "WK", "eps": -0.09, "epsEstimated": -0.16, "time": "amc", "revenue": 80265000, "revenueEstimated": 142693333.33333334, "fiscalDateEnding": "2019-12-30", "updatedFromDate": "2023-09-29"}, {"date": "2020-02-20", "symbol": "IMNTF", "eps": null, "epsEstimated": null, "time": "bmo", "revenue": null, "revenueEstimated": null, "fiscalDateEnding": "2019-12-31", "updatedFromDate": "2023-05-17"}, {"date": "2020-02-20", "symbol": "RS", "eps": 2.44, "epsEstimated": 1.73, "time": "bmo", "revenue": 2447800000, "revenueEstimated": 1735530327.8688526, "fiscalDateEnding": "2019-12-30", "updatedFromDate": "2023-09-29"}, {"date": "2020-02-20", "symbol": "CENX", "eps": -0.09, "epsEstimated": -0.14, "time": "amc", "revenue": 435400000, "revenueEstimated": 822422222.2222223, "fiscalDateEnding": "2019-12-30", "updatedFromDate": "2023-09-29"}, {"date": "2020-02-20", "symbol": "ARG.TO", "eps": 0.02, "epsEstimated": 0.03, "time": "bmo", "revenue": 49554000, "revenueEstimated": null, "fiscalDateEnding": "2019-12-31", "updatedFromDate": "2023-10-16"}, {"date": "2020-02-20", "symbol": "002465.SZ", "eps": 0.1, "epsEstimated": 0.11, "time": "bmo", "revenue": 1761665152.03, "revenueEstimated": null, "fiscalDateEnding": "2019-12-30", "updatedFromDate": "2023-05-17"}, {"date": "2020-02-20", "symbol": "CBG.BK", "eps": 0.81, "epsEstimated": 0.79, "time": "bmo", "revenue": 3956797000, "revenueEstimated": null, "fiscalDateEnding": "2019-12-31", "updatedFromDate": "2023-08-16"}, {"date": "2020-02-20", "symbol": "SBAC", "eps": 0.59, "epsEstimated": 0.39, "time": "amc", "revenue": 513659000, "revenueEstimated": 339536644.06779665, "fiscalDateEnding": "2019-12-30", "updatedFromDate": "2023-09-29"}, {"date": "2020-02-20", "symbol": "GIL", "eps": 0.41, "epsEstimated": 0.41, "time": "bmo", "revenue": 658673000, "revenueEstimated": 658673000, "fiscalDateEnding": "2019-12-31", "updatedFromDate": "2023-10-16"}, {"date": "2020-02-20", "symbol": "TEN", "eps": 0.28, "epsEstimated": 0.41, "time": "bmo", "revenue": 4143000000, "revenueEstimated": 6066535714.285713, "fiscalDateEnding": "2019-12-30", "updatedFromDate": "2023-05-17"}, {"date": "2020-02-20", "symbol": "SREN.SW", "eps": -2.13, "epsEstimated": 0.17, "time": "bmo", "revenue": 10908750000, "revenueEstimated": null, "fiscalDateEnding": "2019-11-20", "updatedFromDate": "2023-05-17"}, {"date": "2020-02-20", "symbol": "UFFRF", "eps": 1.54, "epsEstimated": 1.46, "time": "bmo", "revenue": null, "revenueEstimated": 98054430.37974684, "fiscalDateEnding": "2019-12-31", "updatedFromDate": "2023-05-17"}, {"date": "2020-02-20", "symbol": "ACCON.ST", "eps": -0.98, "epsEstimated": -0.92, "time": "bmo", "revenue": 1829453, "revenueEstimated": null, "fiscalDateEnding": "2019-12-31", "updatedFromDate": "2023-08-17"}, {"date": "2020-02-20", "symbol": "SESL.PA", "eps": null, "epsEstimated": null, "time": "bmo", "revenue": null, "revenueEstimated": null, "fiscalDateEnding": "2019-11-20", "updatedFromDate": "2023-05-17"}, {"date": "2020-02-20", "symbol": "ZIXI", "eps": 0.13, "epsEstimated": 0.14, "time": "amc", "revenue": 50379000, "revenueEstimated": 54254307.6923077, "fiscalDateEnding": "2019-12-30", "updatedFromDate": "2023-05-17"}, {"date": "2020-02-20", "symbol": "206640.KQ", "eps": 147.06, "epsEstimated": null, "time": "bmo", "revenue": null, "revenueEstimated": null, "fiscalDateEnding": "2019-12-31", "updatedFromDate": "2023-05-17"}, {"date": "2020-02-20", "symbol": "HBM.TO", "eps": -0.09, "epsEstimated": -0.07, "time": "bmo", "revenue": 324486000, "revenueEstimated": null, "fiscalDateEnding": "2019-12-30", "updatedFromDate": "2023-05-17"}, {"date": "2020-02-20", "symbol": "SSRM", "eps": 0.3, "epsEstimated": 0.31, "time": "amc", "revenue": 177603000, "revenueEstimated": 150279461, "fiscalDateEnding": "2019-12-31", "updatedFromDate": "2023-09-29"}, {"date": "2020-02-20", "symbol": "TFX", "eps": 3.28, "epsEstimated": 3.21, "time": "bmo", "revenue": 680952000, "revenueEstimated": 668495560.9756098, "fiscalDateEnding": "2019-12-30", "updatedFromDate": "2023-09-29"}, {"date": "2020-02-20", "symbol": "ADC", "eps": 0.52, "epsEstimated": 0.47, "time": "amc", "revenue": 52135000, "revenueEstimated": 47122923.07692307, "fiscalDateEnding": "2019-12-30", "updatedFromDate": "2023-09-29"}, {"date": "2020-02-20", "symbol": "FUPEF", "eps": 0.37, "epsEstimated": null, "time": "bmo", "revenue": null, "revenueEstimated": null, "fiscalDateEnding": "2019-12-31", "updatedFromDate": "2023-05-17"}, {"date": "2020-02-20", "symbol": "ASPN", "eps": -0.04, "epsEstimated": -0.03818, "time": "amc", "revenue": 46505000, "revenueEstimated": 46505000, "fiscalDateEnding": "2019-12-30", "updatedFromDate": "2023-09-29"}, {"date": "2020-02-20", "symbol": "I", "eps": -0.81, "epsEstimated": -0.93, "time": "bmo", "revenue": null, "revenueEstimated": null, "fiscalDateEnding": "2019-12-31", "updatedFromDate": "2023-05-17"}, {"date": "2020-02-20", "symbol": "GBLI", "eps": 0.96, "epsEstimated": 0.05908, "time": "bmo", "revenue": 175913000, "revenueEstimated": 8750892.307692308, "fiscalDateEnding": "2019-12-30", "updatedFromDate": "2023-09-29"}, {"date": "2020-02-20", "symbol": "VIACA", "eps": 2.65, "epsEstimated": 1.44, "time": "bmo", "revenue": 16541000000, "revenueEstimated": null, "fiscalDateEnding": "2019-12-30", "updatedFromDate": "2023-05-17"}, {"date": "2020-02-20", "symbol": "NGHC", "eps": 0.72, "epsEstimated": 0.61, "time": "bmo", "revenue": 1369105000, "revenueEstimated": 1159936180.5555556, "fiscalDateEnding": "2019-12-30", "updatedFromDate": "2023-05-17"}, {"date": "2020-02-20", "symbol": "DDM.ST", "eps": 0.11, "epsEstimated": null, "time": "bmo", "revenue": 14662000, "revenueEstimated": null, "fiscalDateEnding": "2019-12-31", "updatedFromDate": "2023-05-17"}, {"date": "2020-02-20", "symbol": "NBR", "eps": -12, "epsEstimated": -12, "time": "amc", "revenue": 714261000, "revenueEstimated": 250269633.50649357, "fiscalDateEnding": "2019-12-30", "updatedFromDate": "2023-09-29"}, {"date": "2020-02-20", "symbol": "ECVT", "eps": 0.13, "epsEstimated": 0.09, "time": "bmo", "revenue": 352375000, "revenueEstimated": 243951923.07692307, "fiscalDateEnding": "2019-12-30", "updatedFromDate": "2023-09-29"}, {"date": "2020-02-20", "symbol": "BJRI", "eps": 0.53, "epsEstimated": 0.44, "time": "amc", "revenue": 291067000, "revenueEstimated": 261960300, "fiscalDateEnding": "2019-12-30", "updatedFromDate": "2023-09-29"}, {"date": "2020-02-20", "symbol": "EPAM", "eps": 1.51, "epsEstimated": 1.45, "time": "bmo", "revenue": 632775000, "revenueEstimated": 607631622.5165563, "fiscalDateEnding": "2019-12-30", "updatedFromDate": "2023-09-29"}, {"date": "2020-02-20", "symbol": "AAWW", "eps": 3.8, "epsEstimated": 2.99, "time": "bmo", "revenue": 747049000, "revenueEstimated": 587809607.8947369, "fiscalDateEnding": "2019-12-30", "updatedFromDate": "2023-05-17"}, {"date": "2020-02-20", "symbol": "PRMW", "eps": 0.05, "epsEstimated": 0.05, "time": "bmo", "revenue": 600200000, "revenueEstimated": 495164999.25, "fiscalDateEnding": "2019-12-27", "updatedFromDate": "2023-09-29"}, {"date": "2020-02-20", "symbol": "IZAFE-B.ST", "eps": -0.3, "epsEstimated": -0.12, "time": "bmo", "revenue": 4471000, "revenueEstimated": null, "fiscalDateEnding": "2019-12-30", "updatedFromDate": "2023-05-17"}, {"date": "2020-02-20", "symbol": "BAND", "eps": -0.02, "epsEstimated": -0.13, "time": "amc", "revenue": 62003000, "revenueEstimated": 434021000, "fiscalDateEnding": "2019-12-30", "updatedFromDate": "2023-09-29"}, {"date": "2020-02-20", "symbol": "EGO", "eps": 0.13, "epsEstimated": 0.11, "time": "amc", "revenue": 191865000, "revenueEstimated": 191865000, "fiscalDateEnding": "2019-12-31", "updatedFromDate": "2023-09-29"}, {"date": "2020-02-20", "symbol": "VALE3.SA", "eps": -0.12, "epsEstimated": 0.17, "time": "bmo", "revenue": 9964000000, "revenueEstimated": null, "fiscalDateEnding": "2019-12-30", "updatedFromDate": "2023-05-17"}, {"date": "2020-02-20", "symbol": "COMM", "eps": 0.46, "epsEstimated": 0.34, "time": "bmo", "revenue": 2298700000, "revenueEstimated": 1699039130.4347825, "fiscalDateEnding": "2019-12-30", "updatedFromDate": "2023-09-29"}, {"date": "2020-02-20", "symbol": "002641.SZ", "eps": 0.17, "epsEstimated": null, "time": "bmo", "revenue": 1886027140.81, "revenueEstimated": null, "fiscalDateEnding": "2019-12-30", "updatedFromDate": "2023-05-17"}, {"date": "2020-02-20", "symbol": "LITI.ST", "eps": -0.26, "epsEstimated": -0.18, "time": "bmo", "revenue": 12201548, "revenueEstimated": null, "fiscalDateEnding": "2019-12-30", "updatedFromDate": "2023-05-17"}, {"date": "2020-02-20", "symbol": "UIHC", "eps": -0.36, "epsEstimated": 0.32, "time": "amc", "revenue": 210421000, "revenueEstimated": 165901666.66666663, "fiscalDateEnding": "2019-12-30", "updatedFromDate": "2023-09-29"}, {"date": "2020-02-20", "symbol": "NCMI", "eps": 2.4, "epsEstimated": 2, "time": "amc", "revenue": 147200000, "revenueEstimated": 128800000, "fiscalDateEnding": "2019-12-25", "updatedFromDate": "2023-09-29"}, {"date": "2020-02-20", "symbol": "INTEQ", "eps": -0.81, "epsEstimated": -0.93, "time": "bmo", "revenue": 2061465000, "revenueEstimated": 2327460483, "fiscalDateEnding": "2019-12-30", "updatedFromDate": "2023-09-29"}, {"date": "2020-02-20", "symbol": "ROG", "eps": 1.14, "epsEstimated": 1.06, "time": "amc", "revenue": 193768000, "revenueEstimated": 180170245.6140351, "fiscalDateEnding": "2019-12-30", "updatedFromDate": "2023-09-29"}, {"date": "2020-02-20", "symbol": "AEP", "eps": 0.6, "epsEstimated": 0.6, "time": "bmo", "revenue": 3616000000, "revenueEstimated": 3495466666.6666665, "fiscalDateEnding": "2019-12-30", "updatedFromDate": "2023-09-29"}, {"date": "2020-02-20", "symbol": "HOMI.BR", "eps": -0.06776, "epsEstimated": null, "time": "bmo", "revenue": null, "revenueEstimated": null, "fiscalDateEnding": "2019-11-20", "updatedFromDate": "2023-05-17"}, {"date": "2020-02-20", "symbol": "TNC", "eps": 0.64, "epsEstimated": 0.61, "time": "bmo", "revenue": 294800000, "revenueEstimated": 280981250, "fiscalDateEnding": "2019-12-30", "updatedFromDate": "2023-09-29"}, {"date": "2020-02-20", "symbol": "SYNH", "eps": 1.03, "epsEstimated": 1.01, "time": "bmo", "revenue": 1212954000, "revenueEstimated": 1189401495.145631, "fiscalDateEnding": "2019-12-30", "updatedFromDate": "2023-09-29"}, {"date": "2020-02-20", "symbol": "001130.KS", "eps": 148.27, "epsEstimated": null, "time": "bmo", "revenue": 241763097990, "revenueEstimated": null, "fiscalDateEnding": "2019-12-30", "updatedFromDate": "2023-05-17"}, {"date": "2020-02-20", "symbol": "ZS", "eps": 0.09, "epsEstimated": 0.03089, "time": "amc", "revenue": 110524000, "revenueEstimated": 33756000.00000001, "fiscalDateEnding": "2019-11-20", "updatedFromDate": "2023-09-29"}, {"date": "2020-02-20", "symbol": "DHG.AX", "eps": null, "epsEstimated": 0.03, "time": "bmo", "revenue": null, "revenueEstimated": null, "fiscalDateEnding": "2019-11-20", "updatedFromDate": "2023-10-17"}, {"date": "2020-02-20", "symbol": "EBS", "eps": 1.57, "epsEstimated": 1.67, "time": "amc", "revenue": 360400000, "revenueEstimated": 397018471.3375796, "fiscalDateEnding": "2019-12-30", "updatedFromDate": "2023-09-29"}, {"date": "2020-02-20", "symbol": "BESI.AS", "eps": 0.43, "epsEstimated": 0.23, "time": "bmo", "revenue": 92394000, "revenueEstimated": null, "fiscalDateEnding": "2019-12-30", "updatedFromDate": "2023-05-17"}, {"date": "2020-02-20", "symbol": "LUNMF", "eps": 0.13, "epsEstimated": 0.08, "time": "amc", "revenue": 1892713000, "revenueEstimated": null, "fiscalDateEnding": "2019-12-31", "updatedFromDate": "2023-09-29"}, {"date": "2020-02-20", "symbol": "AFLYY", "eps": 0.16, "epsEstimated": 0.13, "time": "bmo", "revenue": 6457000000, "revenueEstimated": null, "fiscalDateEnding": "2019-12-31", "updatedFromDate": "2023-09-29"}, {"date": "2020-02-20", "symbol": "BGAOF", "eps": -0.09, "epsEstimated": 0.4, "time": "bmo", "revenue": null, "revenueEstimated": null, "fiscalDateEnding": "2019-12-31", "updatedFromDate": "2023-05-17"}, {"date": "2020-02-20", "symbol": "MD", "eps": 0.91, "epsEstimated": 0.9, "time": "bmo", "revenue": 905375000, "revenueEstimated": 895425824.1758242, "fiscalDateEnding": "2019-12-30", "updatedFromDate": "2023-09-29"}, {"date": "2020-02-20", "symbol": "BLDR", "eps": 0.4, "epsEstimated": 0.36, "time": "amc", "revenue": 1763573000, "revenueEstimated": 1587215699.9999998, "fiscalDateEnding": "2019-12-30", "updatedFromDate": "2023-09-29"}, {"date": "2020-02-20", "symbol": "OPI", "eps": 1.35, "epsEstimated": 0.21, "time": "bmo", "revenue": 160184000, "revenueEstimated": 24917511.111111093, "fiscalDateEnding": "2019-12-30", "updatedFromDate": "2023-09-29"}, {"date": "2020-02-20", "symbol": "DRH", "eps": 0.66, "epsEstimated": 0.09, "time": "amc", "revenue": 237519000, "revenueEstimated": 32388954.545454543, "fiscalDateEnding": "2019-12-30", "updatedFromDate": "2023-09-29"}, {"date": "2020-02-20", "symbol": "VBG-B.ST", "eps": 2.15, "epsEstimated": 2.48, "time": "bmo", "revenue": 847342000, "revenueEstimated": null, "fiscalDateEnding": "2019-12-30", "updatedFromDate": "2023-05-17"}, {"date": "2020-02-20", "symbol": "LBGUF", "eps": null, "epsEstimated": null, "time": "bmo", "revenue": null, "revenueEstimated": null, "fiscalDateEnding": "2019-12-31", "updatedFromDate": "2023-05-17"}, {"date": "2020-02-20", "symbol": "ARREF", "eps": -0.01314, "epsEstimated": null, "time": "bmo", "revenue": 175224000, "revenueEstimated": null, "fiscalDateEnding": "2019-12-31", "updatedFromDate": "2023-09-29"}, {"date": "2020-02-20", "symbol": "LXP-PC", "eps": 0.33, "epsEstimated": 0.027, "time": "bmo", "revenue": 83036000, "revenueEstimated": null, "fiscalDateEnding": "2019-12-30", "updatedFromDate": "2023-05-17"}, {"date": "2020-02-20", "symbol": "IPPLF", "eps": 0.24, "epsEstimated": 0.21, "time": "amc", "revenue": null, "revenueEstimated": null, "fiscalDateEnding": "2019-12-31", "updatedFromDate": "2023-05-17"}, {"date": "2020-02-20", "symbol": "SSRM.TO", "eps": 0.3, "epsEstimated": 0.29, "time": "bmo", "revenue": 177603000, "revenueEstimated": null, "fiscalDateEnding": "2019-12-30", "updatedFromDate": "2023-05-17"}, {"date": "2020-02-20", "symbol": "SO", "eps": 0.27, "epsEstimated": 0.26, "time": "bmo", "revenue": 4914000000, "revenueEstimated": 4914000000, "fiscalDateEnding": "2019-12-30", "updatedFromDate": "2023-09-29"}, {"date": "2020-02-20", "symbol": "JMT.LS", "eps": 0.2, "epsEstimated": 0.2, "time": "bmo", "revenue": 4975978000, "revenueEstimated": null, "fiscalDateEnding": "2019-12-30", "updatedFromDate": "2023-05-17"}, {"date": "2020-02-20", "symbol": "SCL", "eps": 1.1, "epsEstimated": 0.88, "time": "bmo", "revenue": 444990000, "revenueEstimated": 355992000, "fiscalDateEnding": "2019-12-30", "updatedFromDate": "2023-09-29"}, {"date": "2020-02-20", "symbol": "GLPI", "eps": 0.51, "epsEstimated": 0.5, "time": "amc", "revenue": 288984000, "revenueEstimated": 288984000, "fiscalDateEnding": "2019-12-30", "updatedFromDate": "2023-09-29"}, {"date": "2020-02-20", "symbol": "PTT.BK", "eps": 0.59, "epsEstimated": 0.92, "time": "bmo", "revenue": 483566985570, "revenueEstimated": null, "fiscalDateEnding": "2019-11-20", "updatedFromDate": "2023-05-17"}, {"date": "2020-02-20", "symbol": "ORC", "eps": 1.45, "epsEstimated": 0.98, "time": "amc", "revenue": 21348000, "revenueEstimated": 28530344.827586208, "fiscalDateEnding": "2019-12-30", "updatedFromDate": "2023-09-29"}, {"date": "2020-02-20", "symbol": "CGEN.TA", "eps": -0.1, "epsEstimated": -0.12, "time": "bmo", "revenue": null, "revenueEstimated": null, "fiscalDateEnding": "2019-11-20", "updatedFromDate": "2023-05-17"}, {"date": "2020-02-20", "symbol": "CSTM", "eps": 0.14, "epsEstimated": 0.07, "time": "bmo", "revenue": 1372000000, "revenueEstimated": 686000000, "fiscalDateEnding": "2019-12-31", "updatedFromDate": "2023-09-29"}, {"date": "2020-02-20", "symbol": "MERS.QA", "eps": 0.32, "epsEstimated": null, "time": "bmo", "revenue": null, "revenueEstimated": null, "fiscalDateEnding": "2019-12-31", "updatedFromDate": "2023-05-17"}, {"date": "2020-02-20", "symbol": "LNT", "eps": 0.46, "epsEstimated": 0.43, "time": "amc", "revenue": 880100000, "revenueEstimated": 822702173.9130434, "fiscalDateEnding": "2019-12-30", "updatedFromDate": "2023-09-29"}, {"date": "2020-02-20", "symbol": "LTHM", "eps": 0.05, "epsEstimated": 0.06, "time": "amc", "revenue": 78400000, "revenueEstimated": 78400000, "fiscalDateEnding": "2019-12-30", "updatedFromDate": "2023-09-29"}, {"date": "2020-02-20", "symbol": "EKTA-B.ST", "eps": 0.81, "epsEstimated": 0.81, "time": "bmo", "revenue": 3534000000, "revenueEstimated": null, "fiscalDateEnding": "2019-11-20", "updatedFromDate": "2023-10-17"}, {"date": "2020-02-20", "symbol": "CBZ", "eps": -0.02, "epsEstimated": -0.06, "time": "bmo", "revenue": 203138000, "revenueEstimated": 609413999.9999999, "fiscalDateEnding": "2019-12-30", "updatedFromDate": "2023-09-29"}, {"date": "2020-02-20", "symbol": "SUN.BK", "eps": -0.01419, "epsEstimated": null, "time": "bmo", "revenue": 532009214, "revenueEstimated": null, "fiscalDateEnding": "2019-12-31", "updatedFromDate": "2023-05-17"}, {"date": "2020-02-20", "symbol": "MPHC.QA", "eps": null, "epsEstimated": null, "time": "bmo", "revenue": null, "revenueEstimated": null, "fiscalDateEnding": "2019-12-31", "updatedFromDate": "2023-05-17"}, {"date": "2020-02-20", "symbol": "CARA.OL", "eps": 0.03074, "epsEstimated": null, "time": "bmo", "revenue": 14094000, "revenueEstimated": null, "fiscalDateEnding": "2019-12-30", "updatedFromDate": "2023-08-16"}, {"date": "2020-02-20", "symbol": "000670.KS", "eps": 28947, "epsEstimated": null, "time": "bmo", "revenue": 734849048940, "revenueEstimated": null, "fiscalDateEnding": "2019-11-20", "updatedFromDate": "2023-05-17"}, {"date": "2020-02-20", "symbol": "ELN.ST", "eps": null, "epsEstimated": null, "time": "bmo", "revenue": null, "revenueEstimated": null, "fiscalDateEnding": "2019-11-20", "updatedFromDate": "2023-05-17"}, {"date": "2020-02-20", "symbol": "AMKBY", "eps": -0.01802, "epsEstimated": null, "time": "bmo", "revenue": 9668000000, "revenueEstimated": null, "fiscalDateEnding": "2019-12-31", "updatedFromDate": "2023-09-29"}, {"date": "2020-02-20", "symbol": "DBX", "eps": 0.16, "epsEstimated": 0.14, "time": "amc", "revenue": 446000000, "revenueEstimated": 390250000.00000006, "fiscalDateEnding": "2019-12-30", "updatedFromDate": "2023-09-29"}, {"date": "2020-02-20", "symbol": "BIMBOA.MX", "eps": 0.39, "epsEstimated": 0.37, "time": "bmo", "revenue": 75292056000, "revenueEstimated": null, "fiscalDateEnding": "2019-12-30", "updatedFromDate": "2023-05-17"}, {"date": "2020-02-20", "symbol": "DCO", "eps": 0.75, "epsEstimated": 0.65, "time": "amc", "revenue": 186926000, "revenueEstimated": 162002533.33333334, "fiscalDateEnding": "2019-12-30", "updatedFromDate": "2023-09-29"}, {"date": "2020-02-20", "symbol": "EHTH", "eps": 4.13, "epsEstimated": 2.43, "time": "amc", "revenue": 301748000, "revenueEstimated": 224355224.25, "fiscalDateEnding": "2019-12-30", "updatedFromDate": "2023-09-29"}, {"date": "2020-02-21", "symbol": "NOS.LS", "eps": 0.01, "epsEstimated": 0.05, "time": "bmo", "revenue": 414048000, "revenueEstimated": null, "fiscalDateEnding": "2019-12-30", "updatedFromDate": "2023-05-17"}, {"date": "2020-02-21", "symbol": "1686.HK", "eps": null, "epsEstimated": null, "time": "bmo", "revenue": null, "revenueEstimated": null, "fiscalDateEnding": "2019-11-21", "updatedFromDate": "2023-10-17"}, {"date": "2020-02-21", "symbol": "RY.TO", "eps": 2.44, "epsEstimated": 2.3, "time": "bmo", "revenue": 11200000000, "revenueEstimated": null, "fiscalDateEnding": "2020-01-31", "updatedFromDate": "2023-05-17"}, {"date": "2020-02-21", "symbol": "688020.SS", "eps": 0.2972, "epsEstimated": null, "time": "bmo", "revenue": 60709328.46, "revenueEstimated": null, "fiscalDateEnding": "2019-12-30", "updatedFromDate": "2023-05-17"}, {"date": "2020-02-21", "symbol": "RUTH", "eps": 0.52, "epsEstimated": 0.5, "time": "bmo", "revenue": 135033000, "revenueEstimated": 129839423.07692307, "fiscalDateEnding": "2019-12-28", "updatedFromDate": "2023-09-29"}, {"date": "2020-02-21", "symbol": "AMPED", "eps": -0.01, "epsEstimated": -0.00583, "time": "bmo", "revenue": null, "revenueEstimated": null, "fiscalDateEnding": "2019-12-31", "updatedFromDate": "2023-08-16"}, {"date": "2020-02-21", "symbol": "AROC.ST", "eps": -0.15088, "epsEstimated": null, "time": "bmo", "revenue": 119697, "revenueEstimated": null, "fiscalDateEnding": "2019-12-30", "updatedFromDate": "2023-05-17"}, {"date": "2020-02-21", "symbol": "B", "eps": 0.86, "epsEstimated": 0.84, "time": "bmo", "revenue": 370171000, "revenueEstimated": 361562372.09302324, "fiscalDateEnding": "2019-12-30", "updatedFromDate": "2023-09-29"}, {"date": "2020-02-21", "symbol": "2630.TW", "eps": 0.08579, "epsEstimated": null, "time": "bmo", "revenue": 1086120000, "revenueEstimated": null, "fiscalDateEnding": "2019-12-30", "updatedFromDate": "2023-05-17"}, {"date": "2020-02-21", "symbol": "BAMNB.AS", "eps": null, "epsEstimated": null, "time": "bmo", "revenue": null, "revenueEstimated": null, "fiscalDateEnding": "2019-11-21", "updatedFromDate": "2023-05-17"}, {"date": "2020-02-21", "symbol": "BZTAF", "eps": 1.28, "epsEstimated": 1.25, "time": "bmo", "revenue": null, "revenueEstimated": null, "fiscalDateEnding": "2019-12-31", "updatedFromDate": "2023-05-17"}, {"date": "2020-02-21", "symbol": "688188.SS", "eps": 0.523, "epsEstimated": null, "time": "bmo", "revenue": 76151176.49, "revenueEstimated": null, "fiscalDateEnding": "2019-11-21", "updatedFromDate": "2023-05-17"}, {"date": "2020-02-21", "symbol": "HMSY", "eps": 0.27, "epsEstimated": 0.31, "time": "bmo", "revenue": 163445000, "revenueEstimated": 187659074.07407406, "fiscalDateEnding": "2019-12-30", "updatedFromDate": "2023-05-17"}, {"date": "2020-02-21", "symbol": "CPN.BK", "eps": 0.82, "epsEstimated": 0.8, "time": "bmo", "revenue": 11873073517, "revenueEstimated": null, "fiscalDateEnding": "2019-12-30", "updatedFromDate": "2023-05-17"}, {"date": "2020-02-21", "symbol": "CMMCF", "eps": null, "epsEstimated": null, "time": "bmo", "revenue": null, "revenueEstimated": null, "fiscalDateEnding": "2019-12-31", "updatedFromDate": "2023-05-17"}, {"date": "2020-02-21", "symbol": "ESCA", "eps": 0.18, "epsEstimated": null, "time": "bmo", "revenue": 47044000, "revenueEstimated": null, "fiscalDateEnding": "2019-12-27", "updatedFromDate": "2023-09-29"}, {"date": "2020-02-21", "symbol": "AVEN.ST", "eps": 0.2, "epsEstimated": 0.17, "time": "bmo", "revenue": 85421000, "revenueEstimated": null, "fiscalDateEnding": "2019-12-30", "updatedFromDate": "2023-08-16"}, {"date": "2020-02-21", "symbol": "ING.AX", "eps": null, "epsEstimated": null, "time": "bmo", "revenue": null, "revenueEstimated": null, "fiscalDateEnding": "2019-11-21", "updatedFromDate": "2023-10-17"}, {"date": "2020-02-21", "symbol": "EGFHF", "eps": null, "epsEstimated": null, "time": "bmo", "revenue": null, "revenueEstimated": null, "fiscalDateEnding": "2019-12-31", "updatedFromDate": "2023-05-17"}, {"date": "2020-02-21", "symbol": "007310.KS", "eps": 4076, "epsEstimated": 7506.33, "time": "bmo", "revenue": 598849022250, "revenueEstimated": null, "fiscalDateEnding": "2019-12-30", "updatedFromDate": "2023-05-17"}, {"date": "2020-02-21", "symbol": "OVCHY", "eps": 0.41, "epsEstimated": null, "time": "bmo", "revenue": 2889000000, "revenueEstimated": null, "fiscalDateEnding": "2019-12-31", "updatedFromDate": "2023-09-29"}, {"date": "2020-02-21", "symbol": "004840.KS", "eps": 34.6, "epsEstimated": null, "time": "bmo", "revenue": 126048398950, "revenueEstimated": null, "fiscalDateEnding": "2020-03-30", "updatedFromDate": "2023-05-17"}, {"date": "2020-02-21", "symbol": "007810.KS", "eps": -222.76, "epsEstimated": null, "time": "bmo", "revenue": 141406634840, "revenueEstimated": null, "fiscalDateEnding": "2019-12-30", "updatedFromDate": "2023-05-17"}, {"date": "2020-02-21", "symbol": "ERF", "eps": 0.11, "epsEstimated": 0.19, "time": "bmo", "revenue": 265251713.141677, "revenueEstimated": 915717600, "fiscalDateEnding": "2019-12-31", "updatedFromDate": "2023-09-29"}, {"date": "2020-02-21", "symbol": "603345.SS", "eps": 0.58, "epsEstimated": null, "time": "bmo", "revenue": 1773254560.01, "revenueEstimated": null, "fiscalDateEnding": "2019-12-30", "updatedFromDate": "2023-08-16"}, {"date": "2020-02-21", "symbol": "HSC", "eps": 0.12, "epsEstimated": 0.13, "time": "bmo", "revenue": 399787000, "revenueEstimated": 399787000, "fiscalDateEnding": "2019-12-30", "updatedFromDate": "2023-09-29"}, {"date": "2020-02-21", "symbol": "O10.SI", "eps": null, "epsEstimated": null, "time": "bmo", "revenue": null, "revenueEstimated": null, "fiscalDateEnding": "2019-12-31", "updatedFromDate": "2023-05-17"}, {"date": "2020-02-21", "symbol": "012450.KS", "eps": 155, "epsEstimated": -285.53, "time": "bmo", "revenue": 1598122629130, "revenueEstimated": null, "fiscalDateEnding": "2019-12-30", "updatedFromDate": "2023-05-17"}, {"date": "2020-02-21", "symbol": "300761.SZ", "eps": 1.72, "epsEstimated": null, "time": "bmo", "revenue": 2665637071.73, "revenueEstimated": null, "fiscalDateEnding": "2019-12-30", "updatedFromDate": "2023-05-17"}, {"date": "2020-02-21", "symbol": "SNM.V", "eps": 0.00071, "epsEstimated": null, "time": "bmo", "revenue": 24345000, "revenueEstimated": null, "fiscalDateEnding": "2019-12-30", "updatedFromDate": "2023-08-16"}, {"date": "2020-02-21", "symbol": "CNNE", "eps": 0.91, "epsEstimated": -0.05, "time": "bmo", "revenue": 278500000, "revenueEstimated": 58791208.79120882, "fiscalDateEnding": "2019-12-30", "updatedFromDate": "2023-09-29"}, {"date": "2020-02-21", "symbol": "002170.KS", "eps": 5594.27, "epsEstimated": null, "time": "bmo", "revenue": 51130609000, "revenueEstimated": null, "fiscalDateEnding": "2019-12-30", "updatedFromDate": "2023-05-17"}, {"date": "2020-02-21", "symbol": "RY-PT", "eps": 2.44, "epsEstimated": 2.3, "time": "bmo", "revenue": 11200000000, "revenueEstimated": null, "fiscalDateEnding": "2020-01-31", "updatedFromDate": "2023-05-17"}, {"date": "2020-02-21", "symbol": "ASIX", "eps": -0.08, "epsEstimated": -0.08, "time": "bmo", "revenue": 326650000, "revenueEstimated": 326650000, "fiscalDateEnding": "2019-12-30", "updatedFromDate": "2023-09-29"}, {"date": "2020-02-21", "symbol": "BANPU.BK", "eps": -0.00672, "epsEstimated": null, "time": "bmo", "revenue": 675273000, "revenueEstimated": null, "fiscalDateEnding": "2019-12-31", "updatedFromDate": "2023-05-17"}, {"date": "2020-02-21", "symbol": "EDPR.LS", "eps": 0.15, "epsEstimated": 0.0125, "time": "bmo", "revenue": 486900000, "revenueEstimated": null, "fiscalDateEnding": "2019-11-21", "updatedFromDate": "2023-05-17"}, {"date": "2020-02-21", "symbol": "CCL-B.TO", "eps": 0.67, "epsEstimated": 0.67, "time": "bmo", "revenue": 1277900000, "revenueEstimated": null, "fiscalDateEnding": "2019-12-30", "updatedFromDate": "2023-05-17"}, {"date": "2020-02-21", "symbol": "DSX-PB", "eps": -0.05, "epsEstimated": -0.01047, "time": "bmo", "revenue": null, "revenueEstimated": null, "fiscalDateEnding": "2019-12-31", "updatedFromDate": "2023-05-17"}, {"date": "2020-02-21", "symbol": "DSX", "eps": -0.04, "epsEstimated": -0.00837, "time": "bmo", "revenue": 51508000, "revenueEstimated": 20603200.000000007, "fiscalDateEnding": "2019-12-31", "updatedFromDate": "2023-09-29"}, {"date": "2020-02-21", "symbol": "KIGRY", "eps": 0.27, "epsEstimated": null, "time": "bmo", "revenue": 2282300000, "revenueEstimated": null, "fiscalDateEnding": "2019-12-31", "updatedFromDate": "2023-09-29"}, {"date": "2020-02-21", "symbol": "HIFA-B.ST", "eps": -0.04928, "epsEstimated": null, "time": "bmo", "revenue": 98498000, "revenueEstimated": null, "fiscalDateEnding": "2019-12-30", "updatedFromDate": "2023-05-17"}, {"date": "2020-02-21", "symbol": "MOL.BD", "eps": 52, "epsEstimated": 105.12, "time": "bmo", "revenue": 1383340000000, "revenueEstimated": null, "fiscalDateEnding": "2019-12-31", "updatedFromDate": "2023-08-16"}, {"date": "2020-02-21", "symbol": "CPF.BK", "eps": 0.72, "epsEstimated": 0.53, "time": "bmo", "revenue": 138134736000, "revenueEstimated": null, "fiscalDateEnding": "2019-11-21", "updatedFromDate": "2023-05-17"}, {"date": "2020-02-21", "symbol": "MGA", "eps": 1.41, "epsEstimated": 1.33, "time": "bmo", "revenue": 9395000000, "revenueEstimated": 8861950354.60993, "fiscalDateEnding": "2019-12-31", "updatedFromDate": "2023-09-29"}, {"date": "2020-02-21", "symbol": "ANG.JO", "eps": null, "epsEstimated": 0.59, "time": "bmo", "revenue": null, "revenueEstimated": null, "fiscalDateEnding": "2019-12-31", "updatedFromDate": "2023-08-16"}, {"date": "2020-02-21", "symbol": "002250.SZ", "eps": -0.16, "epsEstimated": null, "time": "bmo", "revenue": 682570753.4, "revenueEstimated": null, "fiscalDateEnding": "2019-11-21", "updatedFromDate": "2023-05-17"}, {"date": "2020-02-21", "symbol": "MSURF", "eps": 0.4, "epsEstimated": null, "time": "bmo", "revenue": null, "revenueEstimated": null, "fiscalDateEnding": "2019-12-31", "updatedFromDate": "2023-05-17"}, {"date": "2020-02-21", "symbol": "IVACC.ST", "eps": null, "epsEstimated": null, "time": "bmo", "revenue": null, "revenueEstimated": null, "fiscalDateEnding": "2019-12-31", "updatedFromDate": "2023-05-17"}, {"date": "2020-02-21", "symbol": "GREEN.ST", "eps": -0.81655, "epsEstimated": null, "time": "bmo", "revenue": 371000000, "revenueEstimated": null, "fiscalDateEnding": "2019-11-21", "updatedFromDate": "2023-05-17"}, {"date": "2020-02-21", "symbol": "ITMG.JK", "eps": 0.03, "epsEstimated": 0.044, "time": "bmo", "revenue": 365903000, "revenueEstimated": null, "fiscalDateEnding": "2019-11-21", "updatedFromDate": "2023-05-17"}, {"date": "2020-02-21", "symbol": "BIOBV.HE", "eps": null, "epsEstimated": null, "time": "bmo", "revenue": null, "revenueEstimated": null, "fiscalDateEnding": "2019-11-21", "updatedFromDate": "2023-05-17"}, {"date": "2020-02-21", "symbol": "MBK.BK", "eps": 0.904, "epsEstimated": null, "time": "bmo", "revenue": 2543868746, "revenueEstimated": null, "fiscalDateEnding": "2019-12-31", "updatedFromDate": "2023-10-16"}, {"date": "2020-02-21", "symbol": "MCR.WA", "eps": 0.62, "epsEstimated": null, "time": "bmo", "revenue": 104356000, "revenueEstimated": null, "fiscalDateEnding": "2019-11-21", "updatedFromDate": "2023-10-16"}, {"date": "2020-02-21", "symbol": "GGAL", "eps": 1.07, "epsEstimated": 0.99, "time": "bmo", "revenue": 43348000000, "revenueEstimated": 35766666666, "fiscalDateEnding": "2019-11-21", "updatedFromDate": "2023-09-29"}, {"date": "2020-02-21", "symbol": "SABINA.BK", "eps": 0.28, "epsEstimated": 0.34, "time": "bmo", "revenue": 803273672.89, "revenueEstimated": null, "fiscalDateEnding": "2019-12-31", "updatedFromDate": "2023-08-17"}, {"date": "2020-02-21", "symbol": "PENG-B.ST", "eps": -1.35417, "epsEstimated": null, "time": "bmo", "revenue": 347389000, "revenueEstimated": null, "fiscalDateEnding": "2019-12-31", "updatedFromDate": "2023-08-17"}, {"date": "2020-02-21", "symbol": "5347.TWO", "eps": 0.9, "epsEstimated": 0.88, "time": "bmo", "revenue": 7334296000, "revenueEstimated": null, "fiscalDateEnding": "2019-12-30", "updatedFromDate": "2023-08-16"}, {"date": "2020-02-21", "symbol": "600929.SS", "eps": 0.05, "epsEstimated": null, "time": "bmo", "revenue": 725015521.22, "revenueEstimated": null, "fiscalDateEnding": "2019-12-30", "updatedFromDate": "2023-05-17"}, {"date": "2020-02-21", "symbol": "MG.TO", "eps": 1.41, "epsEstimated": 1.33, "time": "bmo", "revenue": 9395000000, "revenueEstimated": null, "fiscalDateEnding": "2019-12-31", "updatedFromDate": "2023-10-16"}, {"date": "2020-02-21", "symbol": "CMLS", "eps": 0.69, "epsEstimated": 0.41, "time": "bmo", "revenue": 285468000, "revenueEstimated": 198586434.7826087, "fiscalDateEnding": "2019-12-30", "updatedFromDate": "2023-09-29"}, {"date": "2020-02-21", "symbol": "APURE.BK", "eps": 0.08605, "epsEstimated": null, "time": "bmo", "revenue": 495437000, "revenueEstimated": null, "fiscalDateEnding": "2019-11-21", "updatedFromDate": "2023-05-17"}, {"date": "2020-02-21", "symbol": "002589.SZ", "eps": -1, "epsEstimated": null, "time": "bmo", "revenue": 8314185224.88, "revenueEstimated": null, "fiscalDateEnding": "2019-12-30", "updatedFromDate": "2023-05-17"}, {"date": "2020-02-21", "symbol": "CAVEF", "eps": 0.02, "epsEstimated": 0.03, "time": "bmo", "revenue": null, "revenueEstimated": null, "fiscalDateEnding": "2019-12-31", "updatedFromDate": "2023-08-16"}, {"date": "2020-02-21", "symbol": "SHASF", "eps": -0.0014, "epsEstimated": null, "time": "bmo", "revenue": 70291000, "revenueEstimated": null, "fiscalDateEnding": "2019-12-31", "updatedFromDate": "2023-08-25"}, {"date": "2020-02-21", "symbol": "068240.KQ", "eps": -147.48, "epsEstimated": null, "time": "bmo", "revenue": null, "revenueEstimated": null, "fiscalDateEnding": "2019-12-31", "updatedFromDate": "2023-05-17"}, {"date": "2020-02-21", "symbol": "SPRC.BK", "eps": -0.69, "epsEstimated": -0.41, "time": "bmo", "revenue": 27750455331, "revenueEstimated": null, "fiscalDateEnding": "2019-12-30", "updatedFromDate": "2023-08-16"}, {"date": "2020-02-21", "symbol": "KAR.ST", "eps": 0.63, "epsEstimated": 0.4, "time": "bmo", "revenue": 189183000, "revenueEstimated": null, "fiscalDateEnding": "2019-12-30", "updatedFromDate": "2023-08-16"}, {"date": "2020-02-21", "symbol": "WBGR-B.ST", "eps": null, "epsEstimated": null, "time": "bmo", "revenue": null, "revenueEstimated": null, "fiscalDateEnding": "2019-12-31", "updatedFromDate": "2023-05-17"}, {"date": "2020-02-21", "symbol": "HELIO.ST", "eps": -0.36682, "epsEstimated": null, "time": "bmo", "revenue": 2784000, "revenueEstimated": null, "fiscalDateEnding": "2019-12-30", "updatedFromDate": "2023-05-17"}, {"date": "2020-02-21", "symbol": "O39.SI", "eps": 0.28, "epsEstimated": 0.25, "time": "bmo", "revenue": 2889000000, "revenueEstimated": null, "fiscalDateEnding": "2019-12-30", "updatedFromDate": "2023-05-17"}, {"date": "2020-02-21", "symbol": "KAN.ST", "eps": null, "epsEstimated": null, "time": "bmo", "revenue": null, "revenueEstimated": null, "fiscalDateEnding": "2019-12-31", "updatedFromDate": "2023-05-17"}, {"date": "2020-02-21", "symbol": "BCPC", "eps": 0.88, "epsEstimated": 0.84, "time": "bmo", "revenue": 166527000, "revenueEstimated": 158957590.9090909, "fiscalDateEnding": "2019-12-30", "updatedFromDate": "2023-09-29"}, {"date": "2020-02-21", "symbol": "SCIB.ST", "eps": -0.37, "epsEstimated": null, "time": "bmo", "revenue": 2800000, "revenueEstimated": null, "fiscalDateEnding": "2019-12-30", "updatedFromDate": "2023-08-16"}, {"date": "2020-02-21", "symbol": "PHOR.L", "eps": 17.33, "epsEstimated": 15.32, "time": "bmo", "revenue": 53142000000, "revenueEstimated": null, "fiscalDateEnding": "2019-12-30", "updatedFromDate": "2023-08-16"}, {"date": "2020-02-21", "symbol": "THEP.PA", "eps": null, "epsEstimated": null, "time": "bmo", "revenue": null, "revenueEstimated": null, "fiscalDateEnding": "2019-11-21", "updatedFromDate": "2023-05-17"}, {"date": "2020-02-21", "symbol": "CCDBF", "eps": 0.67, "epsEstimated": 0.67, "time": "bmo", "revenue": null, "revenueEstimated": null, "fiscalDateEnding": "2019-12-30", "updatedFromDate": "2023-08-16"}, {"date": "2020-02-21", "symbol": "ARCOMA.ST", "eps": 0.3143, "epsEstimated": null, "time": "bmo", "revenue": 33392000, "revenueEstimated": null, "fiscalDateEnding": "2019-11-21", "updatedFromDate": "2023-05-17"}, {"date": "2020-02-21", "symbol": "ITT", "eps": 0.99, "epsEstimated": 0.91, "time": "bmo", "revenue": 719100000, "revenueEstimated": 668254545.4545455, "fiscalDateEnding": "2019-12-30", "updatedFromDate": "2023-09-29"}, {"date": "2020-02-21", "symbol": "SMPC.BK", "eps": 0.2732, "epsEstimated": null, "time": "bmo", "revenue": 945054000, "revenueEstimated": null, "fiscalDateEnding": "2019-11-21", "updatedFromDate": "2023-05-17"}, {"date": "2020-02-21", "symbol": "PHOR.ME", "eps": 50.6, "epsEstimated": null, "time": "bmo", "revenue": 53142000000, "revenueEstimated": null, "fiscalDateEnding": "2019-12-30", "updatedFromDate": "2023-08-25"}, {"date": "2020-02-21", "symbol": "RCL.BK", "eps": -0.20361, "epsEstimated": null, "time": "bmo", "revenue": 4029625553, "revenueEstimated": null, "fiscalDateEnding": "2019-12-30", "updatedFromDate": "2023-08-16"}, {"date": "2020-02-21", "symbol": "PHOJY", "eps": 17.33, "epsEstimated": 15.32, "time": "bmo", "revenue": null, "revenueEstimated": null, "fiscalDateEnding": "2019-12-31", "updatedFromDate": "2023-05-17"}, {"date": "2020-02-21", "symbol": "ASAP.ST", "eps": -0.94545, "epsEstimated": null, "time": "bmo", "revenue": null, "revenueEstimated": null, "fiscalDateEnding": "2019-11-21", "updatedFromDate": "2023-05-17"}, {"date": "2020-02-21", "symbol": "161890.KS", "eps": -73, "epsEstimated": 629.37, "time": "bmo", "revenue": 375274511830, "revenueEstimated": null, "fiscalDateEnding": "2019-11-21", "updatedFromDate": "2023-05-17"}, {"date": "2020-02-21", "symbol": "JUVE.MI", "eps": -0.01528, "epsEstimated": null, "time": "bmo", "revenue": 143356117.5, "revenueEstimated": null, "fiscalDateEnding": "2019-11-21", "updatedFromDate": "2023-10-16"}, {"date": "2020-02-21", "symbol": "GULF.BK", "eps": 0.08, "epsEstimated": 0.11, "time": "bmo", "revenue": 8003852312, "revenueEstimated": null, "fiscalDateEnding": "2019-12-31", "updatedFromDate": "2023-08-16"}, {"date": "2020-02-21", "symbol": "USAQ", "eps": -0.02404, "epsEstimated": null, "time": "bmo", "revenue": null, "revenueEstimated": null, "fiscalDateEnding": "2019-12-30", "updatedFromDate": "2023-09-29"}, {"date": "2020-02-21", "symbol": "BORG.ST", "eps": 0.4228, "epsEstimated": null, "time": "bmo", "revenue": 171973000, "revenueEstimated": null, "fiscalDateEnding": "2019-11-21", "updatedFromDate": "2023-05-17"}, {"date": "2020-02-21", "symbol": "MOL.WA", "eps": 52, "epsEstimated": null, "time": "bmo", "revenue": 1383340000000, "revenueEstimated": null, "fiscalDateEnding": "2019-12-30", "updatedFromDate": "2023-08-16"}, {"date": "2020-02-21", "symbol": "KUBE.ME", "eps": 6.28, "epsEstimated": null, "time": "bmo", "revenue": 14998829000, "revenueEstimated": null, "fiscalDateEnding": "2019-12-31", "updatedFromDate": "2023-05-17"}, {"date": "2020-02-21", "symbol": "ZEUS", "eps": -0.23, "epsEstimated": -0.2, "time": "bmo", "revenue": 319740000, "revenueEstimated": 839317500, "fiscalDateEnding": "2019-12-30", "updatedFromDate": "2023-09-29"}, {"date": "2020-02-21", "symbol": "OXE.ST", "eps": -0.19494, "epsEstimated": null, "time": "bmo", "revenue": 40107000, "revenueEstimated": null, "fiscalDateEnding": "2019-12-30", "updatedFromDate": "2023-05-17"}, {"date": "2020-02-21", "symbol": "PROX.BR", "eps": -0.09, "epsEstimated": 0.4, "time": "bmo", "revenue": 1440000000, "revenueEstimated": null, "fiscalDateEnding": "2019-12-30", "updatedFromDate": "2023-05-17"}, {"date": "2020-02-21", "symbol": "ERF.TO", "eps": 0.1, "epsEstimated": 0.28, "time": "bmo", "revenue": 265251713.141677, "revenueEstimated": null, "fiscalDateEnding": "2019-12-30", "updatedFromDate": "2023-05-17"}, {"date": "2020-02-21", "symbol": "ALG.AX", "eps": null, "epsEstimated": null, "time": "amc", "revenue": null, "revenueEstimated": null, "fiscalDateEnding": "2019-11-21", "updatedFromDate": "2023-10-17"}, {"date": "2020-02-21", "symbol": "JOSMF", "eps": null, "epsEstimated": null, "time": "amc", "revenue": null, "revenueEstimated": null, "fiscalDateEnding": "2019-12-31", "updatedFromDate": "2023-08-16"}, {"date": "2020-02-21", "symbol": "TECK", "eps": 0.31, "epsEstimated": 0.35, "time": "bmo", "revenue": 2655000000, "revenueEstimated": 4706590909.09091, "fiscalDateEnding": "2019-12-31", "updatedFromDate": "2023-09-29"}, {"date": "2020-02-21", "symbol": "UOVEY", "eps": 3.43, "epsEstimated": null, "time": "bmo", "revenue": 2383000000, "revenueEstimated": null, "fiscalDateEnding": "2019-11-21", "updatedFromDate": "2023-09-29"}, {"date": "2020-02-21", "symbol": "NRP.JO", "eps": null, "epsEstimated": null, "time": "bmo", "revenue": null, "revenueEstimated": null, "fiscalDateEnding": "2019-11-21", "updatedFromDate": "2023-05-17"}, {"date": "2020-02-21", "symbol": "DIST.ST", "eps": 2.34, "epsEstimated": 2.05, "time": "bmo", "revenue": 707027000, "revenueEstimated": null, "fiscalDateEnding": "2019-12-30", "updatedFromDate": "2023-08-16"}, {"date": "2020-02-21", "symbol": "CFX", "eps": 0.61, "epsEstimated": 0.56, "time": "bmo", "revenue": 888373000, "revenueEstimated": 815555540.9836067, "fiscalDateEnding": "2019-12-30", "updatedFromDate": "2023-05-17"}, {"date": "2020-02-21", "symbol": "MOBA.ST", "eps": 0.187, "epsEstimated": null, "time": "bmo", "revenue": 9330000, "revenueEstimated": null, "fiscalDateEnding": "2019-12-31", "updatedFromDate": "2023-10-16"}, {"date": "2020-02-21", "symbol": "RY-PZ.TO", "eps": 2.44, "epsEstimated": 2.3, "time": "bmo", "revenue": 11200000000, "revenueEstimated": null, "fiscalDateEnding": "2020-01-31", "updatedFromDate": "2023-05-17"}, {"date": "2020-02-21", "symbol": "GRFFF", "eps": 1.06, "epsEstimated": 0.67, "time": "bmo", "revenue": null, "revenueEstimated": 247950.56603773584, "fiscalDateEnding": "2019-12-31", "updatedFromDate": "2023-05-17"}, {"date": "2020-02-21", "symbol": "3045.TW", "eps": 1.05, "epsEstimated": 1.11, "time": "bmo", "revenue": 34107774000, "revenueEstimated": null, "fiscalDateEnding": "2019-12-30", "updatedFromDate": "2023-05-17"}, {"date": "2020-02-21", "symbol": "NP3.ST", "eps": null, "epsEstimated": null, "time": "bmo", "revenue": null, "revenueEstimated": null, "fiscalDateEnding": "2019-12-31", "updatedFromDate": "2023-08-16"}, {"date": "2020-02-21", "symbol": "OCUP", "eps": 1.86, "epsEstimated": null, "time": "bmo", "revenue": null, "revenueEstimated": null, "fiscalDateEnding": "2019-12-29", "updatedFromDate": "2023-09-29"}, {"date": "2020-02-21", "symbol": "MRKV.ME", "eps": null, "epsEstimated": null, "time": "bmo", "revenue": null, "revenueEstimated": null, "fiscalDateEnding": "2019-11-21", "updatedFromDate": "2023-05-17"}, {"date": "2020-02-21", "symbol": "WPC", "eps": 0.75, "epsEstimated": 0.49, "time": "bmo", "revenue": 311227000, "revenueEstimated": 203334973.33333334, "fiscalDateEnding": "2019-12-30", "updatedFromDate": "2023-09-29"}, {"date": "2020-02-21", "symbol": "002918.SZ", "eps": 0.3257, "epsEstimated": null, "time": "bmo", "revenue": 1127987891.37, "revenueEstimated": null, "fiscalDateEnding": "2019-12-30", "updatedFromDate": "2023-05-17"}, {"date": "2020-02-21", "symbol": "6581.TW", "eps": 0.31, "epsEstimated": null, "time": "bmo", "revenue": 363943000, "revenueEstimated": null, "fiscalDateEnding": "2019-12-30", "updatedFromDate": "2023-08-16"}, {"date": "2020-02-21", "symbol": "AMPE", "eps": -0.01, "epsEstimated": -0.00583, "time": "bmo", "revenue": 365828, "revenueEstimated": null, "fiscalDateEnding": "2019-12-30", "updatedFromDate": "2023-09-29"}, {"date": "2020-02-21", "symbol": "SSG.AX", "eps": null, "epsEstimated": null, "time": "bmo", "revenue": null, "revenueEstimated": null, "fiscalDateEnding": "2019-11-21", "updatedFromDate": "2023-10-16"}, {"date": "2020-02-21", "symbol": "EAST.ST", "eps": null, "epsEstimated": null, "time": "bmo", "revenue": null, "revenueEstimated": null, "fiscalDateEnding": "2019-12-31", "updatedFromDate": "2023-05-17"}, {"date": "2020-02-21", "symbol": "ALIZF", "eps": 4.44, "epsEstimated": 4.17, "time": "bmo", "revenue": 6099000000, "revenueEstimated": null, "fiscalDateEnding": "2019-12-30", "updatedFromDate": "2023-08-16"}, {"date": "2020-02-21", "symbol": "002557.SZ", "eps": 0.4, "epsEstimated": null, "time": "bmo", "revenue": 1618077059.51, "revenueEstimated": null, "fiscalDateEnding": "2019-12-30", "updatedFromDate": "2023-05-17"}, {"date": "2020-02-21", "symbol": "HTRO.ST", "eps": 0.39, "epsEstimated": 0.3, "time": "bmo", "revenue": 463236000, "revenueEstimated": null, "fiscalDateEnding": "2019-12-31", "updatedFromDate": "2023-10-16"}, {"date": "2020-02-21", "symbol": "051370.KQ", "eps": -1277.56, "epsEstimated": null, "time": "bmo", "revenue": null, "revenueEstimated": null, "fiscalDateEnding": "2019-12-31", "updatedFromDate": "2023-05-17"}, {"date": "2020-02-21", "symbol": "BOOZT.ST", "eps": 1.28, "epsEstimated": 1.25, "time": "bmo", "revenue": 1049600000, "revenueEstimated": null, "fiscalDateEnding": "2019-12-30", "updatedFromDate": "2023-05-17"}, {"date": "2020-02-21", "symbol": "REXN", "eps": -1.86, "epsEstimated": null, "time": "bmo", "revenue": null, "revenueEstimated": null, "fiscalDateEnding": "2019-12-30", "updatedFromDate": "2023-05-17"}, {"date": "2020-02-21", "symbol": "BOFFICE.BK", "eps": 0.1796, "epsEstimated": null, "time": "bmo", "revenue": 161246364, "revenueEstimated": null, "fiscalDateEnding": "2019-11-21", "updatedFromDate": "2023-05-17"}, {"date": "2020-02-21", "symbol": "HCG.TO", "eps": 0.65, "epsEstimated": 0.67, "time": "bmo", "revenue": 123787000, "revenueEstimated": null, "fiscalDateEnding": "2019-12-30", "updatedFromDate": "2023-05-17"}, {"date": "2020-02-21", "symbol": "AAN", "eps": 0.608, "epsEstimated": 1.07, "time": "bmo", "revenue": 434952000, "revenueEstimated": 933788069.5652176, "fiscalDateEnding": "2019-12-31", "updatedFromDate": "2023-09-29"}, {"date": "2020-02-21", "symbol": "PNW", "eps": 0.57, "epsEstimated": 0.46, "time": "bmo", "revenue": 670391000, "revenueEstimated": 541017298.245614, "fiscalDateEnding": "2019-12-30", "updatedFromDate": "2023-09-29"}, {"date": "2020-02-21", "symbol": "M7T.AX", "eps": null, "epsEstimated": null, "time": "bmo", "revenue": null, "revenueEstimated": null, "fiscalDateEnding": "2019-11-21", "updatedFromDate": "2023-10-16"}, {"date": "2020-02-21", "symbol": "U11.SI", "eps": 2.34, "epsEstimated": 0.57, "time": "bmo", "revenue": 2383000000, "revenueEstimated": null, "fiscalDateEnding": "2019-11-21", "updatedFromDate": "2023-05-17"}, {"date": "2020-02-21", "symbol": "GASS", "eps": 0.04, "epsEstimated": 0.026, "time": "bmo", "revenue": 35164698, "revenueEstimated": 26373525, "fiscalDateEnding": "2019-12-31", "updatedFromDate": "2023-09-29"}, {"date": "2020-02-21", "symbol": "ENOV", "eps": 1.83, "epsEstimated": 1.67, "time": "bmo", "revenue": 888373000, "revenueEstimated": null, "fiscalDateEnding": "2019-12-30", "updatedFromDate": "2023-09-29"}, {"date": "2020-02-21", "symbol": "ALIG.ST", "eps": 1.62, "epsEstimated": 2.46, "time": "bmo", "revenue": 915500000, "revenueEstimated": null, "fiscalDateEnding": "2019-11-21", "updatedFromDate": "2023-10-16"}, {"date": "2020-02-21", "symbol": "GISSAA.MX", "eps": null, "epsEstimated": null, "time": "bmo", "revenue": null, "revenueEstimated": null, "fiscalDateEnding": "2019-12-31", "updatedFromDate": "2023-05-17"}, {"date": "2020-02-21", "symbol": "CNK", "eps": 0.22, "epsEstimated": 0.43, "time": "bmo", "revenue": 788803000, "revenueEstimated": 1541751318.1818182, "fiscalDateEnding": "2019-12-30", "updatedFromDate": "2023-09-29"}, {"date": "2020-02-21", "symbol": "BIOS.ST", "eps": -0.74135, "epsEstimated": null, "time": "bmo", "revenue": 2356000, "revenueEstimated": null, "fiscalDateEnding": "2019-12-31", "updatedFromDate": "2023-08-16"}, {"date": "2020-02-21", "symbol": "STEF-B.ST", "eps": 3.76, "epsEstimated": null, "time": "bmo", "revenue": 149000000, "revenueEstimated": null, "fiscalDateEnding": "2019-12-30", "updatedFromDate": "2023-05-17"}, {"date": "2020-02-21", "symbol": "AGG.AX", "eps": null, "epsEstimated": 0.59, "time": "bmo", "revenue": null, "revenueEstimated": null, "fiscalDateEnding": "2019-12-31", "updatedFromDate": "2023-08-16"}, {"date": "2020-02-21", "symbol": "DRHNF", "eps": 0.48, "epsEstimated": null, "time": "bmo", "revenue": null, "revenueEstimated": null, "fiscalDateEnding": "2019-12-31", "updatedFromDate": "2023-05-17"}, {"date": "2020-02-21", "symbol": "BEC.BK", "eps": -0.06, "epsEstimated": -0.00529, "time": "bmo", "revenue": 2024294321, "revenueEstimated": null, "fiscalDateEnding": "2019-12-30", "updatedFromDate": "2023-08-16"}, {"date": "2020-02-21", "symbol": "HMCBF", "eps": 0.65, "epsEstimated": 0.67, "time": "bmo", "revenue": null, "revenueEstimated": null, "fiscalDateEnding": "2019-12-30", "updatedFromDate": "2023-08-16"}, {"date": "2020-02-21", "symbol": "JWCAF", "eps": null, "epsEstimated": null, "time": "bmo", "revenue": null, "revenueEstimated": null, "fiscalDateEnding": "2020-03-31", "updatedFromDate": "2023-05-17"}, {"date": "2020-02-21", "symbol": "009580.KS", "eps": -255, "epsEstimated": 70, "time": "bmo", "revenue": 153943547430, "revenueEstimated": null, "fiscalDateEnding": "2019-12-30", "updatedFromDate": "2023-08-16"}, {"date": "2020-02-21", "symbol": "002675.SZ", "eps": -0.15, "epsEstimated": null, "time": "bmo", "revenue": 817866081.37, "revenueEstimated": null, "fiscalDateEnding": "2019-12-30", "updatedFromDate": "2023-05-17"}, {"date": "2020-02-21", "symbol": "CMCOM.AS", "eps": null, "epsEstimated": null, "time": "bmo", "revenue": null, "revenueEstimated": null, "fiscalDateEnding": "2019-11-21", "updatedFromDate": "2023-05-17"}, {"date": "2020-02-21", "symbol": "SXP.TO", "eps": 0.08, "epsEstimated": 0.12, "time": "bmo", "revenue": 49188004, "revenueEstimated": null, "fiscalDateEnding": "2019-12-30", "updatedFromDate": "2023-05-17"}, {"date": "2020-02-21", "symbol": "BPCGF", "eps": null, "epsEstimated": null, "time": "bmo", "revenue": 2474532000, "revenueEstimated": null, "fiscalDateEnding": "2019-12-31", "updatedFromDate": "2023-08-25"}, {"date": "2020-02-21", "symbol": "BCP.LS", "eps": 0.0021, "epsEstimated": 0.00105, "time": "bmo", "revenue": 625583000, "revenueEstimated": null, "fiscalDateEnding": "2019-12-31", "updatedFromDate": "2023-08-25"}, {"date": "2020-02-21", "symbol": "ALLPF", "eps": null, "epsEstimated": null, "time": "bmo", "revenue": null, "revenueEstimated": null, "fiscalDateEnding": "2019-12-31", "updatedFromDate": "2023-05-17"}, {"date": "2020-02-21", "symbol": "300793.SZ", "eps": null, "epsEstimated": null, "time": "bmo", "revenue": null, "revenueEstimated": null, "fiscalDateEnding": "2019-12-31", "updatedFromDate": "2023-05-17"}, {"date": "2020-02-21", "symbol": "DFASF", "eps": -0.62, "epsEstimated": 0.11, "time": "bmo", "revenue": null, "revenueEstimated": null, "fiscalDateEnding": "2019-12-31", "updatedFromDate": "2023-05-17"}, {"date": "2020-02-21", "symbol": "600009.SS", "eps": 0.54, "epsEstimated": 0.64, "time": "bmo", "revenue": 1636291904.53, "revenueEstimated": null, "fiscalDateEnding": "2019-11-21", "updatedFromDate": "2023-05-17"}, {"date": "2020-02-21", "symbol": "U96.SI", "eps": -0.01, "epsEstimated": -0.00429, "time": "bmo", "revenue": 1361750000, "revenueEstimated": null, "fiscalDateEnding": "2019-11-21", "updatedFromDate": "2023-08-16"}, {"date": "2020-02-21", "symbol": "CAT-B.ST", "eps": 0.54, "epsEstimated": 1.75, "time": "bmo", "revenue": 721000000, "revenueEstimated": null, "fiscalDateEnding": "2019-12-30", "updatedFromDate": "2023-08-16"}, {"date": "2020-02-21", "symbol": "SIMINN.IC", "eps": 0.09, "epsEstimated": null, "time": "bmo", "revenue": null, "revenueEstimated": null, "fiscalDateEnding": "2019-12-31", "updatedFromDate": "2023-08-14"}, {"date": "2020-02-21", "symbol": "UTP.BK", "eps": 0.3276, "epsEstimated": null, "time": "bmo", "revenue": 780258493.27, "revenueEstimated": null, "fiscalDateEnding": "2019-12-30", "updatedFromDate": "2023-08-16"}, {"date": "2020-02-21", "symbol": "SUMXF", "eps": 0.08, "epsEstimated": 0.12, "time": "bmo", "revenue": null, "revenueEstimated": null, "fiscalDateEnding": "2019-12-30", "updatedFromDate": "2023-08-16"}, {"date": "2020-02-21", "symbol": "DOF.OL", "eps": -0.62, "epsEstimated": 0.11, "time": "bmo", "revenue": 1624000000, "revenueEstimated": null, "fiscalDateEnding": "2019-12-30", "updatedFromDate": "2023-08-16"}, {"date": "2020-02-21", "symbol": "APETIT.HE", "eps": -0.08, "epsEstimated": 0.27, "time": "bmo", "revenue": null, "revenueEstimated": null, "fiscalDateEnding": "2019-11-21", "updatedFromDate": "2023-05-17"}, {"date": "2020-02-21", "symbol": "ALDLS.PA", "eps": null, "epsEstimated": null, "time": "bmo", "revenue": null, "revenueEstimated": null, "fiscalDateEnding": "2019-12-31", "updatedFromDate": "2023-05-17"}, {"date": "2020-02-21", "symbol": "DE", "eps": 1.63, "epsEstimated": 1.25, "time": "bmo", "revenue": 7426000000, "revenueEstimated": 5855061349.693252, "fiscalDateEnding": "2020-02-01", "updatedFromDate": "2023-09-29"}, {"date": "2020-02-21", "symbol": "003070.KS", "eps": 585, "epsEstimated": 510.48, "time": "bmo", "revenue": 943558672890, "revenueEstimated": null, "fiscalDateEnding": "2019-12-30", "updatedFromDate": "2023-08-16"}, {"date": "2020-02-21", "symbol": "DANHOS13.MX", "eps": 1.06, "epsEstimated": 0.67, "time": "bmo", "revenue": null, "revenueEstimated": null, "fiscalDateEnding": "2019-12-31", "updatedFromDate": "2023-08-16"}, {"date": "2020-02-21", "symbol": "MEDICAB.MX", "eps": 0.4, "epsEstimated": null, "time": "bmo", "revenue": null, "revenueEstimated": null, "fiscalDateEnding": "2019-12-31", "updatedFromDate": "2023-05-31"}, {"date": "2020-02-21", "symbol": "036930.KQ", "eps": -61, "epsEstimated": 185, "time": "bmo", "revenue": null, "revenueEstimated": null, "fiscalDateEnding": "2019-12-31", "updatedFromDate": "2023-08-17"}, {"date": "2020-02-21", "symbol": "VNTR", "eps": -0.09, "epsEstimated": -0.14, "time": "bmo", "revenue": 464000000, "revenueEstimated": 567111111.1111112, "fiscalDateEnding": "2019-12-30", "updatedFromDate": "2023-09-29"}, {"date": "2020-02-21", "symbol": "CCC.ST", "eps": 0.02, "epsEstimated": 0.03, "time": "bmo", "revenue": 47774000, "revenueEstimated": null, "fiscalDateEnding": "2019-12-31", "updatedFromDate": "2023-08-16"}, {"date": "2020-02-21", "symbol": "MILC", "eps": null, "epsEstimated": null, "time": "bmo", "revenue": null, "revenueEstimated": null, "fiscalDateEnding": "2019-12-29", "updatedFromDate": "2023-05-17"}, {"date": "2020-02-21", "symbol": "CIMSA.IS", "eps": -0.14, "epsEstimated": null, "time": "bmo", "revenue": null, "revenueEstimated": null, "fiscalDateEnding": "2019-12-31", "updatedFromDate": "2023-05-17"}, {"date": "2020-02-21", "symbol": "300308.SZ", "eps": 0.23, "epsEstimated": 0.28, "time": "bmo", "revenue": 1473763232.62, "revenueEstimated": null, "fiscalDateEnding": "2019-12-30", "updatedFromDate": "2023-05-17"}, {"date": "2020-02-21", "symbol": "RSP.BK", "eps": -0.03834, "epsEstimated": null, "time": "bmo", "revenue": 225634000, "revenueEstimated": null, "fiscalDateEnding": "2020-03-30", "updatedFromDate": "2023-05-17"}, {"date": "2020-02-21", "symbol": "601633.SS", "eps": 0.17, "epsEstimated": 0.17, "time": "bmo", "revenue": 33632478834.86, "revenueEstimated": null, "fiscalDateEnding": "2019-12-30", "updatedFromDate": "2023-05-17"}, {"date": "2020-02-21", "symbol": "BPP.BK", "eps": -0.11431, "epsEstimated": null, "time": "bmo", "revenue": 1672996000, "revenueEstimated": null, "fiscalDateEnding": "2019-12-31", "updatedFromDate": "2023-08-16"}, {"date": "2020-02-21", "symbol": "BDMN.JK", "eps": 151.14, "epsEstimated": 85.48, "time": "bmo", "revenue": 4921455000000, "revenueEstimated": null, "fiscalDateEnding": "2019-12-30", "updatedFromDate": "2023-08-16"}, {"date": "2020-02-21", "symbol": "TORS.ME", "eps": 0.03299, "epsEstimated": null, "time": "bmo", "revenue": 2034447000, "revenueEstimated": null, "fiscalDateEnding": "2019-11-21", "updatedFromDate": "2023-05-17"}, {"date": "2020-02-21", "symbol": "EDRVF", "eps": 0.15, "epsEstimated": 0.0125, "time": "bmo", "revenue": null, "revenueEstimated": null, "fiscalDateEnding": "2019-12-31", "updatedFromDate": "2023-05-17"}, {"date": "2020-02-21", "symbol": "300003.SZ", "eps": 0.06, "epsEstimated": 0.05, "time": "bmo", "revenue": 1915850959.7, "revenueEstimated": null, "fiscalDateEnding": "2019-12-30", "updatedFromDate": "2023-08-16"}, {"date": "2020-02-21", "symbol": "SINGER.BK", "eps": 0.1018, "epsEstimated": null, "time": "bmo", "revenue": 626666292, "revenueEstimated": null, "fiscalDateEnding": "2019-12-31", "updatedFromDate": "2023-08-16"}, {"date": "2020-02-21", "symbol": "ASK.BK", "eps": 0.621, "epsEstimated": null, "time": "bmo", "revenue": 861107256, "revenueEstimated": null, "fiscalDateEnding": "2019-12-31", "updatedFromDate": "2023-08-16"}, {"date": "2020-02-21", "symbol": "300082.SZ", "eps": null, "epsEstimated": null, "time": "bmo", "revenue": null, "revenueEstimated": null, "fiscalDateEnding": "2019-12-31", "updatedFromDate": "2023-05-31"}, {"date": "2020-02-21", "symbol": "8021.TW", "eps": 0.23, "epsEstimated": 0.55, "time": "bmo", "revenue": 805206000, "revenueEstimated": null, "fiscalDateEnding": "2019-12-30", "updatedFromDate": "2023-05-17"}, {"date": "2020-02-22", "symbol": "SKMD.IL", "eps": null, "epsEstimated": null, "time": "bmo", "revenue": null, "revenueEstimated": null, "fiscalDateEnding": "2019-12-31", "updatedFromDate": "2023-05-17"}, {"date": "2020-02-22", "symbol": "BRK.A", "eps": 2714.34, "epsEstimated": null, "time": "bmo", "revenue": null, "revenueEstimated": null, "fiscalDateEnding": "2019-12-31", "updatedFromDate": "2023-09-29"}, {"date": "2020-02-22", "symbol": "BRK.B", "eps": 1.81, "epsEstimated": 2.53, "time": "bmo", "revenue": null, "revenueEstimated": null, "fiscalDateEnding": "2019-12-31", "updatedFromDate": "2023-09-29"}, {"date": "2020-02-22", "symbol": "U09.SI", "eps": null, "epsEstimated": null, "time": "bmo", "revenue": null, "revenueEstimated": null, "fiscalDateEnding": "2019-12-31", "updatedFromDate": "2023-05-17"}, {"date": "2020-02-22", "symbol": "BRKA.VI", "eps": 2714.99, "epsEstimated": 3612.56, "time": "bmo", "revenue": null, "revenueEstimated": null, "fiscalDateEnding": "2019-12-31", "updatedFromDate": "2023-08-16"}, {"date": "2020-02-22", "symbol": "BRKB", "eps": 1.81, "epsEstimated": 2.34, "time": "bmo", "revenue": 65368000000, "revenueEstimated": 86978523707.26964, "fiscalDateEnding": "2019-12-30", "updatedFromDate": "2023-05-17"}, {"date": "2020-02-22", "symbol": "BRK-B", "eps": 1.81, "epsEstimated": 2.34, "time": "bmo", "revenue": 96679000000, "revenueEstimated": 80173572649, "fiscalDateEnding": "2019-12-30", "updatedFromDate": "2023-05-17"}, {"date": "2020-02-22", "symbol": "LSNG.ME", "eps": 0.32, "epsEstimated": 0.51, "time": "bmo", "revenue": 21597629000, "revenueEstimated": null, "fiscalDateEnding": "2019-11-22", "updatedFromDate": "2023-05-17"}, {"date": "2020-02-22", "symbol": "BRK-A", "eps": 2714.99, "epsEstimated": 3612.56, "time": "bmo", "revenue": 96679000000, "revenueEstimated": 4297831.225897701, "fiscalDateEnding": "2019-12-30", "updatedFromDate": "2023-05-17"}, {"date": "2020-02-22", "symbol": "ARCT.ST", "eps": null, "epsEstimated": null, "time": "bmo", "revenue": null, "revenueEstimated": null, "fiscalDateEnding": "2019-11-22", "updatedFromDate": "2023-05-17"}, {"date": "2020-02-22", "symbol": "BRKA", "eps": 2714.99, "epsEstimated": 3612.56, "time": "bmo", "revenue": 65368000000, "revenueEstimated": null, "fiscalDateEnding": "2019-12-30", "updatedFromDate": "2023-05-17"}]}