{"result": [{"date": "2020-04-20", "symbol": "CMMCF", "eps": null, "epsEstimated": null, "time": "bmo", "revenue": null, "revenueEstimated": null, "fiscalDateEnding": "2020-03-31", "updatedFromDate": "2023-05-17"}, {"date": "2020-04-20", "symbol": "TFC-PR", "eps": 0.83, "epsEstimated": 0.67, "time": "bmo", "revenue": 5611000000, "revenueEstimated": null, "fiscalDateEnding": "2020-03-30", "updatedFromDate": "2023-05-17"}, {"date": "2020-04-20", "symbol": "QRS.WA", "eps": 0.04774, "epsEstimated": null, "time": "bmo", "revenue": 13104000, "revenueEstimated": null, "fiscalDateEnding": "2020-03-30", "updatedFromDate": "2023-05-17"}, {"date": "2020-04-20", "symbol": "178920.KS", "eps": 422.3, "epsEstimated": 321.33, "time": "bmo", "revenue": 55756029110, "revenueEstimated": null, "fiscalDateEnding": "2020-01-20", "updatedFromDate": "2023-05-17"}, {"date": "2020-04-20", "symbol": "SAND.ST", "eps": 2.07, "epsEstimated": 2.13, "time": "bmo", "revenue": 23620000000, "revenueEstimated": null, "fiscalDateEnding": "2020-03-30", "updatedFromDate": "2023-05-17"}, {"date": "2020-04-20", "symbol": "STLD", "eps": 0.88, "epsEstimated": 0.79, "time": "amc", "revenue": 2575100000, "revenueEstimated": 2311737500, "fiscalDateEnding": "2020-03-30", "updatedFromDate": "2023-09-29"}, {"date": "2020-04-20", "symbol": "BMTC", "eps": -0.56, "epsEstimated": 0.52, "time": "amc", "revenue": 54377000, "revenueEstimated": 50730642.85714286, "fiscalDateEnding": "2020-03-30", "updatedFromDate": "2023-05-17"}, {"date": "2020-04-20", "symbol": "300012.SZ", "eps": 0.01, "epsEstimated": 0.0375, "time": "bmo", "revenue": 456687917.2, "revenueEstimated": null, "fiscalDateEnding": "2020-03-30", "updatedFromDate": "2023-05-17"}, {"date": "2020-04-20", "symbol": "300723.SZ", "eps": -0.08, "epsEstimated": null, "time": "bmo", "revenue": null, "revenueEstimated": null, "fiscalDateEnding": "2020-03-31", "updatedFromDate": "2023-05-17"}, {"date": "2020-04-20", "symbol": "FFBC", "eps": 0.31, "epsEstimated": 0.39, "time": "amc", "revenue": 149666000, "revenueEstimated": 188289483.87096775, "fiscalDateEnding": "2020-03-30", "updatedFromDate": "2023-09-29"}, {"date": "2020-04-20", "symbol": "FLTDF", "eps": 5.71, "epsEstimated": 2.66, "time": "bmo", "revenue": null, "revenueEstimated": null, "fiscalDateEnding": "2020-03-31", "updatedFromDate": "2023-05-17"}, {"date": "2020-04-20", "symbol": "000001.SZ", "eps": 0.4, "epsEstimated": 0.51, "time": "bmo", "revenue": 37890000000, "revenueEstimated": null, "fiscalDateEnding": "2020-03-30", "updatedFromDate": "2023-05-17"}, {"date": "2020-04-20", "symbol": "OXE.ST", "eps": -0.11878, "epsEstimated": null, "time": "bmo", "revenue": 10290000, "revenueEstimated": null, "fiscalDateEnding": "2020-03-30", "updatedFromDate": "2023-05-17"}, {"date": "2020-04-20", "symbol": "300482.SZ", "eps": 0.22, "epsEstimated": null, "time": "bmo", "revenue": 551691594.07, "revenueEstimated": null, "fiscalDateEnding": "2020-03-30", "updatedFromDate": "2023-05-17"}, {"date": "2020-04-20", "symbol": "600248.SS", "eps": 0.09, "epsEstimated": null, "time": "bmo", "revenue": 751171969.06, "revenueEstimated": null, "fiscalDateEnding": "2020-03-30", "updatedFromDate": "2023-05-17"}, {"date": "2020-04-20", "symbol": "300768.SZ", "eps": 0.1, "epsEstimated": null, "time": "bmo", "revenue": null, "revenueEstimated": null, "fiscalDateEnding": "2020-03-31", "updatedFromDate": "2023-05-17"}, {"date": "2020-04-20", "symbol": "603538.SS", "eps": 0.29, "epsEstimated": null, "time": "bmo", "revenue": 285359171.1, "revenueEstimated": null, "fiscalDateEnding": "2020-03-30", "updatedFromDate": "2023-05-17"}, {"date": "2020-04-20", "symbol": "LII", "eps": 0.56, "epsEstimated": 1.12, "time": "bmo", "revenue": 723800000, "revenueEstimated": 1408825000, "fiscalDateEnding": "2020-03-30", "updatedFromDate": "2023-09-29"}, {"date": "2020-04-20", "symbol": "600096.SS", "eps": 0.01, "epsEstimated": null, "time": "bmo", "revenue": 11162998975.23, "revenueEstimated": null, "fiscalDateEnding": "2020-03-30", "updatedFromDate": "2023-05-17"}, {"date": "2020-04-20", "symbol": "WRTBY", "eps": 0.01, "epsEstimated": null, "time": "bmo", "revenue": 1170000000, "revenueEstimated": null, "fiscalDateEnding": "2020-03-31", "updatedFromDate": "2023-09-29"}, {"date": "2020-04-20", "symbol": "CDNS", "eps": 0.6, "epsEstimated": 0.54, "time": "amc", "revenue": 617957000, "revenueEstimated": 556161300.0000001, "fiscalDateEnding": "2020-03-27", "updatedFromDate": "2023-09-29"}, {"date": "2020-04-20", "symbol": "300047.SZ", "eps": 0.01, "epsEstimated": null, "time": "bmo", "revenue": 749191733.32, "revenueEstimated": null, "fiscalDateEnding": "2020-03-30", "updatedFromDate": "2023-05-17"}, {"date": "2020-04-20", "symbol": "002908.SZ", "eps": 0.0186, "epsEstimated": null, "time": "bmo", "revenue": 73282212.31, "revenueEstimated": null, "fiscalDateEnding": "2020-03-30", "updatedFromDate": "2023-05-17"}, {"date": "2020-04-20", "symbol": "VIVEF", "eps": null, "epsEstimated": null, "time": "bmo", "revenue": null, "revenueEstimated": null, "fiscalDateEnding": "2020-03-31", "updatedFromDate": "2023-05-17"}, {"date": "2020-04-20", "symbol": "CCNEP", "eps": 0.61, "epsEstimated": 0.53, "time": "bmo", "revenue": null, "revenueEstimated": null, "fiscalDateEnding": "2020-03-30", "updatedFromDate": "2023-05-17"}, {"date": "2020-04-20", "symbol": "300079.SZ", "eps": 0.01, "epsEstimated": null, "time": "bmo", "revenue": 154532486.11, "revenueEstimated": null, "fiscalDateEnding": "2020-03-30", "updatedFromDate": "2023-05-17"}, {"date": "2020-04-20", "symbol": "DIT", "eps": 1.22, "epsEstimated": null, "time": "bmo", "revenue": 337886516, "revenueEstimated": null, "fiscalDateEnding": "2020-03-30", "updatedFromDate": "2023-09-29"}, {"date": "2020-04-20", "symbol": "IBM", "eps": 1.84, "epsEstimated": 1.78, "time": "amc", "revenue": 17570000000, "revenueEstimated": 17189021739.130436, "fiscalDateEnding": "2020-03-30", "updatedFromDate": "2023-09-29"}, {"date": "2020-04-20", "symbol": "TSC", "eps": 0.38, "epsEstimated": 0.26, "time": "amc", "revenue": 48238000, "revenueEstimated": 33004947.36842105, "fiscalDateEnding": "2020-03-30", "updatedFromDate": "2023-05-17"}, {"date": "2020-04-20", "symbol": "TBKCP", "eps": -0.18, "epsEstimated": 0.28, "time": "bmo", "revenue": 69977000, "revenueEstimated": 3777171, "fiscalDateEnding": "2020-03-30", "updatedFromDate": "2023-05-17"}, {"date": "2020-04-20", "symbol": "TFIN", "eps": 0.18, "epsEstimated": 0.28, "time": "amc", "revenue": 69977000, "revenueEstimated": 108853111.111111, "fiscalDateEnding": "2020-03-30", "updatedFromDate": "2023-09-29"}, {"date": "2020-04-20", "symbol": "000488.SZ", "eps": 0.02, "epsEstimated": null, "time": "bmo", "revenue": 30736517996.9, "revenueEstimated": null, "fiscalDateEnding": "2020-01-20", "updatedFromDate": "2023-05-17"}, {"date": "2020-04-20", "symbol": "603516.SS", "eps": 0.01, "epsEstimated": null, "time": "bmo", "revenue": 50374109.35, "revenueEstimated": null, "fiscalDateEnding": "2020-03-30", "updatedFromDate": "2023-05-17"}, {"date": "2020-04-20", "symbol": "300749.SZ", "eps": 0.12, "epsEstimated": null, "time": "bmo", "revenue": null, "revenueEstimated": null, "fiscalDateEnding": "2020-03-31", "updatedFromDate": "2023-05-17"}, {"date": "2020-04-20", "symbol": "2290.SR", "eps": 0.19, "epsEstimated": 0.23, "time": "amc", "revenue": 1194977000, "revenueEstimated": null, "fiscalDateEnding": "2020-03-30", "updatedFromDate": "2023-05-17"}, {"date": "2020-04-20", "symbol": "FBGGF", "eps": 0.95, "epsEstimated": 1.12, "time": "bmo", "revenue": null, "revenueEstimated": null, "fiscalDateEnding": "2020-03-31", "updatedFromDate": "2023-05-17"}, {"date": "2020-04-20", "symbol": "TGVSF", "eps": -1.14, "epsEstimated": -0.29, "time": "bmo", "revenue": null, "revenueEstimated": null, "fiscalDateEnding": "2020-03-31", "updatedFromDate": "2023-05-17"}, {"date": "2020-04-20", "symbol": "603129.SS", "eps": 0.43, "epsEstimated": null, "time": "bmo", "revenue": 622664932.25, "revenueEstimated": null, "fiscalDateEnding": "2020-03-30", "updatedFromDate": "2023-08-16"}, {"date": "2020-04-20", "symbol": "BFRA", "eps": -0.22, "epsEstimated": -0.11, "time": "amc", "revenue": 6473000, "revenueEstimated": 10576193.548387097, "fiscalDateEnding": "2020-03-30", "updatedFromDate": "2023-08-16"}, {"date": "2020-04-20", "symbol": "000513.SZ", "eps": 0.43, "epsEstimated": 0.41, "time": "bmo", "revenue": 2504726157.29, "revenueEstimated": null, "fiscalDateEnding": "2020-03-30", "updatedFromDate": "2023-05-17"}, {"date": "2020-04-20", "symbol": "KPLIF", "eps": null, "epsEstimated": null, "time": "bmo", "revenue": null, "revenueEstimated": null, "fiscalDateEnding": "2020-03-31", "updatedFromDate": "2023-05-17"}, {"date": "2020-04-20", "symbol": "EFX", "eps": 1.4, "epsEstimated": 1.29, "time": "amc", "revenue": 957900000, "revenueEstimated": 882636428.5714287, "fiscalDateEnding": "2020-03-30", "updatedFromDate": "2023-09-29"}, {"date": "2020-04-20", "symbol": "MRRLF", "eps": 1.75, "epsEstimated": null, "time": "bmo", "revenue": null, "revenueEstimated": null, "fiscalDateEnding": "2020-03-31", "updatedFromDate": "2023-05-17"}, {"date": "2020-04-20", "symbol": "DFDDF", "eps": 1.36, "epsEstimated": null, "time": "bmo", "revenue": null, "revenueEstimated": null, "fiscalDateEnding": "2020-03-31", "updatedFromDate": "2023-05-17"}, {"date": "2020-04-20", "symbol": "603429.SS", "eps": 0.01, "epsEstimated": null, "time": "bmo", "revenue": 83914617.9, "revenueEstimated": null, "fiscalDateEnding": "2020-03-30", "updatedFromDate": "2023-05-17"}, {"date": "2020-04-20", "symbol": "EBF", "eps": 0.33, "epsEstimated": 0.35, "time": "bmo", "revenue": 106703000, "revenueEstimated": 113169848.48484848, "fiscalDateEnding": "2020-02-28", "updatedFromDate": "2023-09-29"}, {"date": "2020-04-20", "symbol": "603026.SS", "eps": -0.09, "epsEstimated": null, "time": "bmo", "revenue": 870644894.01, "revenueEstimated": null, "fiscalDateEnding": "2020-03-30", "updatedFromDate": "2023-05-17"}, {"date": "2020-04-20", "symbol": "ACC", "eps": 0.58, "epsEstimated": 0.23, "time": "amc", "revenue": 249404000, "revenueEstimated": 98901586.20689656, "fiscalDateEnding": "2020-03-30", "updatedFromDate": "2023-08-16"}, {"date": "2020-04-20", "symbol": "PEBK", "eps": 0.4, "epsEstimated": null, "time": "bmo", "revenue": 14770000, "revenueEstimated": null, "fiscalDateEnding": "2020-03-30", "updatedFromDate": "2023-09-29"}, {"date": "2020-04-20", "symbol": "ENGGY", "eps": 0.5, "epsEstimated": 0.41, "time": "bmo", "revenue": 265900000, "revenueEstimated": null, "fiscalDateEnding": "2020-03-30", "updatedFromDate": "2023-05-17"}, {"date": "2020-04-20", "symbol": "GRPBF", "eps": 0.1, "epsEstimated": 0.16, "time": "bmo", "revenue": null, "revenueEstimated": 7984000, "fiscalDateEnding": "2020-03-31", "updatedFromDate": "2023-08-16"}, {"date": "2020-04-20", "symbol": "PNFPP", "eps": 0.37, "epsEstimated": 1.05, "time": "bmo", "revenue": 230473000, "revenueEstimated": null, "fiscalDateEnding": "2020-03-30", "updatedFromDate": "2023-05-17"}, {"date": "2020-04-20", "symbol": "002217.SZ", "eps": 0.13, "epsEstimated": null, "time": "bmo", "revenue": 3241303442.59, "revenueEstimated": null, "fiscalDateEnding": "2020-03-30", "updatedFromDate": "2023-05-17"}, {"date": "2020-04-20", "symbol": "603345.SS", "eps": 0.38, "epsEstimated": null, "time": "bmo", "revenue": 1278416532.99, "revenueEstimated": null, "fiscalDateEnding": "2020-03-30", "updatedFromDate": "2023-08-16"}, {"date": "2020-04-20", "symbol": "BYYLF", "eps": null, "epsEstimated": null, "time": "bmo", "revenue": null, "revenueEstimated": null, "fiscalDateEnding": "2020-03-31", "updatedFromDate": "2023-05-17"}, {"date": "2020-04-20", "symbol": "300545.SZ", "eps": 0.15, "epsEstimated": null, "time": "bmo", "revenue": null, "revenueEstimated": null, "fiscalDateEnding": "2020-03-31", "updatedFromDate": "2023-05-31"}, {"date": "2020-04-20", "symbol": "HAL", "eps": 0.31, "epsEstimated": 0.25, "time": "bmo", "revenue": 5037000000, "revenueEstimated": 3899612903.225806, "fiscalDateEnding": "2020-03-30", "updatedFromDate": "2023-09-29"}, {"date": "2020-04-20", "symbol": "LVZPF", "eps": 0.43, "epsEstimated": 0.41, "time": "bmo", "revenue": null, "revenueEstimated": null, "fiscalDateEnding": "2020-03-31", "updatedFromDate": "2023-05-17"}, {"date": "2020-04-20", "symbol": "MAREL.AS", "eps": 1.75, "epsEstimated": null, "time": "bmo", "revenue": 301600000, "revenueEstimated": null, "fiscalDateEnding": "2020-03-30", "updatedFromDate": "2023-08-16"}, {"date": "2020-04-20", "symbol": "IAM.PA", "eps": 1.78, "epsEstimated": null, "time": "bmo", "revenue": null, "revenueEstimated": null, "fiscalDateEnding": "2020-03-31", "updatedFromDate": "2023-05-17"}, {"date": "2020-04-20", "symbol": "LCNB", "eps": 0.39, "epsEstimated": 0.31, "time": "bmo", "revenue": 17615000, "revenueEstimated": 14321205.128205128, "fiscalDateEnding": "2020-03-30", "updatedFromDate": "2023-09-29"}, {"date": "2020-04-20", "symbol": "TDNT", "eps": -0.13, "epsEstimated": null, "time": "bmo", "revenue": 161885, "revenueEstimated": null, "fiscalDateEnding": "2020-02-28", "updatedFromDate": "2023-09-29"}, {"date": "2020-04-20", "symbol": "TISCO.BK", "eps": 1.86, "epsEstimated": 1.92, "time": "bmo", "revenue": 5028091000, "revenueEstimated": null, "fiscalDateEnding": "2020-03-30", "updatedFromDate": "2023-08-16"}, {"date": "2020-04-20", "symbol": "TBK", "eps": -0.18, "epsEstimated": 0.28, "time": "amc", "revenue": 69977000, "revenueEstimated": 108853111.11111113, "fiscalDateEnding": "2020-03-30", "updatedFromDate": "2023-08-16"}, {"date": "2020-04-20", "symbol": "7020.SR", "eps": 0.17, "epsEstimated": 0.16, "time": "bmo", "revenue": 3558775000, "revenueEstimated": null, "fiscalDateEnding": "2020-01-20", "updatedFromDate": "2023-05-17"}, {"date": "2020-04-20", "symbol": "TTB.BK", "eps": 0.04, "epsEstimated": 0.0307, "time": "bmo", "revenue": 14811222000, "revenueEstimated": null, "fiscalDateEnding": "2020-01-20", "updatedFromDate": "2023-05-17"}, {"date": "2020-04-20", "symbol": "207940.KS", "eps": 547.52, "epsEstimated": 839.4, "time": "bmo", "revenue": 207197182330, "revenueEstimated": null, "fiscalDateEnding": "2020-03-30", "updatedFromDate": "2023-05-17"}, {"date": "2020-04-20", "symbol": "002301.SZ", "eps": 0.07, "epsEstimated": null, "time": "bmo", "revenue": 1522264405.92, "revenueEstimated": null, "fiscalDateEnding": "2020-03-30", "updatedFromDate": "2023-05-17"}, {"date": "2020-04-20", "symbol": "CORO.L", "eps": null, "epsEstimated": null, "time": "bmo", "revenue": null, "revenueEstimated": null, "fiscalDateEnding": "2020-01-20", "updatedFromDate": "2023-05-17"}, {"date": "2020-04-20", "symbol": "CCK", "eps": 1.13, "epsEstimated": 0.93, "time": "amc", "revenue": 2757000000, "revenueEstimated": 2244637168.1415935, "fiscalDateEnding": "2020-03-30", "updatedFromDate": "2023-09-29"}, {"date": "2020-04-20", "symbol": "ADC", "eps": 0.46, "epsEstimated": 0.45, "time": "amc", "revenue": 55809000, "revenueEstimated": 54595760.86956522, "fiscalDateEnding": "2020-03-30", "updatedFromDate": "2023-09-29"}, {"date": "2020-04-20", "symbol": "PHG", "eps": 0.2, "epsEstimated": null, "time": "bmo", "revenue": 4159000000, "revenueEstimated": null, "fiscalDateEnding": "2020-03-31", "updatedFromDate": "2023-09-29"}, {"date": "2020-04-20", "symbol": "8200.T", "eps": -25.5, "epsEstimated": null, "time": "bmo", "revenue": 9353369000, "revenueEstimated": null, "fiscalDateEnding": "2020-01-20", "updatedFromDate": "2023-10-16"}, {"date": "2020-04-20", "symbol": "PNFP", "eps": 0.39, "epsEstimated": 1.03, "time": "amc", "revenue": 248337000, "revenueEstimated": 748987702.7027026, "fiscalDateEnding": "2020-03-30", "updatedFromDate": "2023-09-29"}, {"date": "2020-04-20", "symbol": "ALWED.PA", "eps": null, "epsEstimated": null, "time": "bmo", "revenue": null, "revenueEstimated": null, "fiscalDateEnding": "2020-01-20", "updatedFromDate": "2023-05-17"}, {"date": "2020-04-20", "symbol": "CBU", "eps": 0.77, "epsEstimated": 0.74, "time": "bmo", "revenue": 148676000, "revenueEstimated": 142883428.57142857, "fiscalDateEnding": "2020-03-30", "updatedFromDate": "2023-09-29"}, {"date": "2020-04-20", "symbol": "8181.T", "eps": -125.24572, "epsEstimated": null, "time": "bmo", "revenue": 539200000, "revenueEstimated": null, "fiscalDateEnding": "2020-01-20", "updatedFromDate": "2023-10-17"}, {"date": "2020-04-20", "symbol": "EFSC", "eps": 0.48, "epsEstimated": 0.76, "time": "amc", "revenue": 76776000, "revenueEstimated": 119962500, "fiscalDateEnding": "2020-03-30", "updatedFromDate": "2023-09-29"}, {"date": "2020-04-20", "symbol": "TFINP", "eps": -0.17943, "epsEstimated": 0.28, "time": "bmo", "revenue": 69977000, "revenueEstimated": 3777171, "fiscalDateEnding": "2020-03-30", "updatedFromDate": "2023-05-17"}, {"date": "2020-04-20", "symbol": "ZIONW", "eps": 0.04, "epsEstimated": 0.56, "time": "bmo", "revenue": null, "revenueEstimated": null, "fiscalDateEnding": "2020-03-31", "updatedFromDate": "2023-05-17"}, {"date": "2020-04-20", "symbol": "VIV.PA", "eps": null, "epsEstimated": 0.23, "time": "bmo", "revenue": null, "revenueEstimated": null, "fiscalDateEnding": "2020-01-20", "updatedFromDate": "2023-08-16"}, {"date": "2020-04-20", "symbol": "002237.SZ", "eps": 0.1, "epsEstimated": null, "time": "bmo", "revenue": 6384824595.03, "revenueEstimated": null, "fiscalDateEnding": "2020-03-30", "updatedFromDate": "2023-05-17"}, {"date": "2020-04-20", "symbol": "HMNF", "eps": 0.3, "epsEstimated": null, "time": "bmo", "revenue": 9423000, "revenueEstimated": null, "fiscalDateEnding": "2020-03-30", "updatedFromDate": "2023-09-29"}, {"date": "2020-04-20", "symbol": "ONB", "eps": 0.25, "epsEstimated": 0.27, "time": "bmo", "revenue": 199502000, "revenueEstimated": 433511076.923077, "fiscalDateEnding": "2020-03-30", "updatedFromDate": "2023-09-29"}, {"date": "2020-04-20", "symbol": "SWDCF", "eps": null, "epsEstimated": null, "time": "bmo", "revenue": null, "revenueEstimated": null, "fiscalDateEnding": "2020-03-31", "updatedFromDate": "2023-05-17"}, {"date": "2020-04-20", "symbol": "MTB", "eps": 1.93, "epsEstimated": 2.47, "time": "bmo", "revenue": 1506165000, "revenueEstimated": 1927579041.4507773, "fiscalDateEnding": "2020-03-30", "updatedFromDate": "2023-09-29"}, {"date": "2020-04-20", "symbol": "SDVKF", "eps": 2.07, "epsEstimated": 2.13, "time": "bmo", "revenue": null, "revenueEstimated": null, "fiscalDateEnding": "2020-03-31", "updatedFromDate": "2023-05-17"}, {"date": "2020-04-20", "symbol": "603305.SS", "eps": 0.13, "epsEstimated": null, "time": "bmo", "revenue": 288146527.99, "revenueEstimated": null, "fiscalDateEnding": "2020-03-30", "updatedFromDate": "2023-08-16"}, {"date": "2020-04-20", "symbol": "DIST.ST", "eps": 0.29, "epsEstimated": -0.94, "time": "bmo", "revenue": 561200000, "revenueEstimated": null, "fiscalDateEnding": "2020-03-30", "updatedFromDate": "2023-08-16"}, {"date": "2020-04-20", "symbol": "QEWS.QA", "eps": 0.29, "epsEstimated": 0.28, "time": "bmo", "revenue": null, "revenueEstimated": null, "fiscalDateEnding": "2020-03-31", "updatedFromDate": "2023-08-16"}, {"date": "2020-04-20", "symbol": "002233.SZ", "eps": 0.27, "epsEstimated": null, "time": "bmo", "revenue": 991154033.07, "revenueEstimated": null, "fiscalDateEnding": "2020-03-30", "updatedFromDate": "2023-05-17"}, {"date": "2020-04-20", "symbol": "PSK.TO", "eps": 0.04, "epsEstimated": 0.05, "time": "bmo", "revenue": 52700000, "revenueEstimated": null, "fiscalDateEnding": "2020-03-31", "updatedFromDate": "2023-05-17"}, {"date": "2020-04-20", "symbol": "ELS", "eps": 0.35, "epsEstimated": 0.37, "time": "amc", "revenue": 278026000, "revenueEstimated": 295823457.14285713, "fiscalDateEnding": "2020-03-30", "updatedFromDate": "2023-09-29"}, {"date": "2020-04-20", "symbol": "600438.SS", "eps": 0.1, "epsEstimated": 0.15, "time": "bmo", "revenue": 7825137178.03, "revenueEstimated": null, "fiscalDateEnding": "2020-03-30", "updatedFromDate": "2023-08-16"}, {"date": "2020-04-20", "symbol": "KKP.BK", "eps": 1.75, "epsEstimated": 1.32, "time": "bmo", "revenue": 5199881000, "revenueEstimated": null, "fiscalDateEnding": "2020-03-30", "updatedFromDate": "2023-08-16"}, {"date": "2020-04-20", "symbol": "1513.HK", "eps": 0.43, "epsEstimated": 0.41, "time": "bmo", "revenue": 2504726157.29, "revenueEstimated": null, "fiscalDateEnding": "2020-03-31", "updatedFromDate": "2023-08-16"}, {"date": "2020-04-20", "symbol": "KACPF", "eps": 10.21, "epsEstimated": null, "time": "bmo", "revenue": null, "revenueEstimated": null, "fiscalDateEnding": "2020-09-30", "updatedFromDate": "2023-05-17"}, {"date": "2020-04-20", "symbol": "BOH", "eps": 0.87, "epsEstimated": 0.73, "time": "bmo", "revenue": 172115000, "revenueEstimated": 144418333.33333334, "fiscalDateEnding": "2020-03-30", "updatedFromDate": "2023-09-29"}, {"date": "2020-04-20", "symbol": "TECK-B.TO", "eps": 0.17, "epsEstimated": 0.2, "time": "bmo", "revenue": 2377000000, "revenueEstimated": null, "fiscalDateEnding": "2020-03-30", "updatedFromDate": "2023-05-17"}, {"date": "2020-04-20", "symbol": "ENGGF", "eps": 0.5, "epsEstimated": 0.41, "time": "bmo", "revenue": null, "revenueEstimated": null, "fiscalDateEnding": "2020-03-31", "updatedFromDate": "2023-05-17"}, {"date": "2020-04-20", "symbol": "IMCD.AS", "eps": 0.94, "epsEstimated": null, "time": "bmo", "revenue": null, "revenueEstimated": null, "fiscalDateEnding": "2020-01-20", "updatedFromDate": "2023-08-16"}, {"date": "2020-04-20", "symbol": "1812.HK", "eps": 0.02, "epsEstimated": null, "time": "bmo", "revenue": 7514428960.58, "revenueEstimated": null, "fiscalDateEnding": "2020-06-29", "updatedFromDate": "2023-05-17"}, {"date": "2020-04-20", "symbol": "PREKF", "eps": 0.04, "epsEstimated": 0.05, "time": "bmo", "revenue": 52700000, "revenueEstimated": null, "fiscalDateEnding": "2020-03-31", "updatedFromDate": "2023-08-17"}, {"date": "2020-04-20", "symbol": "002559.SZ", "eps": 0.03, "epsEstimated": null, "time": "bmo", "revenue": 274632176.21, "revenueEstimated": null, "fiscalDateEnding": "2020-03-30", "updatedFromDate": "2023-05-17"}, {"date": "2020-04-20", "symbol": "002234.SZ", "eps": 0.49, "epsEstimated": null, "time": "bmo", "revenue": 442010063.38, "revenueEstimated": null, "fiscalDateEnding": "2020-03-30", "updatedFromDate": "2023-05-17"}, {"date": "2020-04-20", "symbol": "MAREL.IC", "eps": 1.75, "epsEstimated": null, "time": "bmo", "revenue": 301600000, "revenueEstimated": null, "fiscalDateEnding": "2020-03-30", "updatedFromDate": "2023-05-17"}, {"date": "2020-04-20", "symbol": "SIDO.JK", "eps": 7.72, "epsEstimated": null, "time": "bmo", "revenue": 730716000000, "revenueEstimated": null, "fiscalDateEnding": "2020-03-31", "updatedFromDate": "2023-05-17"}, {"date": "2020-04-20", "symbol": "TLTZF", "eps": 1.76, "epsEstimated": 1.63, "time": "bmo", "revenue": null, "revenueEstimated": null, "fiscalDateEnding": "2020-03-31", "updatedFromDate": "2023-05-17"}, {"date": "2020-04-20", "symbol": "000751.SZ", "eps": 0.01, "epsEstimated": null, "time": "bmo", "revenue": 1364075984.52, "revenueEstimated": null, "fiscalDateEnding": "2020-03-30", "updatedFromDate": "2023-05-17"}, {"date": "2020-04-20", "symbol": "KPCPF", "eps": 2.75, "epsEstimated": null, "time": "bmo", "revenue": null, "revenueEstimated": null, "fiscalDateEnding": "2020-03-31", "updatedFromDate": "2023-05-17"}, {"date": "2020-04-20", "symbol": "TFC-PI", "eps": 0.83, "epsEstimated": 0.67, "time": "bmo", "revenue": null, "revenueEstimated": null, "fiscalDateEnding": "2020-03-30", "updatedFromDate": "2023-05-17"}, {"date": "2020-04-20", "symbol": "HZMMF", "eps": null, "epsEstimated": null, "time": "bmo", "revenue": null, "revenueEstimated": null, "fiscalDateEnding": "2020-03-31", "updatedFromDate": "2023-05-17"}, {"date": "2020-04-20", "symbol": "BXS", "eps": 0.21, "epsEstimated": 0.33, "time": "amc", "revenue": 244026000, "revenueEstimated": 332762727, "fiscalDateEnding": "2020-03-30", "updatedFromDate": "2023-05-17"}, {"date": "2020-04-20", "symbol": "603583.SS", "eps": 0.19, "epsEstimated": null, "time": "bmo", "revenue": 341161591.8, "revenueEstimated": null, "fiscalDateEnding": "2020-03-31", "updatedFromDate": "2023-08-25"}, {"date": "2020-04-20", "symbol": "INFY", "eps": 0.14, "epsEstimated": 0.14, "time": "bmo", "revenue": 3197000000, "revenueEstimated": 3197000000, "fiscalDateEnding": "2020-03-31", "updatedFromDate": "2023-09-29"}, {"date": "2020-04-20", "symbol": "HXL", "eps": 0.64, "epsEstimated": 0.7, "time": "bmo", "revenue": 541000000, "revenueEstimated": 591718750, "fiscalDateEnding": "2020-03-30", "updatedFromDate": "2023-09-29"}, {"date": "2020-04-20", "symbol": "SEOJF", "eps": 0.1, "epsEstimated": 0.1, "time": "bmo", "revenue": null, "revenueEstimated": null, "fiscalDateEnding": "2020-03-31", "updatedFromDate": "2023-05-17"}, {"date": "2020-04-20", "symbol": "NHOXF", "eps": 0.98, "epsEstimated": 1.29, "time": "bmo", "revenue": null, "revenueEstimated": null, "fiscalDateEnding": "2020-03-31", "updatedFromDate": "2023-05-17"}, {"date": "2020-04-20", "symbol": "NDCVF", "eps": -0.01, "epsEstimated": null, "time": "bmo", "revenue": null, "revenueEstimated": null, "fiscalDateEnding": "2020-03-31", "updatedFromDate": "2023-05-17"}, {"date": "2020-04-20", "symbol": "MCB", "eps": 0.72, "epsEstimated": 0.72, "time": "bmo", "revenue": 33309000, "revenueEstimated": 33307000, "fiscalDateEnding": "2020-03-30", "updatedFromDate": "2023-09-29"}, {"date": "2020-04-20", "symbol": "BALYO.PA", "eps": null, "epsEstimated": null, "time": "bmo", "revenue": null, "revenueEstimated": null, "fiscalDateEnding": "2020-03-31", "updatedFromDate": "2023-05-17"}, {"date": "2020-04-20", "symbol": "ALKAL.PA", "eps": null, "epsEstimated": null, "time": "bmo", "revenue": null, "revenueEstimated": null, "fiscalDateEnding": "2020-01-20", "updatedFromDate": "2023-05-17"}, {"date": "2020-04-20", "symbol": "TW", "eps": 0.37, "epsEstimated": 0.35, "time": "bmo", "revenue": 235305000, "revenueEstimated": 221924594.5945946, "fiscalDateEnding": "2020-03-30", "updatedFromDate": "2023-09-29"}, {"date": "2020-04-20", "symbol": "002674.SZ", "eps": -0.02, "epsEstimated": null, "time": "bmo", "revenue": 130497695.61, "revenueEstimated": null, "fiscalDateEnding": "2020-03-30", "updatedFromDate": "2023-05-17"}, {"date": "2020-04-20", "symbol": "300685.SZ", "eps": null, "epsEstimated": null, "time": "bmo", "revenue": null, "revenueEstimated": null, "fiscalDateEnding": "2020-03-31", "updatedFromDate": "2023-05-17"}, {"date": "2020-04-20", "symbol": "QIGD.QA", "eps": null, "epsEstimated": null, "time": "bmo", "revenue": null, "revenueEstimated": null, "fiscalDateEnding": "2020-03-31", "updatedFromDate": "2023-05-17"}, {"date": "2020-04-20", "symbol": "A7RU.SI", "eps": 0.00432, "epsEstimated": null, "time": "bmo", "revenue": 385106000, "revenueEstimated": null, "fiscalDateEnding": "2020-01-20", "updatedFromDate": "2023-10-16"}, {"date": "2020-04-20", "symbol": "SUVPF", "eps": 0.84, "epsEstimated": 0.82, "time": "bmo", "revenue": null, "revenueEstimated": 12497358.38095238, "fiscalDateEnding": "2020-03-31", "updatedFromDate": "2023-05-17"}, {"date": "2020-04-20", "symbol": "CCNE", "eps": 0.61, "epsEstimated": 0.53, "time": "bmo", "revenue": 34562000, "revenueEstimated": 30720885.24590164, "fiscalDateEnding": "2020-03-30", "updatedFromDate": "2023-09-29"}, {"date": "2020-04-20", "symbol": "600720.SS", "eps": 0.02, "epsEstimated": null, "time": "bmo", "revenue": 575997694.21, "revenueEstimated": null, "fiscalDateEnding": "2020-03-30", "updatedFromDate": "2023-05-17"}, {"date": "2020-04-20", "symbol": "KALU", "eps": 1.9, "epsEstimated": 1.58, "time": "bmo", "revenue": 369300000, "revenueEstimated": 309045789.47368425, "fiscalDateEnding": "2020-03-30", "updatedFromDate": "2023-09-29"}, {"date": "2020-04-20", "symbol": "KEBNI-B.ST", "eps": -0.05089, "epsEstimated": null, "time": "bmo", "revenue": 14100000, "revenueEstimated": null, "fiscalDateEnding": "2020-03-31", "updatedFromDate": "2023-05-17"}, {"date": "2020-04-20", "symbol": "000546.SZ", "eps": -0.03, "epsEstimated": null, "time": "bmo", "revenue": 798079636.33, "revenueEstimated": null, "fiscalDateEnding": "2020-03-30", "updatedFromDate": "2023-05-17"}, {"date": "2020-04-20", "symbol": "EMIRATESNBD.AE", "eps": 0.31, "epsEstimated": 0.29, "time": "bmo", "revenue": 6870093000, "revenueEstimated": null, "fiscalDateEnding": "2020-03-30", "updatedFromDate": "2023-05-17"}, {"date": "2020-04-20", "symbol": "PHIA.AS", "eps": 0.18, "epsEstimated": 0.19, "time": "bmo", "revenue": 4159000000, "revenueEstimated": null, "fiscalDateEnding": "2020-03-30", "updatedFromDate": "2023-05-17"}, {"date": "2020-04-20", "symbol": "SDVKY", "eps": 0.22, "epsEstimated": null, "time": "bmo", "revenue": 23620000000, "revenueEstimated": null, "fiscalDateEnding": "2020-03-31", "updatedFromDate": "2023-09-29"}, {"date": "2020-04-20", "symbol": "SAPGF", "eps": 0.85, "epsEstimated": 0.93, "time": "bmo", "revenue": null, "revenueEstimated": 1345764.705882353, "fiscalDateEnding": "2020-03-31", "updatedFromDate": "2023-05-17"}, {"date": "2020-04-20", "symbol": "RBB", "eps": 0.35, "epsEstimated": 0.41, "time": "amc", "revenue": 28166000, "revenueEstimated": 32994457.142857146, "fiscalDateEnding": "2020-03-30", "updatedFromDate": "2023-09-29"}, {"date": "2020-04-20", "symbol": "CADE", "eps": 0.33, "epsEstimated": 0.23, "time": "bmo", "revenue": 244026000, "revenueEstimated": 320512900.00000006, "fiscalDateEnding": "2020-03-30", "updatedFromDate": "2023-09-29"}, {"date": "2020-04-20", "symbol": "ALORA.PA", "eps": null, "epsEstimated": null, "time": "bmo", "revenue": null, "revenueEstimated": null, "fiscalDateEnding": "2020-03-31", "updatedFromDate": "2023-07-04"}, {"date": "2020-04-20", "symbol": "QGTS.QA", "eps": 0.05, "epsEstimated": 0.05, "time": "bmo", "revenue": 886716000, "revenueEstimated": null, "fiscalDateEnding": "2020-03-31", "updatedFromDate": "2023-08-17"}, {"date": "2020-04-20", "symbol": "300019.SZ", "eps": 0.03, "epsEstimated": null, "time": "bmo", "revenue": 155866782.36, "revenueEstimated": null, "fiscalDateEnding": "2020-03-30", "updatedFromDate": "2023-05-17"}, {"date": "2020-04-20", "symbol": "GNTY", "eps": 0.5, "epsEstimated": 0.38, "time": "bmo", "revenue": 25112000, "revenueEstimated": 19495636.363636363, "fiscalDateEnding": "2020-03-30", "updatedFromDate": "2023-09-29"}, {"date": "2020-04-20", "symbol": "BSRR", "eps": 0.51, "epsEstimated": 0.47, "time": "bmo", "revenue": 29893000, "revenueEstimated": 27548450.980392154, "fiscalDateEnding": "2020-03-30", "updatedFromDate": "2023-09-29"}, {"date": "2020-04-20", "symbol": "300707.SZ", "eps": null, "epsEstimated": null, "time": "bmo", "revenue": null, "revenueEstimated": null, "fiscalDateEnding": "2020-03-31", "updatedFromDate": "2023-05-17"}, {"date": "2020-04-20", "symbol": "300737.SZ", "eps": 0.03, "epsEstimated": null, "time": "bmo", "revenue": null, "revenueEstimated": null, "fiscalDateEnding": "2020-03-31", "updatedFromDate": "2023-05-17"}, {"date": "2020-04-20", "symbol": "005070.KS", "eps": 77, "epsEstimated": null, "time": "bmo", "revenue": 40691908360, "revenueEstimated": null, "fiscalDateEnding": "2020-01-20", "updatedFromDate": "2023-05-17"}, {"date": "2020-04-20", "symbol": "SFBS", "eps": 0.64, "epsEstimated": 0.63, "time": "amc", "revenue": 84314000, "revenueEstimated": 82996593.75, "fiscalDateEnding": "2020-03-30", "updatedFromDate": "2023-09-29"}, {"date": "2020-04-20", "symbol": "XWEL", "eps": -1.69152, "epsEstimated": null, "time": "bmo", "revenue": 7718000, "revenueEstimated": null, "fiscalDateEnding": "2020-03-31", "updatedFromDate": "2023-09-29"}, {"date": "2020-04-20", "symbol": "603337.SS", "eps": 0.11, "epsEstimated": null, "time": "bmo", "revenue": 979605035.37, "revenueEstimated": null, "fiscalDateEnding": "2020-03-30", "updatedFromDate": "2023-05-17"}, {"date": "2020-04-20", "symbol": "WRTBF", "eps": 0.06, "epsEstimated": 0.09, "time": "bmo", "revenue": null, "revenueEstimated": 28800000, "fiscalDateEnding": "2020-03-31", "updatedFromDate": "2023-05-17"}, {"date": "2020-04-20", "symbol": "XSPA", "eps": -1.69152, "epsEstimated": null, "time": "bmo", "revenue": 7718000, "revenueEstimated": null, "fiscalDateEnding": "2020-03-30", "updatedFromDate": "2023-08-25"}, {"date": "2020-04-20", "symbol": "TFC", "eps": 0.83, "epsEstimated": 0.67, "time": "bmo", "revenue": 5611000000, "revenueEstimated": 3572795180.722892, "fiscalDateEnding": "2020-03-30", "updatedFromDate": "2023-09-29"}, {"date": "2020-04-20", "symbol": "GSBC", "eps": 1.04, "epsEstimated": 0.95, "time": "amc", "revenue": 52305000, "revenueEstimated": 47778605.76923077, "fiscalDateEnding": "2020-03-30", "updatedFromDate": "2023-09-29"}, {"date": "2020-04-20", "symbol": "4150.SR", "eps": 0.1976, "epsEstimated": null, "time": "bmo", "revenue": 57040811, "revenueEstimated": null, "fiscalDateEnding": "2020-03-30", "updatedFromDate": "2023-05-17"}, {"date": "2020-04-20", "symbol": "ZION", "eps": 0.04, "epsEstimated": 0.56, "time": "amc", "revenue": 682000000, "revenueEstimated": 1183757142, "fiscalDateEnding": "2020-03-30", "updatedFromDate": "2023-09-29"}, {"date": "2020-04-20", "symbol": "ALLY", "eps": -0.44, "epsEstimated": 0.69, "time": "bmo", "revenue": 1660000000, "revenueEstimated": 2640909090.909091, "fiscalDateEnding": "2020-03-30", "updatedFromDate": "2023-09-29"}, {"date": "2020-04-20", "symbol": "HLEE.SW", "eps": null, "epsEstimated": null, "time": "bmo", "revenue": null, "revenueEstimated": null, "fiscalDateEnding": "2020-01-20", "updatedFromDate": "2023-05-17"}, {"date": "2020-04-20", "symbol": "BMRC", "eps": 0.48, "epsEstimated": 0.51, "time": "bmo", "revenue": 27239000, "revenueEstimated": 26211113.20754717, "fiscalDateEnding": "2020-03-30", "updatedFromDate": "2023-09-29"}, {"date": "2020-04-20", "symbol": "300224.SZ", "eps": 0.02, "epsEstimated": null, "time": "bmo", "revenue": 348478129.49, "revenueEstimated": null, "fiscalDateEnding": "2020-03-30", "updatedFromDate": "2023-05-17"}, {"date": "2020-04-21", "symbol": "002367.SZ", "eps": 0.01, "epsEstimated": null, "time": "bmo", "revenue": 520778862.02, "revenueEstimated": null, "fiscalDateEnding": "2020-03-31", "updatedFromDate": "2023-08-17"}, {"date": "2020-04-21", "symbol": "HCA", "eps": 2.33, "epsEstimated": 2.61, "time": "bmo", "revenue": 12861000000, "revenueEstimated": 14572120171.67382, "fiscalDateEnding": "2020-03-30", "updatedFromDate": "2023-09-29"}, {"date": "2020-04-21", "symbol": "ASMIY", "eps": 1.57, "epsEstimated": 1.11, "time": "amc", "revenue": 325139000, "revenueEstimated": null, "fiscalDateEnding": "2020-03-31", "updatedFromDate": "2023-09-29"}, {"date": "2020-04-21", "symbol": "TRYG.CO", "eps": -1.14, "epsEstimated": -0.29, "time": "bmo", "revenue": 4543000000, "revenueEstimated": null, "fiscalDateEnding": "2020-03-30", "updatedFromDate": "2023-07-24"}, {"date": "2020-04-21", "symbol": "WDAM.QA", "eps": 0.15, "epsEstimated": 0.14, "time": "bmo", "revenue": null, "revenueEstimated": null, "fiscalDateEnding": "2020-03-31", "updatedFromDate": "2023-08-16"}, {"date": "2020-04-21", "symbol": "WAFD", "eps": 0.49, "epsEstimated": 0.52, "time": "bmo", "revenue": 133884000, "revenueEstimated": 318275020.4081633, "fiscalDateEnding": "2020-03-30", "updatedFromDate": "2023-09-29"}, {"date": "2020-04-21", "symbol": "PON1V.HE", "eps": -0.11, "epsEstimated": 0.25, "time": "bmo", "revenue": 144503000, "revenueEstimated": null, "fiscalDateEnding": "2020-03-30", "updatedFromDate": "2023-05-17"}, {"date": "2020-04-21", "symbol": "TXN", "eps": 1.24, "epsEstimated": 1, "time": "amc", "revenue": 3329000000, "revenueEstimated": 2684677419.3548384, "fiscalDateEnding": "2020-03-30", "updatedFromDate": "2023-09-29"}, {"date": "2020-04-21", "symbol": "AXFOF", "eps": 1.9, "epsEstimated": 1.79, "time": "bmo", "revenue": null, "revenueEstimated": null, "fiscalDateEnding": "2020-03-31", "updatedFromDate": "2023-05-17"}, {"date": "2020-04-21", "symbol": "WRT1V.HE", "eps": 0.06, "epsEstimated": 0.09, "time": "bmo", "revenue": 1170000000, "revenueEstimated": null, "fiscalDateEnding": "2020-03-30", "updatedFromDate": "2023-05-17"}, {"date": "2020-04-21", "symbol": "NCBS", "eps": 0.98, "epsEstimated": 1.06, "time": "bmo", "revenue": 40848000, "revenueEstimated": 44182530.612244904, "fiscalDateEnding": "2020-03-30", "updatedFromDate": "2023-05-17"}, {"date": "2020-04-21", "symbol": "WTFCM", "eps": 1.04, "epsEstimated": 0.74, "time": "bmo", "revenue": 373816000, "revenueEstimated": 31062211.538461536, "fiscalDateEnding": "2020-03-30", "updatedFromDate": "2023-05-17"}, {"date": "2020-04-21", "symbol": "002463.SZ", "eps": 0.11, "epsEstimated": 0.18, "time": "bmo", "revenue": 1581485424, "revenueEstimated": null, "fiscalDateEnding": "2020-03-30", "updatedFromDate": "2023-08-16"}, {"date": "2020-04-21", "symbol": "EDU", "eps": 0.93, "epsEstimated": 0.79, "time": "bmo", "revenue": 923221000, "revenueEstimated": 784241494.6236559, "fiscalDateEnding": "2020-02-29", "updatedFromDate": "2023-09-29"}, {"date": "2020-04-21", "symbol": "CHDRAUIB.MX", "eps": 0.56, "epsEstimated": 0.55, "time": "bmo", "revenue": null, "revenueEstimated": null, "fiscalDateEnding": "2020-03-31", "updatedFromDate": "2023-08-16"}, {"date": "2020-04-21", "symbol": "BMAX.ST", "eps": -0.95, "epsEstimated": -1.24, "time": "bmo", "revenue": 879000000, "revenueEstimated": null, "fiscalDateEnding": "2020-03-30", "updatedFromDate": "2023-05-17"}, {"date": "2020-04-21", "symbol": "002051.SZ", "eps": 0.02, "epsEstimated": 0.26, "time": "bmo", "revenue": 1604234557.49, "revenueEstimated": null, "fiscalDateEnding": "2020-03-30", "updatedFromDate": "2023-08-16"}, {"date": "2020-04-21", "symbol": "CTG", "eps": 0.1, "epsEstimated": -0.05, "time": "bmo", "revenue": 86949000, "revenueEstimated": 43474500.00000002, "fiscalDateEnding": "2020-03-26", "updatedFromDate": "2023-09-29"}, {"date": "2020-04-21", "symbol": "EMR", "eps": 0.89, "epsEstimated": 0.74, "time": "bmo", "revenue": 4162000000, "revenueEstimated": 3461370786.5168543, "fiscalDateEnding": "2020-03-30", "updatedFromDate": "2023-09-29"}, {"date": "2020-04-21", "symbol": "002230.SZ", "eps": -0.06, "epsEstimated": -0.0075, "time": "bmo", "revenue": 1408820489.46, "revenueEstimated": null, "fiscalDateEnding": "2020-03-30", "updatedFromDate": "2023-08-16"}, {"date": "2020-04-21", "symbol": "002891.SZ", "eps": 0.03, "epsEstimated": null, "time": "bmo", "revenue": 372870873.38, "revenueEstimated": null, "fiscalDateEnding": "2020-03-30", "updatedFromDate": "2023-08-16"}, {"date": "2020-04-21", "symbol": "GRFS", "eps": 0.24, "epsEstimated": 0.29, "time": "bmo", "revenue": 1293319000, "revenueEstimated": null, "fiscalDateEnding": "2020-03-31", "updatedFromDate": "2023-09-29"}, {"date": "2020-04-21", "symbol": "601966.SS", "eps": 0.3, "epsEstimated": 0.02576, "time": "bmo", "revenue": 3581899437, "revenueEstimated": null, "fiscalDateEnding": "2020-03-30", "updatedFromDate": "2023-08-16"}, {"date": "2020-04-21", "symbol": "BRCTF", "eps": 0.04, "epsEstimated": -0.49, "time": "bmo", "revenue": null, "revenueEstimated": null, "fiscalDateEnding": "2020-03-31", "updatedFromDate": "2023-08-16"}, {"date": "2020-04-21", "symbol": "BJRRF", "eps": null, "epsEstimated": null, "time": "bmo", "revenue": null, "revenueEstimated": null, "fiscalDateEnding": "2020-03-31", "updatedFromDate": "2023-05-17"}, {"date": "2020-04-21", "symbol": "002507.SZ", "eps": 0.21, "epsEstimated": null, "time": "bmo", "revenue": 482747410.75, "revenueEstimated": null, "fiscalDateEnding": "2020-03-30", "updatedFromDate": "2023-08-16"}, {"date": "2020-04-21", "symbol": "3479.T", "eps": 12.15, "epsEstimated": null, "time": "bmo", "revenue": null, "revenueEstimated": null, "fiscalDateEnding": "2020-02-29", "updatedFromDate": "2023-08-16"}, {"date": "2020-04-21", "symbol": "STEAV.HE", "eps": 0.1926, "epsEstimated": null, "time": "bmo", "revenue": 2207000000, "revenueEstimated": null, "fiscalDateEnding": "2020-03-30", "updatedFromDate": "2023-05-17"}, {"date": "2020-04-21", "symbol": "PLD", "eps": 0.7, "epsEstimated": 0.3, "time": "bmo", "revenue": 978241000, "revenueEstimated": 807048823.5, "fiscalDateEnding": "2020-03-30", "updatedFromDate": "2023-09-29"}, {"date": "2020-04-21", "symbol": "LPSB3.SA", "eps": null, "epsEstimated": null, "time": "bmo", "revenue": null, "revenueEstimated": null, "fiscalDateEnding": "2020-03-31", "updatedFromDate": "2023-08-16"}, {"date": "2020-04-21", "symbol": "002572.SZ", "eps": -0.02, "epsEstimated": 0.13, "time": "bmo", "revenue": 763387596.39, "revenueEstimated": null, "fiscalDateEnding": "2020-03-30", "updatedFromDate": "2023-08-16"}, {"date": "2020-04-21", "symbol": "600011.SS", "eps": null, "epsEstimated": 0.24, "time": "bmo", "revenue": null, "revenueEstimated": null, "fiscalDateEnding": "2020-03-31", "updatedFromDate": "2023-08-16"}, {"date": "2020-04-21", "symbol": "LYNX.CN", "eps": -0.01209, "epsEstimated": null, "time": "bmo", "revenue": null, "revenueEstimated": null, "fiscalDateEnding": "2020-01-30", "updatedFromDate": "2023-05-17"}, {"date": "2020-04-21", "symbol": "ENG.MC", "eps": 0.5, "epsEstimated": 0.41, "time": "bmo", "revenue": 265900000, "revenueEstimated": null, "fiscalDateEnding": "2020-03-30", "updatedFromDate": "2023-08-16"}, {"date": "2020-04-21", "symbol": "BELE.ST", "eps": 0.19, "epsEstimated": null, "time": "bmo", "revenue": 395270000, "revenueEstimated": null, "fiscalDateEnding": "2020-03-30", "updatedFromDate": "2023-08-17"}, {"date": "2020-04-21", "symbol": "SHLRF", "eps": null, "epsEstimated": null, "time": "bmo", "revenue": null, "revenueEstimated": null, "fiscalDateEnding": "2020-03-31", "updatedFromDate": "2023-05-17"}, {"date": "2020-04-21", "symbol": "CBQK.QA", "eps": 0.1, "epsEstimated": 0.11, "time": "bmo", "revenue": null, "revenueEstimated": null, "fiscalDateEnding": "2020-03-31", "updatedFromDate": "2023-08-16"}, {"date": "2020-04-21", "symbol": "300763.SZ", "eps": 0.25, "epsEstimated": null, "time": "bmo", "revenue": null, "revenueEstimated": null, "fiscalDateEnding": "2020-03-31", "updatedFromDate": "2023-08-16"}, {"date": "2020-04-21", "symbol": "002080.SZ", "eps": -0.01, "epsEstimated": null, "time": "bmo", "revenue": 2889208876.26, "revenueEstimated": null, "fiscalDateEnding": "2020-03-30", "updatedFromDate": "2023-08-16"}, {"date": "2020-04-21", "symbol": "GRF.MC", "eps": 0.22, "epsEstimated": 0.26, "time": "bmo", "revenue": 1293319000, "revenueEstimated": null, "fiscalDateEnding": "2020-03-30", "updatedFromDate": "2023-08-16"}, {"date": "2020-04-21", "symbol": "002955.SZ", "eps": -0.31, "epsEstimated": null, "time": "bmo", "revenue": 304442834.68, "revenueEstimated": null, "fiscalDateEnding": "2020-03-30", "updatedFromDate": "2023-05-17"}, {"date": "2020-04-21", "symbol": "BOLSAA.MX", "eps": 0.77, "epsEstimated": 0.59, "time": "bmo", "revenue": null, "revenueEstimated": null, "fiscalDateEnding": "2020-03-30", "updatedFromDate": "2023-08-16"}, {"date": "2020-04-21", "symbol": "002311.SZ", "eps": 0.19, "epsEstimated": 0.12, "time": "bmo", "revenue": 10491833608.9, "revenueEstimated": null, "fiscalDateEnding": "2020-03-30", "updatedFromDate": "2023-08-16"}, {"date": "2020-04-21", "symbol": "300674.SZ", "eps": 0.01, "epsEstimated": null, "time": "bmo", "revenue": null, "revenueEstimated": null, "fiscalDateEnding": "2020-03-31", "updatedFromDate": "2023-08-16"}, {"date": "2020-04-21", "symbol": "603679.SS", "eps": 0.21, "epsEstimated": null, "time": "bmo", "revenue": 217424091.52, "revenueEstimated": null, "fiscalDateEnding": "2020-03-30", "updatedFromDate": "2023-05-17"}, {"date": "2020-04-21", "symbol": "SYF", "eps": 0.45, "epsEstimated": 0.1, "time": "bmo", "revenue": 3061000000, "revenueEstimated": 886000000.0000004, "fiscalDateEnding": "2020-03-30", "updatedFromDate": "2023-09-29"}, {"date": "2020-04-21", "symbol": "GIFLF", "eps": 0.22, "epsEstimated": 0.26, "time": "bmo", "revenue": null, "revenueEstimated": null, "fiscalDateEnding": "2020-03-31", "updatedFromDate": "2023-08-16"}, {"date": "2020-04-21", "symbol": "603786.SS", "eps": 0.24, "epsEstimated": null, "time": "bmo", "revenue": 609054950.76, "revenueEstimated": null, "fiscalDateEnding": "2020-03-30", "updatedFromDate": "2023-08-16"}, {"date": "2020-04-21", "symbol": "300675.SZ", "eps": -0.14, "epsEstimated": null, "time": "bmo", "revenue": null, "revenueEstimated": null, "fiscalDateEnding": "2020-03-31", "updatedFromDate": "2023-05-17"}, {"date": "2020-04-21", "symbol": "FITB", "eps": 0.13, "epsEstimated": 0.23, "time": "bmo", "revenue": 1869000000, "revenueEstimated": 15675000000, "fiscalDateEnding": "2020-03-30", "updatedFromDate": "2023-09-29"}, {"date": "2020-04-21", "symbol": "AZA.ST", "eps": 1.98, "epsEstimated": 1.14, "time": "bmo", "revenue": 542000000, "revenueEstimated": null, "fiscalDateEnding": "2020-03-30", "updatedFromDate": "2023-05-17"}, {"date": "2020-04-21", "symbol": "ELMUF", "eps": 0.49, "epsEstimated": 0.51, "time": "bmo", "revenue": null, "revenueEstimated": 4340204.081632653, "fiscalDateEnding": "2020-03-31", "updatedFromDate": "2023-05-17"}, {"date": "2020-04-21", "symbol": "688019.SS", "eps": 0.44, "epsEstimated": null, "time": "bmo", "revenue": 96338088.07, "revenueEstimated": null, "fiscalDateEnding": "2020-03-30", "updatedFromDate": "2023-05-17"}, {"date": "2020-04-21", "symbol": "TFII", "eps": 0.59, "epsEstimated": 0.51, "time": "amc", "revenue": 874687632.209843, "revenueEstimated": 1061135204.819277, "fiscalDateEnding": "2020-03-31", "updatedFromDate": "2023-09-29"}, {"date": "2020-04-21", "symbol": "ABDDF", "eps": null, "epsEstimated": null, "time": "bmo", "revenue": null, "revenueEstimated": null, "fiscalDateEnding": "2020-06-30", "updatedFromDate": "2023-05-17"}, {"date": "2020-04-21", "symbol": "GNGBY", "eps": 0.15, "epsEstimated": null, "time": "bmo", "revenue": 6033000000, "revenueEstimated": null, "fiscalDateEnding": "2020-03-31", "updatedFromDate": "2023-09-29"}, {"date": "2020-04-21", "symbol": "ENTG", "eps": 0.55, "epsEstimated": 0.52, "time": "bmo", "revenue": 412327000, "revenueEstimated": 389836436.3636364, "fiscalDateEnding": "2020-03-27", "updatedFromDate": "2023-09-29"}, {"date": "2020-04-21", "symbol": "000720.SZ", "eps": -0.01, "epsEstimated": null, "time": "bmo", "revenue": 306442024.57, "revenueEstimated": null, "fiscalDateEnding": "2020-01-21", "updatedFromDate": "2023-05-17"}, {"date": "2020-04-21", "symbol": "2040.SR", "eps": 0.14, "epsEstimated": null, "time": "bmo", "revenue": 393325000, "revenueEstimated": null, "fiscalDateEnding": "2020-03-30", "updatedFromDate": "2023-05-17"}, {"date": "2020-04-21", "symbol": "GRPAQ", "eps": -3.68, "epsEstimated": -2.25, "time": "bmo", "revenue": 14074366000, "revenueEstimated": 3050951.0869565215, "fiscalDateEnding": "2020-03-30", "updatedFromDate": "2023-05-17"}, {"date": "2020-04-21", "symbol": "UCBI", "eps": 0.41, "epsEstimated": 0.47, "time": "amc", "revenue": 140295000, "revenueEstimated": 165554634.14634144, "fiscalDateEnding": "2020-03-30", "updatedFromDate": "2023-09-29"}, {"date": "2020-04-21", "symbol": "MIND", "eps": -0.29, "epsEstimated": -0.02071, "time": "amc", "revenue": 13257000, "revenueEstimated": 1104750.0000000019, "fiscalDateEnding": "2020-01-30", "updatedFromDate": "2023-09-29"}, {"date": "2020-04-21", "symbol": "POL", "eps": 0.48, "epsEstimated": 0.44, "time": "bmo", "revenue": 9677178, "revenueEstimated": null, "fiscalDateEnding": "2020-03-31", "updatedFromDate": "2023-09-29"}, {"date": "2020-04-21", "symbol": "FITBP", "eps": 0.13, "epsEstimated": 0.33, "time": "bmo", "revenue": 1886000000, "revenueEstimated": null, "fiscalDateEnding": "2020-03-30", "updatedFromDate": "2023-05-17"}, {"date": "2020-04-21", "symbol": "002157.SZ", "eps": 0.36, "epsEstimated": null, "time": "bmo", "revenue": 7134956714.87, "revenueEstimated": null, "fiscalDateEnding": "2020-03-30", "updatedFromDate": "2023-05-17"}, {"date": "2020-04-21", "symbol": "603978.SS", "eps": 0.11, "epsEstimated": null, "time": "bmo", "revenue": 181158231.73, "revenueEstimated": null, "fiscalDateEnding": "2020-03-30", "updatedFromDate": "2023-05-17"}, {"date": "2020-04-21", "symbol": "T14.SI", "eps": null, "epsEstimated": null, "time": "bmo", "revenue": null, "revenueEstimated": null, "fiscalDateEnding": "2020-03-31", "updatedFromDate": "2023-05-17"}, {"date": "2020-04-21", "symbol": "LHFG.BK", "eps": 0.02394, "epsEstimated": null, "time": "bmo", "revenue": 1897489000, "revenueEstimated": null, "fiscalDateEnding": "2020-01-21", "updatedFromDate": "2023-05-17"}, {"date": "2020-04-21", "symbol": "600329.SS", "eps": 0.221, "epsEstimated": null, "time": "bmo", "revenue": 1655960806.79, "revenueEstimated": null, "fiscalDateEnding": "2020-03-30", "updatedFromDate": "2023-05-17"}, {"date": "2020-04-21", "symbol": "SINT.ST", "eps": 0.93, "epsEstimated": 1.44, "time": "bmo", "revenue": 24600000, "revenueEstimated": null, "fiscalDateEnding": "2020-03-31", "updatedFromDate": "2023-08-17"}, {"date": "2020-04-21", "symbol": "ASRV", "eps": 0.08, "epsEstimated": null, "time": "bmo", "revenue": 12583000, "revenueEstimated": null, "fiscalDateEnding": "2020-03-30", "updatedFromDate": "2023-09-29"}, {"date": "2020-04-21", "symbol": "CSBB", "eps": 0.91, "epsEstimated": null, "time": "amc", "revenue": 8119000, "revenueEstimated": null, "fiscalDateEnding": "2020-03-30", "updatedFromDate": "2023-09-29"}, {"date": "2020-04-21", "symbol": "MBGAF", "eps": 0.09, "epsEstimated": null, "time": "bmo", "revenue": 37223000000, "revenueEstimated": null, "fiscalDateEnding": "2020-03-31", "updatedFromDate": "2023-09-29"}, {"date": "2020-04-21", "symbol": "JTCPF", "eps": null, "epsEstimated": null, "time": "bmo", "revenue": null, "revenueEstimated": null, "fiscalDateEnding": "2020-03-31", "updatedFromDate": "2023-05-17"}, {"date": "2020-04-21", "symbol": "IQCD.QA", "eps": 0.03, "epsEstimated": 0.08, "time": "bmo", "revenue": null, "revenueEstimated": null, "fiscalDateEnding": "2020-03-31", "updatedFromDate": "2023-05-17"}, {"date": "2020-04-21", "symbol": "688278.SS", "eps": 0.06, "epsEstimated": null, "time": "bmo", "revenue": 172055265.93, "revenueEstimated": null, "fiscalDateEnding": "2020-01-21", "updatedFromDate": "2023-05-17"}, {"date": "2020-04-21", "symbol": "CNONF", "eps": null, "epsEstimated": null, "time": "bmo", "revenue": null, "revenueEstimated": null, "fiscalDateEnding": "2020-03-31", "updatedFromDate": "2023-05-17"}, {"date": "2020-04-21", "symbol": "7010.SR", "eps": 1.46, "epsEstimated": 1.69, "time": "amc", "revenue": 14920233000, "revenueEstimated": null, "fiscalDateEnding": "2020-01-21", "updatedFromDate": "2023-05-17"}, {"date": "2020-04-21", "symbol": "WRB", "eps": 0.46, "epsEstimated": 0.47, "time": "amc", "revenue": 1832151000, "revenueEstimated": 1944399333.3333335, "fiscalDateEnding": "2020-03-30", "updatedFromDate": "2023-09-29"}, {"date": "2020-04-21", "symbol": "002968.SZ", "eps": 0.15, "epsEstimated": null, "time": "bmo", "revenue": 292594461.5, "revenueEstimated": null, "fiscalDateEnding": "2020-01-21", "updatedFromDate": "2023-05-17"}, {"date": "2020-04-21", "symbol": "SNAP", "eps": -0.08, "epsEstimated": -0.07, "time": "amc", "revenue": 462478000, "revenueEstimated": 404668250.00000006, "fiscalDateEnding": "2020-03-30", "updatedFromDate": "2023-09-29"}, {"date": "2020-04-21", "symbol": "FABG.ST", "eps": 0.95, "epsEstimated": 1.12, "time": "bmo", "revenue": 711000000, "revenueEstimated": null, "fiscalDateEnding": "2020-03-30", "updatedFromDate": "2023-05-17"}, {"date": "2020-04-21", "symbol": "CCOLA.IS", "eps": 0.5, "epsEstimated": null, "time": "bmo", "revenue": 2621600000, "revenueEstimated": null, "fiscalDateEnding": "2020-03-31", "updatedFromDate": "2023-05-17"}, {"date": "2020-04-21", "symbol": "PKBK", "eps": 0.6, "epsEstimated": null, "time": "bmo", "revenue": 16187000, "revenueEstimated": null, "fiscalDateEnding": "2020-03-30", "updatedFromDate": "2023-09-29"}, {"date": "2020-04-21", "symbol": "SEOAY", "eps": 0.13, "epsEstimated": null, "time": "bmo", "revenue": 2207000000, "revenueEstimated": null, "fiscalDateEnding": "2020-03-31", "updatedFromDate": "2023-09-29"}, {"date": "2020-04-21", "symbol": "MRDS.QA", "eps": null, "epsEstimated": null, "time": "bmo", "revenue": null, "revenueEstimated": null, "fiscalDateEnding": "2020-03-31", "updatedFromDate": "2023-05-17"}, {"date": "2020-04-21", "symbol": "KO", "eps": 0.51, "epsEstimated": 0.44, "time": "bmo", "revenue": 8601000000, "revenueEstimated": 7420470588.235294, "fiscalDateEnding": "2020-03-26", "updatedFromDate": "2023-09-29"}, {"date": "2020-04-21", "symbol": "PPIH", "eps": 0.18, "epsEstimated": null, "time": "bmo", "revenue": 20294000, "revenueEstimated": null, "fiscalDateEnding": "2020-01-21", "updatedFromDate": "2023-10-10"}, {"date": "2020-04-21", "symbol": "MLI", "eps": 0.32, "epsEstimated": null, "time": "bmo", "revenue": 602919000, "revenueEstimated": null, "fiscalDateEnding": "2020-03-27", "updatedFromDate": "2023-09-29"}, {"date": "2020-04-21", "symbol": "DOV", "eps": 1.39, "epsEstimated": 1.21, "time": "bmo", "revenue": 1655939000, "revenueEstimated": 1441500856.115108, "fiscalDateEnding": "2020-03-30", "updatedFromDate": "2023-09-29"}, {"date": "2020-04-21", "symbol": "COM.L", "eps": null, "epsEstimated": null, "time": "bmo", "revenue": null, "revenueEstimated": null, "fiscalDateEnding": "2020-03-29", "updatedFromDate": "2023-10-16"}, {"date": "2020-04-21", "symbol": "PRKWF", "eps": null, "epsEstimated": null, "time": "bmo", "revenue": null, "revenueEstimated": null, "fiscalDateEnding": "2020-03-31", "updatedFromDate": "2023-05-17"}, {"date": "2020-04-21", "symbol": "NAVI", "eps": 0.51, "epsEstimated": 0.72, "time": "amc", "revenue": 225000000, "revenueEstimated": 242647058.82352945, "fiscalDateEnding": "2020-03-30", "updatedFromDate": "2023-09-29"}, {"date": "2020-04-21", "symbol": "SDMHF", "eps": 0.87, "epsEstimated": 0.76, "time": "bmo", "revenue": null, "revenueEstimated": null, "fiscalDateEnding": "2020-03-31", "updatedFromDate": "2023-05-17"}, {"date": "2020-04-21", "symbol": "SCL", "eps": 1.04, "epsEstimated": 0.78, "time": "bmo", "revenue": 449987000, "revenueEstimated": 337490250, "fiscalDateEnding": "2020-03-30", "updatedFromDate": "2023-09-29"}, {"date": "2020-04-21", "symbol": "ACR.OL", "eps": 0.03, "epsEstimated": 0.01821, "time": "bmo", "revenue": null, "revenueEstimated": null, "fiscalDateEnding": "2020-03-31", "updatedFromDate": "2023-05-17"}, {"date": "2020-04-21", "symbol": "CB", "eps": 2.68, "epsEstimated": 2.61, "time": "amc", "revenue": 7697000000, "revenueEstimated": 7474097014.925373, "fiscalDateEnding": "2020-03-30", "updatedFromDate": "2023-09-29"}, {"date": "2020-04-21", "symbol": "TRV", "eps": 2.62, "epsEstimated": 2.85, "time": "bmo", "revenue": 7908000000, "revenueEstimated": 8044179389.312977, "fiscalDateEnding": "2020-03-30", "updatedFromDate": "2023-09-29"}, {"date": "2020-04-21", "symbol": "086520.KQ", "eps": 165.57, "epsEstimated": 240.53, "time": "bmo", "revenue": null, "revenueEstimated": null, "fiscalDateEnding": "2020-03-31", "updatedFromDate": "2023-05-17"}, {"date": "2020-04-21", "symbol": "KTB1.F", "eps": 0.44, "epsEstimated": 0.34, "time": "bmo", "revenue": null, "revenueEstimated": null, "fiscalDateEnding": "2020-03-31", "updatedFromDate": "2023-05-17"}, {"date": "2020-04-21", "symbol": "NTRS", "eps": 1.55, "epsEstimated": 1.45, "time": "bmo", "revenue": 1587700000, "revenueEstimated": 1546635483.8709676, "fiscalDateEnding": "2020-03-30", "updatedFromDate": "2023-09-29"}, {"date": "2020-04-21", "symbol": "BKKPF", "eps": 4.02, "epsEstimated": 3.7, "time": "bmo", "revenue": null, "revenueEstimated": null, "fiscalDateEnding": "2020-03-31", "updatedFromDate": "2023-05-17"}, {"date": "2020-04-21", "symbol": "SECARE.ST", "eps": 0.1068, "epsEstimated": null, "time": "bmo", "revenue": 37851000, "revenueEstimated": null, "fiscalDateEnding": "2020-03-30", "updatedFromDate": "2023-05-17"}, {"date": "2020-04-21", "symbol": "PAT.PA", "eps": null, "epsEstimated": null, "time": "bmo", "revenue": null, "revenueEstimated": null, "fiscalDateEnding": "2020-03-31", "updatedFromDate": "2023-10-16"}, {"date": "2020-04-21", "symbol": "PM", "eps": 1.21, "epsEstimated": 1.13, "time": "bmo", "revenue": 7153000000, "revenueEstimated": 6680074380.165289, "fiscalDateEnding": "2020-03-30", "updatedFromDate": "2023-09-29"}, {"date": "2020-04-21", "symbol": "BFIN", "eps": 0.16, "epsEstimated": 0.17, "time": "bmo", "revenue": 13367000, "revenueEstimated": 14202437.5, "fiscalDateEnding": "2020-03-30", "updatedFromDate": "2023-09-29"}, {"date": "2020-04-21", "symbol": "LMT", "eps": 6.08, "epsEstimated": 5.8, "time": "bmo", "revenue": 15651000000, "revenueEstimated": 14930230263.157894, "fiscalDateEnding": "2020-03-28", "updatedFromDate": "2023-09-29"}, {"date": "2020-04-21", "symbol": "TECK", "eps": 0.13, "epsEstimated": 0.15, "time": "bmo", "revenue": 2377000000, "revenueEstimated": 2656647058.8235292, "fiscalDateEnding": "2020-03-31", "updatedFromDate": "2023-09-29"}, {"date": "2020-04-21", "symbol": "DDAIF", "eps": 0.09, "epsEstimated": null, "time": "bmo", "revenue": null, "revenueEstimated": null, "fiscalDateEnding": "2020-03-31", "updatedFromDate": "2023-05-17"}, {"date": "2020-04-21", "symbol": "MANH", "eps": 0.4, "epsEstimated": 0.33, "time": "amc", "revenue": 153903000, "revenueEstimated": 126969975, "fiscalDateEnding": "2020-03-30", "updatedFromDate": "2023-09-29"}, {"date": "2020-04-21", "symbol": "SFNC", "eps": 0.68, "epsEstimated": 0.43, "time": "bmo", "revenue": 249877000, "revenueEstimated": 158010455.88235295, "fiscalDateEnding": "2020-03-30", "updatedFromDate": "2023-09-29"}, {"date": "2020-04-21", "symbol": "SNA", "eps": 2.6, "epsEstimated": 2.7, "time": "bmo", "revenue": 852200000, "revenueEstimated": 974180769.2307693, "fiscalDateEnding": "2020-03-27", "updatedFromDate": "2023-09-29"}, {"date": "2020-04-21", "symbol": "BOMXF", "eps": 0.77, "epsEstimated": 0.59, "time": "bmo", "revenue": null, "revenueEstimated": 991090.4285714285, "fiscalDateEnding": "2020-03-31", "updatedFromDate": "2023-05-17"}, {"date": "2020-04-21", "symbol": "ASMXF", "eps": 1.57, "epsEstimated": 1.17, "time": "bmo", "revenue": null, "revenueEstimated": null, "fiscalDateEnding": "2020-03-31", "updatedFromDate": "2023-05-17"}, {"date": "2020-04-21", "symbol": "GJNSF", "eps": -0.96, "epsEstimated": -0.96, "time": "bmo", "revenue": null, "revenueEstimated": 1289600000, "fiscalDateEnding": "2020-03-31", "updatedFromDate": "2023-05-17"}, {"date": "2020-04-21", "symbol": "SHLAF", "eps": 1.56, "epsEstimated": 1.14, "time": "bmo", "revenue": null, "revenueEstimated": 17976923.076923072, "fiscalDateEnding": "2020-03-31", "updatedFromDate": "2023-05-17"}, {"date": "2020-04-21", "symbol": "ASM.AS", "eps": 1.57, "epsEstimated": 1.17, "time": "bmo", "revenue": 325139000, "revenueEstimated": null, "fiscalDateEnding": "2020-03-30", "updatedFromDate": "2023-05-17"}, {"date": "2020-04-21", "symbol": "688030.SS", "eps": -0.39, "epsEstimated": null, "time": "bmo", "revenue": 57867120.17, "revenueEstimated": null, "fiscalDateEnding": "2020-03-30", "updatedFromDate": "2023-05-17"}, {"date": "2020-04-21", "symbol": "TER", "eps": 1, "epsEstimated": 0.88, "time": "amc", "revenue": 704355000, "revenueEstimated": 619832400, "fiscalDateEnding": "2020-03-28", "updatedFromDate": "2023-09-29"}, {"date": "2020-04-21", "symbol": "CMG", "eps": 3.08, "epsEstimated": 2.91, "time": "amc", "revenue": 1410772000, "revenueEstimated": 1332904714.2857144, "fiscalDateEnding": "2020-03-30", "updatedFromDate": "2023-09-29"}, {"date": "2020-04-21", "symbol": "NELLY.ST", "eps": -5.11435, "epsEstimated": null, "time": "bmo", "revenue": 591500000, "revenueEstimated": null, "fiscalDateEnding": "2020-03-30", "updatedFromDate": "2023-05-17"}, {"date": "2020-04-21", "symbol": "FCBP", "eps": 0.39, "epsEstimated": 0.55, "time": "bmo", "revenue": 20216000, "revenueEstimated": 29034358.974358976, "fiscalDateEnding": "2020-03-30", "updatedFromDate": "2023-05-17"}, {"date": "2020-04-21", "symbol": "NBHC", "eps": 0.5, "epsEstimated": 0.48, "time": "amc", "revenue": 73840000, "revenueEstimated": 69901440, "fiscalDateEnding": "2020-03-30", "updatedFromDate": "2023-09-29"}, {"date": "2020-04-21", "symbol": "ALMA.HE", "eps": 0.2, "epsEstimated": 0.11, "time": "bmo", "revenue": 61900000, "revenueEstimated": null, "fiscalDateEnding": "2020-03-30", "updatedFromDate": "2023-05-17"}, {"date": "2020-04-21", "symbol": "000791.SZ", "eps": -0.03, "epsEstimated": null, "time": "bmo", "revenue": 326247751.93, "revenueEstimated": null, "fiscalDateEnding": "2020-03-30", "updatedFromDate": "2023-05-17"}, {"date": "2020-04-21", "symbol": "CP", "eps": 0.66, "epsEstimated": 0.57, "time": "amc", "revenue": 2043000000, "revenueEstimated": 1895090497.7375565, "fiscalDateEnding": "2020-03-30", "updatedFromDate": "2023-09-29"}, {"date": "2020-04-21", "symbol": "TLTZY", "eps": 0.09, "epsEstimated": null, "time": "bmo", "revenue": 6687000000, "revenueEstimated": null, "fiscalDateEnding": "2020-03-31", "updatedFromDate": "2023-09-29"}, {"date": "2020-04-21", "symbol": "STE-A.ST", "eps": 0.1, "epsEstimated": 0.1, "time": "bmo", "revenue": 2207000000, "revenueEstimated": null, "fiscalDateEnding": "2020-03-30", "updatedFromDate": "2023-05-17"}, {"date": "2020-04-21", "symbol": "EBSB", "eps": 0.25, "epsEstimated": 0.25, "time": "bmo", "revenue": 44267000, "revenueEstimated": 44267000, "fiscalDateEnding": "2020-03-30", "updatedFromDate": "2023-05-17"}, {"date": "2020-04-21", "symbol": "000661.SZ", "eps": 1.34, "epsEstimated": null, "time": "bmo", "revenue": 1660935896.71, "revenueEstimated": null, "fiscalDateEnding": "2020-03-30", "updatedFromDate": "2023-05-17"}, {"date": "2020-04-21", "symbol": "RLI", "eps": 0.66, "epsEstimated": 0.73, "time": "amc", "revenue": 118117000, "revenueEstimated": 205782818.18181816, "fiscalDateEnding": "2020-03-30", "updatedFromDate": "2023-09-29"}, {"date": "2020-04-21", "symbol": "BHHOF", "eps": null, "epsEstimated": null, "time": "bmo", "revenue": null, "revenueEstimated": null, "fiscalDateEnding": "2020-09-30", "updatedFromDate": "2023-05-17"}, {"date": "2020-04-21", "symbol": "3387.T", "eps": -6.5, "epsEstimated": null, "time": "bmo", "revenue": 24700000000, "revenueEstimated": null, "fiscalDateEnding": "2020-01-21", "updatedFromDate": "2023-10-16"}, {"date": "2020-04-21", "symbol": "SFTR.ST", "eps": -0.22, "epsEstimated": -0.11, "time": "bmo", "revenue": 4745000, "revenueEstimated": null, "fiscalDateEnding": "2020-01-21", "updatedFromDate": "2023-05-17"}, {"date": "2020-04-21", "symbol": "603416.SS", "eps": 0.34, "epsEstimated": null, "time": "bmo", "revenue": 164912773.06, "revenueEstimated": null, "fiscalDateEnding": "2020-03-30", "updatedFromDate": "2023-05-17"}, {"date": "2020-04-21", "symbol": "KRU.WA", "eps": -3.21918, "epsEstimated": null, "time": "bmo", "revenue": 302054000, "revenueEstimated": null, "fiscalDateEnding": "2020-03-30", "updatedFromDate": "2023-05-17"}, {"date": "2020-04-21", "symbol": "300005.SZ", "eps": -0.01, "epsEstimated": null, "time": "bmo", "revenue": null, "revenueEstimated": null, "fiscalDateEnding": "2020-03-31", "updatedFromDate": "2023-05-31"}, {"date": "2020-04-21", "symbol": "000911.SZ", "eps": 0.04, "epsEstimated": null, "time": "bmo", "revenue": 760853298.63, "revenueEstimated": null, "fiscalDateEnding": "2020-03-30", "updatedFromDate": "2023-05-17"}, {"date": "2020-04-21", "symbol": "002940.SZ", "eps": 0.46, "epsEstimated": null, "time": "bmo", "revenue": 305801306.93, "revenueEstimated": null, "fiscalDateEnding": "2020-03-30", "updatedFromDate": "2023-05-17"}, {"date": "2020-04-21", "symbol": "002258.SZ", "eps": 0.16, "epsEstimated": null, "time": "bmo", "revenue": 980776297.84, "revenueEstimated": null, "fiscalDateEnding": "2020-03-30", "updatedFromDate": "2023-05-17"}, {"date": "2020-04-21", "symbol": "VMX.PA", "eps": null, "epsEstimated": null, "time": "bmo", "revenue": null, "revenueEstimated": null, "fiscalDateEnding": "2020-01-21", "updatedFromDate": "2023-05-17"}, {"date": "2020-04-21", "symbol": "FLOW.AS", "eps": 5.71, "epsEstimated": 2.66, "time": "bmo", "revenue": null, "revenueEstimated": null, "fiscalDateEnding": "2020-01-21", "updatedFromDate": "2023-05-17"}, {"date": "2020-04-21", "symbol": "WEB.MI", "eps": null, "epsEstimated": null, "time": "bmo", "revenue": null, "revenueEstimated": null, "fiscalDateEnding": "2020-03-31", "updatedFromDate": "2023-05-17"}, {"date": "2020-04-21", "symbol": "RANJF", "eps": 0.58, "epsEstimated": 0.28, "time": "bmo", "revenue": null, "revenueEstimated": null, "fiscalDateEnding": "2020-03-31", "updatedFromDate": "2023-05-17"}, {"date": "2020-04-21", "symbol": "BBL.BK", "eps": 4.02, "epsEstimated": 3.73, "time": "bmo", "revenue": 27638420000, "revenueEstimated": null, "fiscalDateEnding": "2020-03-30", "updatedFromDate": "2023-05-17"}, {"date": "2020-04-21", "symbol": "CSL", "eps": 1.09, "epsEstimated": 1.01, "time": "amc", "revenue": 1030200000, "revenueEstimated": 954588990.8256881, "fiscalDateEnding": "2020-03-30", "updatedFromDate": "2023-09-29"}, {"date": "2020-04-21", "symbol": "ISDCF", "eps": null, "epsEstimated": null, "time": "bmo", "revenue": null, "revenueEstimated": null, "fiscalDateEnding": "2020-03-31", "updatedFromDate": "2023-05-17"}, {"date": "2020-04-21", "symbol": "BUFAB.ST", "eps": 1.23, "epsEstimated": null, "time": "bmo", "revenue": 1022000000, "revenueEstimated": null, "fiscalDateEnding": "2020-01-21", "updatedFromDate": "2023-05-17"}, {"date": "2020-04-21", "symbol": "USCR", "eps": -0.04, "epsEstimated": -0.26, "time": "bmo", "revenue": 334400000, "revenueEstimated": 2173600000, "fiscalDateEnding": "2020-03-30", "updatedFromDate": "2023-05-17"}, {"date": "2020-04-21", "symbol": "002073.SZ", "eps": -0.04, "epsEstimated": null, "time": "bmo", "revenue": 447325978.01, "revenueEstimated": null, "fiscalDateEnding": "2020-03-30", "updatedFromDate": "2023-05-17"}, {"date": "2020-04-21", "symbol": "6999.T", "eps": 10.21, "epsEstimated": null, "time": "bmo", "revenue": 13556000000, "revenueEstimated": null, "fiscalDateEnding": "2020-01-21", "updatedFromDate": "2023-10-17"}, {"date": "2020-04-21", "symbol": "CIT", "eps": -6.4, "epsEstimated": 0.54, "time": "bmo", "revenue": 605000000, "revenueEstimated": 53012812.50000005, "fiscalDateEnding": "2020-03-30", "updatedFromDate": "2023-05-17"}, {"date": "2020-04-21", "symbol": "6239.TW", "eps": 2.09, "epsEstimated": 2.27, "time": "bmo", "revenue": 18811680000, "revenueEstimated": null, "fiscalDateEnding": "2020-03-30", "updatedFromDate": "2023-05-17"}, {"date": "2020-04-21", "symbol": "WBS-PF", "eps": 0.39, "epsEstimated": 0.55, "time": "bmo", "revenue": 304179000, "revenueEstimated": null, "fiscalDateEnding": "2020-03-30", "updatedFromDate": "2023-05-17"}, {"date": "2020-04-21", "symbol": "002376.SZ", "eps": 0.02, "epsEstimated": null, "time": "bmo", "revenue": 416239317.46, "revenueEstimated": null, "fiscalDateEnding": "2020-03-30", "updatedFromDate": "2023-05-17"}, {"date": "2020-04-21", "symbol": "SCSG", "eps": 0.13, "epsEstimated": 0.16, "time": "bmo", "revenue": null, "revenueEstimated": null, "fiscalDateEnding": "2020-03-31", "updatedFromDate": "2023-09-29"}, {"date": "2020-04-21", "symbol": "SARTF", "eps": 0.84, "epsEstimated": 0.83, "time": "bmo", "revenue": 509900000, "revenueEstimated": null, "fiscalDateEnding": "2020-03-31", "updatedFromDate": "2023-09-29"}, {"date": "2020-04-21", "symbol": "PACW", "eps": 0.31, "epsEstimated": 0.7, "time": "bmo", "revenue": 272265000, "revenueEstimated": 620659451.6129031, "fiscalDateEnding": "2020-03-30", "updatedFromDate": "2023-09-29"}, {"date": "2020-04-21", "symbol": "KTB.BK", "eps": 0.44, "epsEstimated": 0.36, "time": "bmo", "revenue": 31391004000, "revenueEstimated": null, "fiscalDateEnding": "2020-01-21", "updatedFromDate": "2023-05-17"}, {"date": "2020-04-21", "symbol": "TRST", "eps": 0.69, "epsEstimated": 0.65, "time": "amc", "revenue": 43887000, "revenueEstimated": 40752214.28571428, "fiscalDateEnding": "2020-03-30", "updatedFromDate": "2023-09-29"}, {"date": "2020-04-21", "symbol": "SABK", "eps": 0.17, "epsEstimated": null, "time": "bmo", "revenue": 8336000, "revenueEstimated": null, "fiscalDateEnding": "2020-03-31", "updatedFromDate": "2023-09-29"}, {"date": "2020-04-21", "symbol": "002380.SZ", "eps": 0.05, "epsEstimated": null, "time": "bmo", "revenue": 128064859.86, "revenueEstimated": null, "fiscalDateEnding": "2020-03-30", "updatedFromDate": "2023-05-17"}, {"date": "2020-04-21", "symbol": "BAY.BK", "eps": 0.96, "epsEstimated": 0.6, "time": "bmo", "revenue": 29834552000, "revenueEstimated": null, "fiscalDateEnding": "2020-03-30", "updatedFromDate": "2023-08-16"}, {"date": "2020-04-21", "symbol": "ERIXF", "eps": 0.79, "epsEstimated": 0.71, "time": "bmo", "revenue": null, "revenueEstimated": 8335584.415584415, "fiscalDateEnding": "2020-03-31", "updatedFromDate": "2023-05-17"}, {"date": "2020-04-21", "symbol": "NFLX", "eps": 1.57, "epsEstimated": 1.65, "time": "amc", "revenue": 5767691000, "revenueEstimated": 6061586082.802547, "fiscalDateEnding": "2020-03-30", "updatedFromDate": "2023-09-29"}, {"date": "2020-04-21", "symbol": "ORRF", "eps": 0.41, "epsEstimated": 0.37, "time": "bmo", "revenue": 25336000, "revenueEstimated": 20378956.521739133, "fiscalDateEnding": "2020-03-30", "updatedFromDate": "2023-09-29"}, {"date": "2020-04-21", "symbol": "PCAR", "eps": 0.69, "epsEstimated": 0.8, "time": "bmo", "revenue": 5161700000, "revenueEstimated": 6013631067.961164, "fiscalDateEnding": "2020-03-30", "updatedFromDate": "2023-09-29"}, {"date": "2020-04-21", "symbol": "ALIMP.PA", "eps": null, "epsEstimated": null, "time": "bmo", "revenue": null, "revenueEstimated": null, "fiscalDateEnding": "2020-01-21", "updatedFromDate": "2023-05-17"}, {"date": "2020-04-21", "symbol": "TFII.TO", "eps": 0.83, "epsEstimated": 0.71, "time": "bmo", "revenue": 874687632.209843, "revenueEstimated": null, "fiscalDateEnding": "2020-03-31", "updatedFromDate": "2023-10-16"}, {"date": "2020-04-21", "symbol": "AVNT", "eps": 0.48, "epsEstimated": 0.44, "time": "bmo", "revenue": 711500000, "revenueEstimated": 779422416.6666667, "fiscalDateEnding": "2020-03-30", "updatedFromDate": "2023-09-29"}, {"date": "2020-04-21", "symbol": "000708.SZ", "eps": 0.26, "epsEstimated": null, "time": "bmo", "revenue": 17248477739.35, "revenueEstimated": null, "fiscalDateEnding": "2020-03-30", "updatedFromDate": "2023-05-17"}, {"date": "2020-04-21", "symbol": "GIFOF", "eps": 0.22, "epsEstimated": 0.26, "time": "bmo", "revenue": null, "revenueEstimated": null, "fiscalDateEnding": "2020-03-31", "updatedFromDate": "2023-05-17"}, {"date": "2020-04-21", "symbol": "UCBIO", "eps": 0.41, "epsEstimated": 0.47, "time": "bmo", "revenue": 122229000, "revenueEstimated": 137832702, "fiscalDateEnding": "2020-03-30", "updatedFromDate": "2023-05-17"}, {"date": "2020-04-21", "symbol": "603585.SS", "eps": 0.33, "epsEstimated": null, "time": "bmo", "revenue": 323243357.61, "revenueEstimated": null, "fiscalDateEnding": "2020-03-30", "updatedFromDate": "2023-05-17"}, {"date": "2020-04-21", "symbol": "FHN", "eps": 0.05, "epsEstimated": 0.36, "time": "bmo", "revenue": 465866000, "revenueEstimated": 3438417599.9999995, "fiscalDateEnding": "2020-03-30", "updatedFromDate": "2023-09-29"}, {"date": "2020-04-21", "symbol": "WBS", "eps": 0.39, "epsEstimated": 0.55, "time": "bmo", "revenue": 303686000, "revenueEstimated": 428970384.61538464, "fiscalDateEnding": "2020-03-30", "updatedFromDate": "2023-09-29"}, {"date": "2020-04-21", "symbol": "601003.SS", "eps": 0.06, "epsEstimated": null, "time": "bmo", "revenue": 10687038410.67, "revenueEstimated": null, "fiscalDateEnding": "2020-03-30", "updatedFromDate": "2023-05-17"}, {"date": "2020-04-21", "symbol": "FULT", "eps": 0.16, "epsEstimated": 0.25, "time": "amc", "revenue": 215390000, "revenueEstimated": 336546875, "fiscalDateEnding": "2020-03-30", "updatedFromDate": "2023-09-29"}, {"date": "2020-04-21", "symbol": "AXFOY", "eps": 1.92, "epsEstimated": 1.81, "time": "bmo", "revenue": null, "revenueEstimated": null, "fiscalDateEnding": "2020-03-31", "updatedFromDate": "2023-05-17"}, {"date": "2020-04-21", "symbol": "NTRSO", "eps": 1.55, "epsEstimated": 1.45, "time": "bmo", "revenue": 1394900000, "revenueEstimated": 1298700000, "fiscalDateEnding": "2020-03-30", "updatedFromDate": "2023-05-17"}, {"date": "2020-04-21", "symbol": "PEBO", "eps": -0.02, "epsEstimated": 0.48, "time": "bmo", "revenue": 48595000, "revenueEstimated": 705222000.0000001, "fiscalDateEnding": "2020-03-30", "updatedFromDate": "2023-09-29"}, {"date": "2020-04-21", "symbol": "NIC", "eps": 0.98, "epsEstimated": 1.06, "time": "bmo", "revenue": 40848000, "revenueEstimated": null, "fiscalDateEnding": "2020-03-30", "updatedFromDate": "2023-09-29"}, {"date": "2020-04-21", "symbol": "IVSBF", "eps": null, "epsEstimated": null, "time": "bmo", "revenue": null, "revenueEstimated": null, "fiscalDateEnding": "2020-03-31", "updatedFromDate": "2023-05-17"}, {"date": "2020-04-21", "symbol": "002241.SZ", "eps": 0.09, "epsEstimated": 0.07, "time": "bmo", "revenue": 6474023584.64, "revenueEstimated": null, "fiscalDateEnding": "2020-03-30", "updatedFromDate": "2023-08-16"}, {"date": "2020-04-21", "symbol": "SAP", "eps": 0.85, "epsEstimated": 0.92, "time": "bmo", "revenue": 6521000000, "revenueEstimated": 1331294.117647059, "fiscalDateEnding": "2020-03-31", "updatedFromDate": "2023-09-29"}, {"date": "2020-04-21", "symbol": "BOYJF", "eps": -0.26, "epsEstimated": -0.24, "time": "bmo", "revenue": null, "revenueEstimated": 5535401.538461538, "fiscalDateEnding": "2020-03-31", "updatedFromDate": "2023-05-17"}, {"date": "2020-04-21", "symbol": "TLSNF", "eps": 0.39, "epsEstimated": 0.5, "time": "bmo", "revenue": null, "revenueEstimated": null, "fiscalDateEnding": "2020-03-31", "updatedFromDate": "2023-05-17"}, {"date": "2020-04-21", "symbol": "SYF-PA", "eps": 0.45, "epsEstimated": -0.1, "time": "bmo", "revenue": null, "revenueEstimated": null, "fiscalDateEnding": "2020-03-30", "updatedFromDate": "2023-05-17"}, {"date": "2020-04-21", "symbol": "BIOQ", "eps": 0.81, "epsEstimated": null, "time": "bmo", "revenue": null, "revenueEstimated": null, "fiscalDateEnding": "2020-02-29", "updatedFromDate": "2023-09-29"}, {"date": "2020-04-21", "symbol": "AKZOF", "eps": 0.71, "epsEstimated": 0.72, "time": "bmo", "revenue": null, "revenueEstimated": null, "fiscalDateEnding": "2020-03-31", "updatedFromDate": "2023-05-17"}, {"date": "2020-04-21", "symbol": "MINDP", "eps": -0.12, "epsEstimated": -0.00857, "time": "bmo", "revenue": 13257000, "revenueEstimated": null, "fiscalDateEnding": "2020-01-30", "updatedFromDate": "2023-05-17"}, {"date": "2020-04-21", "symbol": "GCHEF", "eps": 0.56, "epsEstimated": 0.55, "time": "bmo", "revenue": null, "revenueEstimated": 8485714.285714285, "fiscalDateEnding": "2020-03-31", "updatedFromDate": "2023-05-17"}, {"date": "2020-04-21", "symbol": "NMAN.ST", "eps": 0.98, "epsEstimated": 1.29, "time": "bmo", "revenue": 980500000, "revenueEstimated": null, "fiscalDateEnding": "2020-03-30", "updatedFromDate": "2023-05-17"}, {"date": "2020-04-21", "symbol": "KRKKF", "eps": null, "epsEstimated": null, "time": "bmo", "revenue": null, "revenueEstimated": null, "fiscalDateEnding": "2020-03-31", "updatedFromDate": "2023-05-17"}, {"date": "2020-04-21", "symbol": "SVNLF", "eps": 1.99, "epsEstimated": 1.69, "time": "bmo", "revenue": null, "revenueEstimated": null, "fiscalDateEnding": "2020-03-31", "updatedFromDate": "2023-05-17"}, {"date": "2020-04-21", "symbol": "ALVAL.PA", "eps": null, "epsEstimated": null, "time": "bmo", "revenue": null, "revenueEstimated": null, "fiscalDateEnding": "2020-01-21", "updatedFromDate": "2023-05-17"}, {"date": "2020-04-21", "symbol": "002449.SZ", "eps": 0.07, "epsEstimated": null, "time": "bmo", "revenue": 820854304.12, "revenueEstimated": null, "fiscalDateEnding": "2020-06-29", "updatedFromDate": "2023-05-17"}, {"date": "2020-04-21", "symbol": "CIMBT.BK", "eps": 0.00879, "epsEstimated": null, "time": "bmo", "revenue": 3390174640, "revenueEstimated": null, "fiscalDateEnding": "2020-01-21", "updatedFromDate": "2023-05-17"}, {"date": "2020-04-21", "symbol": "000541.SZ", "eps": 0.08499, "epsEstimated": null, "time": "bmo", "revenue": 962526166.47, "revenueEstimated": null, "fiscalDateEnding": "2020-01-21", "updatedFromDate": "2023-05-17"}, {"date": "2020-04-21", "symbol": "FHN-PE", "eps": 0.05, "epsEstimated": 0.36, "time": "bmo", "revenue": 465866000, "revenueEstimated": null, "fiscalDateEnding": "2020-03-30", "updatedFromDate": "2023-05-17"}, {"date": "2020-04-21", "symbol": "CP.TO", "eps": 0.88, "epsEstimated": 0.82, "time": "bmo", "revenue": 2043000000, "revenueEstimated": null, "fiscalDateEnding": "2020-03-30", "updatedFromDate": "2023-05-17"}, {"date": "2020-04-21", "symbol": "603278.SS", "eps": -0.02, "epsEstimated": null, "time": "bmo", "revenue": 522211530.92, "revenueEstimated": null, "fiscalDateEnding": "2020-03-30", "updatedFromDate": "2023-05-17"}, {"date": "2020-04-21", "symbol": "WTFCP", "eps": 1.04, "epsEstimated": 0.74, "time": "bmo", "revenue": 373816000, "revenueEstimated": 42829093.5, "fiscalDateEnding": "2020-03-30", "updatedFromDate": "2023-05-17"}, {"date": "2020-04-21", "symbol": "GRPAF", "eps": -3.68, "epsEstimated": -2.25, "time": "bmo", "revenue": null, "revenueEstimated": null, "fiscalDateEnding": "2020-03-31", "updatedFromDate": "2023-05-17"}, {"date": "2020-04-21", "symbol": "HTLD", "eps": 0.16, "epsEstimated": 0.13, "time": "bmo", "revenue": 166318000, "revenueEstimated": 135133375, "fiscalDateEnding": "2020-03-30", "updatedFromDate": "2023-09-29"}, {"date": "2020-04-21", "symbol": "RIZZO-B.ST", "eps": -0.9161, "epsEstimated": null, "time": "bmo", "revenue": 231400000, "revenueEstimated": null, "fiscalDateEnding": "2020-02-28", "updatedFromDate": "2023-05-17"}, {"date": "2020-04-21", "symbol": "COLZF", "eps": 0.5, "epsEstimated": null, "time": "bmo", "revenue": null, "revenueEstimated": null, "fiscalDateEnding": "2020-03-31", "updatedFromDate": "2023-05-17"}, {"date": "2020-04-21", "symbol": "IDIP.PA", "eps": null, "epsEstimated": null, "time": "bmo", "revenue": null, "revenueEstimated": null, "fiscalDateEnding": "2020-01-21", "updatedFromDate": "2023-05-17"}, {"date": "2020-04-21", "symbol": "BEIJ-B.ST", "eps": 0.35, "epsEstimated": 0.45, "time": "bmo", "revenue": 3478000000, "revenueEstimated": null, "fiscalDateEnding": "2020-03-30", "updatedFromDate": "2023-05-17"}, {"date": "2020-04-21", "symbol": "TEL2-B.ST", "eps": 1.76, "epsEstimated": 1.63, "time": "bmo", "revenue": 6687000000, "revenueEstimated": null, "fiscalDateEnding": "2020-03-30", "updatedFromDate": "2023-05-17"}, {"date": "2020-04-21", "symbol": "Q.MX", "eps": 3.39, "epsEstimated": 2.51, "time": "bmo", "revenue": null, "revenueEstimated": null, "fiscalDateEnding": "2020-03-31", "updatedFromDate": "2023-05-17"}, {"date": "2020-04-21", "symbol": "603708.SS", "eps": 0.29, "epsEstimated": null, "time": "bmo", "revenue": 4918048215.83, "revenueEstimated": null, "fiscalDateEnding": "2020-03-30", "updatedFromDate": "2023-05-17"}, {"date": "2020-04-21", "symbol": "IBKR", "eps": 0.6, "epsEstimated": 0.64, "time": "amc", "revenue": 645000000, "revenueEstimated": 643710144.9275364, "fiscalDateEnding": "2020-03-30", "updatedFromDate": "2023-09-29"}, {"date": "2020-04-21", "symbol": "ALWIT.PA", "eps": null, "epsEstimated": null, "time": "bmo", "revenue": null, "revenueEstimated": null, "fiscalDateEnding": "2020-03-31", "updatedFromDate": "2023-05-17"}, {"date": "2020-04-21", "symbol": "HCSG", "eps": 0.27, "epsEstimated": 0.26, "time": "bmo", "revenue": 449150000, "revenueEstimated": 432514814.8148148, "fiscalDateEnding": "2020-03-30", "updatedFromDate": "2023-09-29"}, {"date": "2020-04-21", "symbol": "002417.SZ", "eps": 0.03, "epsEstimated": null, "time": "bmo", "revenue": 56785415.12, "revenueEstimated": null, "fiscalDateEnding": "2020-03-30", "updatedFromDate": "2023-05-17"}, {"date": "2020-04-21", "symbol": "GNGBF", "eps": 1.41, "epsEstimated": 1.21, "time": "bmo", "revenue": null, "revenueEstimated": 73200709.21985815, "fiscalDateEnding": "2020-03-31", "updatedFromDate": "2023-05-17"}, {"date": "2020-04-21", "symbol": "USNA", "eps": 1.23, "epsEstimated": 0.84, "time": "amc", "revenue": 266619000, "revenueEstimated": 182081268.29268292, "fiscalDateEnding": "2020-03-27", "updatedFromDate": "2023-09-29"}, {"date": "2020-04-21", "symbol": "600116.SS", "eps": 0.02, "epsEstimated": null, "time": "bmo", "revenue": 209569641.59, "revenueEstimated": null, "fiscalDateEnding": "2020-03-30", "updatedFromDate": "2023-05-17"}, {"date": "2020-04-21", "symbol": "DFDS.CO", "eps": 1.36, "epsEstimated": null, "time": "bmo", "revenue": 3814000000, "revenueEstimated": null, "fiscalDateEnding": "2020-03-30", "updatedFromDate": "2023-07-24"}, {"date": "2020-04-21", "symbol": "CLVSF", "eps": 0.85, "epsEstimated": 0.98, "time": "bmo", "revenue": null, "revenueEstimated": null, "fiscalDateEnding": "2020-03-31", "updatedFromDate": "2023-05-17"}, {"date": "2020-04-21", "symbol": "247540.KQ", "eps": 395, "epsEstimated": 267.78, "time": "bmo", "revenue": null, "revenueEstimated": null, "fiscalDateEnding": "2020-03-31", "updatedFromDate": "2023-05-17"}, {"date": "2020-04-21", "symbol": "603496.SS", "eps": -0.12, "epsEstimated": null, "time": "bmo", "revenue": 54429446.84, "revenueEstimated": null, "fiscalDateEnding": "2020-03-30", "updatedFromDate": "2023-05-17"}, {"date": "2020-04-21", "symbol": "REVXF", "eps": 0.08, "epsEstimated": 0.08, "time": "bmo", "revenue": null, "revenueEstimated": null, "fiscalDateEnding": "2020-03-31", "updatedFromDate": "2023-05-17"}, {"date": "2020-04-21", "symbol": "600928.SS", "eps": 0.17, "epsEstimated": null, "time": "bmo", "revenue": 1757833000, "revenueEstimated": null, "fiscalDateEnding": "2020-03-31", "updatedFromDate": "2023-05-17"}, {"date": "2020-04-21", "symbol": "KBANK.BK", "eps": 2.75, "epsEstimated": 3.38, "time": "bmo", "revenue": 35441764000, "revenueEstimated": null, "fiscalDateEnding": "2020-03-30", "updatedFromDate": "2023-05-17"}, {"date": "2020-04-21", "symbol": "BSFFF", "eps": null, "epsEstimated": null, "time": "bmo", "revenue": null, "revenueEstimated": null, "fiscalDateEnding": "2020-03-31", "updatedFromDate": "2023-05-17"}, {"date": "2020-04-21", "symbol": "3627.T", "eps": 30.62, "epsEstimated": null, "time": "bmo", "revenue": 10815726000, "revenueEstimated": null, "fiscalDateEnding": "2020-01-21", "updatedFromDate": "2023-10-17"}, {"date": "2020-04-21", "symbol": "ASMVF", "eps": 0.06, "epsEstimated": -0.06, "time": "bmo", "revenue": null, "revenueEstimated": null, "fiscalDateEnding": "2020-03-31", "updatedFromDate": "2023-05-17"}, {"date": "2020-04-21", "symbol": "MAN", "eps": 0.82, "epsEstimated": 0.73, "time": "bmo", "revenue": 4619100000, "revenueEstimated": 4224786585.365854, "fiscalDateEnding": "2020-03-30", "updatedFromDate": "2023-09-29"}, {"date": "2020-04-21", "symbol": "NOD.OL", "eps": -0.01, "epsEstimated": null, "time": "bmo", "revenue": 88529000, "revenueEstimated": null, "fiscalDateEnding": "2020-01-21", "updatedFromDate": "2023-05-17"}, {"date": "2020-04-21", "symbol": "GPK", "eps": 0.31, "epsEstimated": 0.25, "time": "bmo", "revenue": 1599100000, "revenueEstimated": 1289596774.1935482, "fiscalDateEnding": "2020-03-30", "updatedFromDate": "2023-09-29"}, {"date": "2020-04-21", "symbol": "STERV.HE", "eps": 0.1, "epsEstimated": 0.1, "time": "bmo", "revenue": 2207000000, "revenueEstimated": null, "fiscalDateEnding": "2020-03-30", "updatedFromDate": "2023-05-17"}, {"date": "2020-04-21", "symbol": "HUNGF", "eps": null, "epsEstimated": null, "time": "bmo", "revenue": null, "revenueEstimated": null, "fiscalDateEnding": "2020-03-31", "updatedFromDate": "2023-08-16"}, {"date": "2020-04-21", "symbol": "MBWM", "eps": 0.65, "epsEstimated": 0.47, "time": "bmo", "revenue": 36867000, "revenueEstimated": 26657676.92307692, "fiscalDateEnding": "2020-03-30", "updatedFromDate": "2023-09-29"}, {"date": "2020-04-21", "symbol": "ATAZF", "eps": 0.7, "epsEstimated": 0.66, "time": "bmo", "revenue": null, "revenueEstimated": 3969428.571428572, "fiscalDateEnding": "2020-03-31", "updatedFromDate": "2023-05-17"}, {"date": "2020-04-21", "symbol": "600845.SS", "eps": 0.19, "epsEstimated": null, "time": "bmo", "revenue": 1297929255.89, "revenueEstimated": null, "fiscalDateEnding": "2020-03-30", "updatedFromDate": "2023-08-16"}, {"date": "2020-04-21", "symbol": "FQVTF", "eps": null, "epsEstimated": null, "time": "bmo", "revenue": null, "revenueEstimated": null, "fiscalDateEnding": "2020-03-31", "updatedFromDate": "2023-05-17"}, {"date": "2020-04-21", "symbol": "CMA", "eps": -0.46, "epsEstimated": 0.77, "time": "bmo", "revenue": 750000000, "revenueEstimated": 1548913043.4782608, "fiscalDateEnding": "2020-03-30", "updatedFromDate": "2023-09-29"}, {"date": "2020-04-21", "symbol": "EGL.LS", "eps": null, "epsEstimated": null, "time": "bmo", "revenue": null, "revenueEstimated": null, "fiscalDateEnding": "2020-01-21", "updatedFromDate": "2023-05-17"}, {"date": "2020-04-21", "symbol": "DIM.PA", "eps": 0.87, "epsEstimated": 0.76, "time": "bmo", "revenue": 422100000, "revenueEstimated": null, "fiscalDateEnding": "2020-03-30", "updatedFromDate": "2023-05-17"}, {"date": "2020-04-21", "symbol": "WKRCF", "eps": null, "epsEstimated": null, "time": "bmo", "revenue": null, "revenueEstimated": null, "fiscalDateEnding": "2020-03-31", "updatedFromDate": "2023-05-17"}, {"date": "2020-04-21", "symbol": "STMEF", "eps": 0.21, "epsEstimated": 0.22, "time": "bmo", "revenue": null, "revenueEstimated": null, "fiscalDateEnding": "2020-03-31", "updatedFromDate": "2023-05-17"}, {"date": "2020-04-21", "symbol": "WTFC", "eps": 1.04, "epsEstimated": 0.74, "time": "amc", "revenue": 373824000, "revenueEstimated": 266602788.46153843, "fiscalDateEnding": "2020-03-30", "updatedFromDate": "2023-09-29"}, {"date": "2020-04-21", "symbol": "QUCOF", "eps": 3.39, "epsEstimated": 2.51, "time": "bmo", "revenue": null, "revenueEstimated": 836000294.9852506, "fiscalDateEnding": "2020-03-31", "updatedFromDate": "2023-05-17"}, {"date": "2020-04-21", "symbol": "KGTFF", "eps": 0.44, "epsEstimated": 0.34, "time": "bmo", "revenue": null, "revenueEstimated": null, "fiscalDateEnding": "2020-01-21", "updatedFromDate": "2023-05-17"}, {"date": "2020-04-21", "symbol": "BANF", "eps": 0.68, "epsEstimated": 0.82, "time": "bmo", "revenue": 109218000, "revenueEstimated": 131704058.8235294, "fiscalDateEnding": "2020-03-30", "updatedFromDate": "2023-09-29"}, {"date": "2020-04-22", "symbol": "300558.SZ", "eps": 0.33, "epsEstimated": 0.14, "time": "bmo", "revenue": 647078509.17, "revenueEstimated": null, "fiscalDateEnding": "2020-03-30", "updatedFromDate": "2023-08-16"}, {"date": "2020-04-22", "symbol": "PPRQF", "eps": null, "epsEstimated": null, "time": "amc", "revenue": null, "revenueEstimated": null, "fiscalDateEnding": "2020-03-31", "updatedFromDate": "2023-05-17"}, {"date": "2020-04-22", "symbol": "002557.SZ", "eps": 0.3, "epsEstimated": 0.27, "time": "bmo", "revenue": 1146880534.79, "revenueEstimated": null, "fiscalDateEnding": "2020-03-30", "updatedFromDate": "2023-05-17"}, {"date": "2020-04-22", "symbol": "SHB-B.ST", "eps": 1.99, "epsEstimated": null, "time": "bmo", "revenue": 11144000000, "revenueEstimated": null, "fiscalDateEnding": "2020-03-30", "updatedFromDate": "2023-05-17"}, {"date": "2020-04-22", "symbol": "600298.SS", "eps": 0.37, "epsEstimated": 0.37, "time": "bmo", "revenue": 2050353784.52, "revenueEstimated": null, "fiscalDateEnding": "2020-03-31", "updatedFromDate": "2023-08-17"}, {"date": "2020-04-22", "symbol": "N2IU.SI", "eps": 0.02, "epsEstimated": 0.02, "time": "bmo", "revenue": 116107750, "revenueEstimated": null, "fiscalDateEnding": "2020-01-22", "updatedFromDate": "2023-10-17"}, {"date": "2020-04-22", "symbol": "OBIIF", "eps": 85.12, "epsEstimated": 88.77, "time": "bmo", "revenue": null, "revenueEstimated": 31182131.109022554, "fiscalDateEnding": "2020-09-30", "updatedFromDate": "2023-09-29"}, {"date": "2020-04-22", "symbol": "603232.SS", "eps": -0.13, "epsEstimated": null, "time": "bmo", "revenue": 50167175.37, "revenueEstimated": null, "fiscalDateEnding": "2020-03-30", "updatedFromDate": "2023-05-17"}, {"date": "2020-04-22", "symbol": "002391.SZ", "eps": 0.08, "epsEstimated": null, "time": "bmo", "revenue": 605776294.77, "revenueEstimated": null, "fiscalDateEnding": "2020-03-30", "updatedFromDate": "2023-05-17"}, {"date": "2020-04-22", "symbol": "ALPHA.PA", "eps": null, "epsEstimated": null, "time": "bmo", "revenue": null, "revenueEstimated": null, "fiscalDateEnding": "2020-01-22", "updatedFromDate": "2023-05-17"}, {"date": "2020-04-22", "symbol": "ESRT", "eps": 0.02, "epsEstimated": 0.01, "time": "amc", "revenue": 170224000, "revenueEstimated": 85112000, "fiscalDateEnding": "2020-03-30", "updatedFromDate": "2023-09-29"}, {"date": "2020-04-22", "symbol": "BKIMF", "eps": 0.14, "epsEstimated": 0.09, "time": "bmo", "revenue": null, "revenueEstimated": null, "fiscalDateEnding": "2020-03-31", "updatedFromDate": "2023-05-17"}, {"date": "2020-04-22", "symbol": "CTBI", "eps": 0.37, "epsEstimated": 0.59, "time": "bmo", "revenue": 47765000, "revenueEstimated": 76165810.8108108, "fiscalDateEnding": "2020-03-30", "updatedFromDate": "2023-09-29"}, {"date": "2020-04-22", "symbol": "WBBW", "eps": 0.56, "epsEstimated": null, "time": "amc", "revenue": 8324000, "revenueEstimated": null, "fiscalDateEnding": "2020-01-22", "updatedFromDate": "2023-09-29"}, {"date": "2020-04-22", "symbol": "ICLR", "eps": 1.7, "epsEstimated": 1.68, "time": "amc", "revenue": 715102000, "revenueEstimated": 706689035.2941177, "fiscalDateEnding": "2020-03-31", "updatedFromDate": "2023-09-29"}, {"date": "2020-04-22", "symbol": "CYAGF", "eps": 0.08, "epsEstimated": 28.77, "time": "bmo", "revenue": 478566000000, "revenueEstimated": null, "fiscalDateEnding": "2020-03-31", "updatedFromDate": "2023-09-29"}, {"date": "2020-04-22", "symbol": "UVSP", "eps": 0.03, "epsEstimated": 0.41, "time": "amc", "revenue": 60852000, "revenueEstimated": 831644000.0000001, "fiscalDateEnding": "2020-03-30", "updatedFromDate": "2023-09-29"}, {"date": "2020-04-22", "symbol": "UNLYF", "eps": null, "epsEstimated": null, "time": "bmo", "revenue": null, "revenueEstimated": null, "fiscalDateEnding": "2020-03-31", "updatedFromDate": "2023-05-17"}, {"date": "2020-04-22", "symbol": "7739.T", "eps": 30.12, "epsEstimated": null, "time": "bmo", "revenue": 18985000000, "revenueEstimated": null, "fiscalDateEnding": "2020-03-30", "updatedFromDate": "2023-05-17"}, {"date": "2020-04-22", "symbol": "AKZA.AS", "eps": 0.71, "epsEstimated": 0.62, "time": "bmo", "revenue": 2058000000, "revenueEstimated": null, "fiscalDateEnding": "2020-03-30", "updatedFromDate": "2023-05-17"}, {"date": "2020-04-22", "symbol": "USAP", "eps": -0.16, "epsEstimated": -0.06, "time": "bmo", "revenue": 58494000, "revenueEstimated": 21935250, "fiscalDateEnding": "2020-03-30", "updatedFromDate": "2023-09-29"}, {"date": "2020-04-22", "symbol": "ALPEKA.MX", "eps": -0.21, "epsEstimated": -0.07, "time": "bmo", "revenue": 28522000000, "revenueEstimated": null, "fiscalDateEnding": "2020-03-30", "updatedFromDate": "2023-05-17"}, {"date": "2020-04-22", "symbol": "KNEBV.HE", "eps": 0.29, "epsEstimated": 0.29, "time": "bmo", "revenue": 2198300000, "revenueEstimated": null, "fiscalDateEnding": "2020-03-31", "updatedFromDate": "2023-05-17"}, {"date": "2020-04-22", "symbol": "LYS.PA", "eps": null, "epsEstimated": null, "time": "bmo", "revenue": null, "revenueEstimated": null, "fiscalDateEnding": "2020-01-22", "updatedFromDate": "2023-05-17"}, {"date": "2020-04-22", "symbol": "HKHHF", "eps": null, "epsEstimated": null, "time": "bmo", "revenue": null, "revenueEstimated": null, "fiscalDateEnding": "2020-03-31", "updatedFromDate": "2023-05-17"}, {"date": "2020-04-22", "symbol": "603688.SS", "eps": 0.09, "epsEstimated": null, "time": "bmo", "revenue": 139426553.92, "revenueEstimated": null, "fiscalDateEnding": "2020-03-30", "updatedFromDate": "2023-05-17"}, {"date": "2020-04-22", "symbol": "OSBC", "eps": 0.25, "epsEstimated": 0.22, "time": "bmo", "revenue": 28448000, "revenueEstimated": 637560000, "fiscalDateEnding": "2020-03-30", "updatedFromDate": "2023-09-29"}, {"date": "2020-04-22", "symbol": "XLNX", "eps": 0.75, "epsEstimated": 0.69, "time": "amc", "revenue": 756169000, "revenueEstimated": 695675480, "fiscalDateEnding": "2020-03-27", "updatedFromDate": "2023-05-17"}, {"date": "2020-04-22", "symbol": "SCHN.SW", "eps": 1.08, "epsEstimated": null, "time": "bmo", "revenue": 2447000000, "revenueEstimated": null, "fiscalDateEnding": "2020-03-30", "updatedFromDate": "2023-05-17"}, {"date": "2020-04-22", "symbol": "600050.SS", "eps": 0.05, "epsEstimated": 0.06, "time": "bmo", "revenue": 73823878391, "revenueEstimated": null, "fiscalDateEnding": "2020-03-31", "updatedFromDate": "2023-08-25"}, {"date": "2020-04-22", "symbol": "FEVR.L", "eps": null, "epsEstimated": null, "time": "bmo", "revenue": null, "revenueEstimated": null, "fiscalDateEnding": "2020-01-22", "updatedFromDate": "2023-05-17"}, {"date": "2020-04-22", "symbol": "SISAF", "eps": null, "epsEstimated": null, "time": "bmo", "revenue": null, "revenueEstimated": null, "fiscalDateEnding": "2020-03-31", "updatedFromDate": "2023-05-17"}, {"date": "2020-04-22", "symbol": "STX", "eps": 1.38, "epsEstimated": 1.29, "time": "amc", "revenue": 2517000000, "revenueEstimated": 2560434782.608696, "fiscalDateEnding": "2020-01-22", "updatedFromDate": "2023-09-29"}, {"date": "2020-04-22", "symbol": "002427.SZ", "eps": -0.18, "epsEstimated": null, "time": "bmo", "revenue": 623523144.74, "revenueEstimated": null, "fiscalDateEnding": "2020-03-30", "updatedFromDate": "2023-05-17"}, {"date": "2020-04-22", "symbol": "0522.HK", "eps": 0.06, "epsEstimated": -0.06, "time": "bmo", "revenue": null, "revenueEstimated": null, "fiscalDateEnding": "2020-01-22", "updatedFromDate": "2023-05-17"}, {"date": "2020-04-22", "symbol": "TAVHL.IS", "eps": -0.16, "epsEstimated": null, "time": "bmo", "revenue": 118476000, "revenueEstimated": null, "fiscalDateEnding": "2020-03-31", "updatedFromDate": "2023-05-17"}, {"date": "2020-04-22", "symbol": "MPCMF", "eps": 0.02, "epsEstimated": 0.02, "time": "bmo", "revenue": null, "revenueEstimated": 20777000000, "fiscalDateEnding": "2020-09-30", "updatedFromDate": "2023-05-17"}, {"date": "2020-04-22", "symbol": "EPOKF", "eps": 1.18, "epsEstimated": 1.1, "time": "bmo", "revenue": null, "revenueEstimated": null, "fiscalDateEnding": "2020-03-31", "updatedFromDate": "2023-05-17"}, {"date": "2020-04-22", "symbol": "ALLEC.PA", "eps": null, "epsEstimated": null, "time": "bmo", "revenue": null, "revenueEstimated": null, "fiscalDateEnding": "2020-01-22", "updatedFromDate": "2023-05-17"}, {"date": "2020-04-22", "symbol": "LABB.MX", "eps": 0.37, "epsEstimated": 0.32, "time": "bmo", "revenue": null, "revenueEstimated": null, "fiscalDateEnding": "2020-03-31", "updatedFromDate": "2023-05-17"}, {"date": "2020-04-22", "symbol": "0762.HK", "eps": 0.1, "epsEstimated": null, "time": "amc", "revenue": 303838000000, "revenueEstimated": null, "fiscalDateEnding": "2020-01-22", "updatedFromDate": "2023-05-17"}, {"date": "2020-04-22", "symbol": "TLSNY", "eps": 0.07, "epsEstimated": null, "time": "bmo", "revenue": 22427000000, "revenueEstimated": null, "fiscalDateEnding": "2020-03-31", "updatedFromDate": "2023-09-29"}, {"date": "2020-04-22", "symbol": "SLMBP", "eps": 0.79, "epsEstimated": 0.83, "time": "bmo", "revenue": 692210000, "revenueEstimated": 251032974.68354425, "fiscalDateEnding": "2020-03-30", "updatedFromDate": "2023-05-17"}, {"date": "2020-04-22", "symbol": "CREAL.MX", "eps": 0.78, "epsEstimated": 1.45, "time": "bmo", "revenue": null, "revenueEstimated": null, "fiscalDateEnding": "2020-03-31", "updatedFromDate": "2023-08-17"}, {"date": "2020-04-22", "symbol": "203450.KQ", "eps": 69, "epsEstimated": null, "time": "bmo", "revenue": null, "revenueEstimated": null, "fiscalDateEnding": "2020-03-31", "updatedFromDate": "2023-05-17"}, {"date": "2020-04-22", "symbol": "TCBI", "eps": -0.11, "epsEstimated": 0.94, "time": "amc", "revenue": 223745000, "revenueEstimated": 625521078.9473685, "fiscalDateEnding": "2020-03-30", "updatedFromDate": "2023-09-29"}, {"date": "2020-04-22", "symbol": "PNEXF", "eps": null, "epsEstimated": null, "time": "bmo", "revenue": null, "revenueEstimated": null, "fiscalDateEnding": "2020-03-31", "updatedFromDate": "2023-05-17"}, {"date": "2020-04-22", "symbol": "LRCX", "eps": 3.98, "epsEstimated": 3.98, "time": "amc", "revenue": 2503625000, "revenueEstimated": 2503625000, "fiscalDateEnding": "2020-03-28", "updatedFromDate": "2023-09-29"}, {"date": "2020-04-22", "symbol": "FBBPF", "eps": -0.48, "epsEstimated": 0.93, "time": "bmo", "revenue": null, "revenueEstimated": null, "fiscalDateEnding": "2020-03-31", "updatedFromDate": "2023-05-17"}, {"date": "2020-04-22", "symbol": "NEP", "eps": -3.39, "epsEstimated": 0.28, "time": "bmo", "revenue": 212000000, "revenueEstimated": 12507374.631268425, "fiscalDateEnding": "2020-03-30", "updatedFromDate": "2023-09-29"}, {"date": "2020-04-22", "symbol": "300740.SZ", "eps": 0.01, "epsEstimated": null, "time": "bmo", "revenue": null, "revenueEstimated": null, "fiscalDateEnding": "2020-03-31", "updatedFromDate": "2023-05-17"}, {"date": "2020-04-22", "symbol": "STMMI.MI", "eps": 0.21, "epsEstimated": 0.24, "time": "bmo", "revenue": null, "revenueEstimated": null, "fiscalDateEnding": "2020-03-31", "updatedFromDate": "2023-06-27"}, {"date": "2020-04-22", "symbol": "HMNKF", "eps": 1.01, "epsEstimated": 0.59, "time": "bmo", "revenue": null, "revenueEstimated": null, "fiscalDateEnding": "2020-03-31", "updatedFromDate": "2023-05-17"}, {"date": "2020-04-22", "symbol": "WWLNF", "eps": null, "epsEstimated": 0.96, "time": "bmo", "revenue": null, "revenueEstimated": null, "fiscalDateEnding": "2020-03-31", "updatedFromDate": "2023-05-17"}, {"date": "2020-04-22", "symbol": "CNS", "eps": 0.61, "epsEstimated": 0.66, "time": "amc", "revenue": 105830000, "revenueEstimated": 111034754.09836066, "fiscalDateEnding": "2020-03-30", "updatedFromDate": "2023-09-29"}, {"date": "2020-04-22", "symbol": "002677.SZ", "eps": 0.03, "epsEstimated": null, "time": "bmo", "revenue": 534276914.74, "revenueEstimated": null, "fiscalDateEnding": "2020-01-22", "updatedFromDate": "2023-05-17"}, {"date": "2020-04-22", "symbol": "028260.KS", "eps": 1955, "epsEstimated": 1520.19, "time": "bmo", "revenue": 7223349749290, "revenueEstimated": null, "fiscalDateEnding": "2020-01-22", "updatedFromDate": "2023-05-17"}, {"date": "2020-04-22", "symbol": "KMI", "eps": 0.24, "epsEstimated": 0.24, "time": "amc", "revenue": 3106000000, "revenueEstimated": 3494250000, "fiscalDateEnding": "2020-03-30", "updatedFromDate": "2023-09-29"}, {"date": "2020-04-22", "symbol": "MMLP", "eps": 0.22, "epsEstimated": 0.09, "time": "amc", "revenue": 198883000, "revenueEstimated": 151457053.5, "fiscalDateEnding": "2020-03-30", "updatedFromDate": "2023-09-29"}, {"date": "2020-04-22", "symbol": "UPMKF", "eps": 0.36, "epsEstimated": 0.35, "time": "bmo", "revenue": null, "revenueEstimated": null, "fiscalDateEnding": "2020-03-31", "updatedFromDate": "2023-05-17"}, {"date": "2020-04-22", "symbol": "CEGHF", "eps": null, "epsEstimated": null, "time": "bmo", "revenue": null, "revenueEstimated": null, "fiscalDateEnding": "2020-06-30", "updatedFromDate": "2023-05-17"}, {"date": "2020-04-22", "symbol": "STM", "eps": 0.22, "epsEstimated": 0.23, "time": "bmo", "revenue": 2231000000, "revenueEstimated": 2425000000, "fiscalDateEnding": "2020-03-31", "updatedFromDate": "2023-09-29"}, {"date": "2020-04-22", "symbol": "LSTR", "eps": 1.04, "epsEstimated": 1.1, "time": "amc", "revenue": 927566000, "revenueEstimated": 982313750, "fiscalDateEnding": "2020-03-27", "updatedFromDate": "2023-09-29"}, {"date": "2020-04-22", "symbol": "ENE.WA", "eps": -0.38469, "epsEstimated": null, "time": "bmo", "revenue": 107668000, "revenueEstimated": null, "fiscalDateEnding": "2020-03-30", "updatedFromDate": "2023-05-17"}, {"date": "2020-04-22", "symbol": "ALTA", "eps": 0.57, "epsEstimated": 0.47, "time": "amc", "revenue": 30961000, "revenueEstimated": 8798070.175438596, "fiscalDateEnding": "2020-03-30", "updatedFromDate": "2023-05-17"}, {"date": "2020-04-22", "symbol": "BAUFF", "eps": null, "epsEstimated": null, "time": "bmo", "revenue": null, "revenueEstimated": null, "fiscalDateEnding": "2020-03-31", "updatedFromDate": "2023-09-29"}, {"date": "2020-04-22", "symbol": "ALEMG.PA", "eps": null, "epsEstimated": null, "time": "bmo", "revenue": null, "revenueEstimated": null, "fiscalDateEnding": "2020-03-31", "updatedFromDate": "2023-10-16"}, {"date": "2020-04-22", "symbol": "603228.SS", "eps": 0.26, "epsEstimated": null, "time": "bmo", "revenue": 1438602551.78, "revenueEstimated": null, "fiscalDateEnding": "2020-03-30", "updatedFromDate": "2023-05-17"}, {"date": "2020-04-22", "symbol": "STMPA.PA", "eps": 0.21, "epsEstimated": 0.21, "time": "bmo", "revenue": null, "revenueEstimated": null, "fiscalDateEnding": "2020-03-31", "updatedFromDate": "2023-07-05"}, {"date": "2020-04-22", "symbol": "603339.SS", "eps": 0.07, "epsEstimated": null, "time": "bmo", "revenue": 207871245.32, "revenueEstimated": null, "fiscalDateEnding": "2020-03-30", "updatedFromDate": "2023-05-17"}, {"date": "2020-04-22", "symbol": "AA", "eps": -0.23, "epsEstimated": -0.29, "time": "amc", "revenue": 2381000000, "revenueEstimated": 2484521739.1304345, "fiscalDateEnding": "2020-03-30", "updatedFromDate": "2023-09-29"}, {"date": "2020-04-22", "symbol": "C2PU.SI", "eps": null, "epsEstimated": null, "time": "bmo", "revenue": null, "revenueEstimated": null, "fiscalDateEnding": "2020-03-31", "updatedFromDate": "2023-05-17"}, {"date": "2020-04-22", "symbol": "CETV", "eps": 0.03389, "epsEstimated": null, "time": "bmo", "revenue": 143816000, "revenueEstimated": null, "fiscalDateEnding": "2020-03-30", "updatedFromDate": "2023-05-17"}, {"date": "2020-04-22", "symbol": "GPAGF", "eps": 1.38, "epsEstimated": 2.81, "time": "bmo", "revenue": null, "revenueEstimated": 1299115.9420289856, "fiscalDateEnding": "2020-03-31", "updatedFromDate": "2023-05-17"}, {"date": "2020-04-22", "symbol": "SKUFF", "eps": 2.74, "epsEstimated": 2.65, "time": "bmo", "revenue": null, "revenueEstimated": 47390510.9489051, "fiscalDateEnding": "2020-03-31", "updatedFromDate": "2023-05-17"}, {"date": "2020-04-22", "symbol": "CAJ", "eps": 0.19, "epsEstimated": 0.17, "time": "bmo", "revenue": 782312000000, "revenueEstimated": 690275294117, "fiscalDateEnding": "2020-03-30", "updatedFromDate": "2023-05-17"}, {"date": "2020-04-22", "symbol": "AGNCO", "eps": -4.62023, "epsEstimated": null, "time": "bmo", "revenue": -2398000000, "revenueEstimated": null, "fiscalDateEnding": "2020-03-30", "updatedFromDate": "2023-05-17"}, {"date": "2020-04-22", "symbol": "CSX", "eps": 0.33, "epsEstimated": 0.31, "time": "amc", "revenue": 2855000000, "revenueEstimated": 2683700000, "fiscalDateEnding": "2020-03-30", "updatedFromDate": "2023-09-29"}, {"date": "2020-04-22", "symbol": "DFS", "eps": -0.25, "epsEstimated": 1.36, "time": "amc", "revenue": 2888000000, "revenueEstimated": 9010560000, "fiscalDateEnding": "2020-03-30", "updatedFromDate": "2023-09-29"}, {"date": "2020-04-22", "symbol": "CAJFF", "eps": 20.69, "epsEstimated": 16.04, "time": "bmo", "revenue": null, "revenueEstimated": null, "fiscalDateEnding": "2020-03-31", "updatedFromDate": "2023-05-17"}, {"date": "2020-04-22", "symbol": "UMPQ", "eps": -0.13, "epsEstimated": 0.26, "time": "amc", "revenue": 259180000, "revenueEstimated": 518360000, "fiscalDateEnding": "2020-03-30", "updatedFromDate": "2023-05-17"}, {"date": "2020-04-22", "symbol": "300738.SZ", "eps": 0.18, "epsEstimated": null, "time": "bmo", "revenue": null, "revenueEstimated": null, "fiscalDateEnding": "2020-03-31", "updatedFromDate": "2023-05-17"}, {"date": "2020-04-22", "symbol": "KNYJF", "eps": 0.29, "epsEstimated": 0.3, "time": "bmo", "revenue": null, "revenueEstimated": null, "fiscalDateEnding": "2020-03-31", "updatedFromDate": "2023-05-17"}, {"date": "2020-04-22", "symbol": "CVBF", "eps": 0.27, "epsEstimated": 0.31, "time": "amc", "revenue": 113946000, "revenueEstimated": 130826888.88888888, "fiscalDateEnding": "2020-03-30", "updatedFromDate": "2023-09-29"}, {"date": "2020-04-22", "symbol": "ELME", "eps": 0.02, "epsEstimated": -0.09, "time": "amc", "revenue": 76792000, "revenueEstimated": 345564000, "fiscalDateEnding": "2020-03-31", "updatedFromDate": "2023-09-29"}, {"date": "2020-04-22", "symbol": "GGG", "eps": 0.38, "epsEstimated": 0.44, "time": "amc", "revenue": 373567000, "revenueEstimated": 432551263.15789473, "fiscalDateEnding": "2020-03-26", "updatedFromDate": "2023-09-29"}, {"date": "2020-04-22", "symbol": "4751.T", "eps": 6.55, "epsEstimated": 7.19, "time": "bmo", "revenue": 129172000000, "revenueEstimated": null, "fiscalDateEnding": "2020-03-30", "updatedFromDate": "2023-05-17"}, {"date": "2020-04-22", "symbol": "CLB", "eps": 0.31, "epsEstimated": 0.34, "time": "amc", "revenue": 152400000, "revenueEstimated": 167148387.09677422, "fiscalDateEnding": "2020-03-30", "updatedFromDate": "2023-09-29"}, {"date": "2020-04-22", "symbol": "6058.T", "eps": -9.86, "epsEstimated": null, "time": "bmo", "revenue": 9867169000, "revenueEstimated": null, "fiscalDateEnding": "2020-01-22", "updatedFromDate": "2023-10-17"}, {"date": "2020-04-22", "symbol": "MICLF", "eps": 0.4, "epsEstimated": 0.47, "time": "bmo", "revenue": null, "revenueEstimated": 11497500.000000004, "fiscalDateEnding": "2020-03-31", "updatedFromDate": "2023-05-17"}, {"date": "2020-04-22", "symbol": "DISPF", "eps": 230.22, "epsEstimated": 133.83, "time": "bmo", "revenue": 182857000000, "revenueEstimated": 23717591.868647385, "fiscalDateEnding": "2020-01-22", "updatedFromDate": "2023-10-16"}, {"date": "2020-04-22", "symbol": "BICEF", "eps": null, "epsEstimated": null, "time": "bmo", "revenue": null, "revenueEstimated": null, "fiscalDateEnding": "2020-03-31", "updatedFromDate": "2023-05-17"}, {"date": "2020-04-22", "symbol": "AUB.PA", "eps": null, "epsEstimated": null, "time": "bmo", "revenue": null, "revenueEstimated": null, "fiscalDateEnding": "2020-01-22", "updatedFromDate": "2023-05-17"}, {"date": "2020-04-22", "symbol": "NWE", "eps": 1.06, "epsEstimated": 1.23, "time": "amc", "revenue": 335255000, "revenueEstimated": 412363650, "fiscalDateEnding": "2020-03-30", "updatedFromDate": "2023-09-29"}, {"date": "2020-04-22", "symbol": "NTABF", "eps": 0.34, "epsEstimated": 0.36, "time": "bmo", "revenue": null, "revenueEstimated": 6501176.470588234, "fiscalDateEnding": "2020-03-31", "updatedFromDate": "2023-05-17"}, {"date": "2020-04-22", "symbol": "002360.SZ", "eps": 0.0038, "epsEstimated": null, "time": "bmo", "revenue": 80618557.66, "revenueEstimated": null, "fiscalDateEnding": "2020-03-30", "updatedFromDate": "2023-05-17"}, {"date": "2020-04-22", "symbol": "DAL", "eps": -0.51, "epsEstimated": -0.72, "time": "bmo", "revenue": 8592000000, "revenueEstimated": 11792941176.470589, "fiscalDateEnding": "2020-03-30", "updatedFromDate": "2023-09-29"}, {"date": "2020-04-22", "symbol": "LYSGF", "eps": null, "epsEstimated": null, "time": "bmo", "revenue": null, "revenueEstimated": null, "fiscalDateEnding": "2020-03-31", "updatedFromDate": "2023-05-17"}, {"date": "2020-04-22", "symbol": "PLXS", "eps": 0.61, "epsEstimated": 0.54, "time": "amc", "revenue": 767364000, "revenueEstimated": 704465311.47541, "fiscalDateEnding": "2020-04-03", "updatedFromDate": "2023-09-29"}, {"date": "2020-04-22", "symbol": "QIMD.QA", "eps": null, "epsEstimated": null, "time": "bmo", "revenue": null, "revenueEstimated": null, "fiscalDateEnding": "2020-03-31", "updatedFromDate": "2023-05-17"}, {"date": "2020-04-22", "symbol": "SCHP.SW", "eps": 1.56, "epsEstimated": 1.14, "time": "bmo", "revenue": 2447000000, "revenueEstimated": null, "fiscalDateEnding": "2020-03-30", "updatedFromDate": "2023-05-17"}, {"date": "2020-04-22", "symbol": "KNYJY", "eps": 0.16, "epsEstimated": null, "time": "bmo", "revenue": 2198300000, "revenueEstimated": null, "fiscalDateEnding": "2020-03-31", "updatedFromDate": "2023-09-29"}, {"date": "2020-04-22", "symbol": "PFBX", "eps": 0.23, "epsEstimated": null, "time": "bmo", "revenue": 6662000, "revenueEstimated": null, "fiscalDateEnding": "2020-03-30", "updatedFromDate": "2023-09-29"}, {"date": "2020-04-22", "symbol": "MMNNF", "eps": 0.31, "epsEstimated": 0.39, "time": "bmo", "revenue": null, "revenueEstimated": null, "fiscalDateEnding": "2020-03-31", "updatedFromDate": "2023-05-17"}, {"date": "2020-04-22", "symbol": "FREY.PA", "eps": null, "epsEstimated": null, "time": "bmo", "revenue": null, "revenueEstimated": null, "fiscalDateEnding": "2020-01-22", "updatedFromDate": "2023-05-17"}, {"date": "2020-04-22", "symbol": "ECHO", "eps": 0.19, "epsEstimated": 0.2, "time": "amc", "revenue": 551049000, "revenueEstimated": 580051578.9473684, "fiscalDateEnding": "2020-03-30", "updatedFromDate": "2023-05-17"}, {"date": "2020-04-22", "symbol": "NEE", "eps": 0.6, "epsEstimated": 0.55, "time": "bmo", "revenue": 4613000000, "revenueEstimated": 4305466666.666667, "fiscalDateEnding": "2020-03-30", "updatedFromDate": "2023-09-29"}, {"date": "2020-04-22", "symbol": "GLKBN.SW", "eps": 0.653, "epsEstimated": null, "time": "bmo", "revenue": 21054000, "revenueEstimated": null, "fiscalDateEnding": "2020-01-22", "updatedFromDate": "2023-05-17"}, {"date": "2020-04-22", "symbol": "603040.SS", "eps": 0.2, "epsEstimated": null, "time": "bmo", "revenue": 63510914.61, "revenueEstimated": null, "fiscalDateEnding": "2020-03-30", "updatedFromDate": "2023-05-17"}, {"date": "2020-04-22", "symbol": "SAPMF", "eps": 0.38, "epsEstimated": 0.95, "time": "bmo", "revenue": null, "revenueEstimated": 2460000, "fiscalDateEnding": "2020-01-22", "updatedFromDate": "2023-08-25"}, {"date": "2020-04-22", "symbol": "SCZC", "eps": 0.51, "epsEstimated": null, "time": "bmo", "revenue": 12063000, "revenueEstimated": null, "fiscalDateEnding": "2020-03-31", "updatedFromDate": "2023-09-29"}, {"date": "2020-04-22", "symbol": "INVE-B.ST", "eps": -15.16, "epsEstimated": null, "time": "bmo", "revenue": -37324000000, "revenueEstimated": null, "fiscalDateEnding": "2020-03-30", "updatedFromDate": "2023-05-17"}, {"date": "2020-04-22", "symbol": "MLP", "eps": -0.06, "epsEstimated": null, "time": "bmo", "revenue": 2035000, "revenueEstimated": null, "fiscalDateEnding": "2020-03-30", "updatedFromDate": "2023-09-29"}, {"date": "2020-04-22", "symbol": "REG1V.HE", "eps": 0.08, "epsEstimated": 0.08, "time": "bmo", "revenue": 11900000, "revenueEstimated": null, "fiscalDateEnding": "2020-03-30", "updatedFromDate": "2023-05-17"}, {"date": "2020-04-22", "symbol": "688396.SS", "eps": 0.09, "epsEstimated": null, "time": "bmo", "revenue": 1382423958.02, "revenueEstimated": null, "fiscalDateEnding": "2020-03-30", "updatedFromDate": "2023-05-17"}, {"date": "2020-04-22", "symbol": "GNMLF", "eps": 0.37, "epsEstimated": 0.32, "time": "bmo", "revenue": null, "revenueEstimated": null, "fiscalDateEnding": "2020-03-31", "updatedFromDate": "2023-05-17"}, {"date": "2020-04-22", "symbol": "SLG-PI", "eps": 1.47, "epsEstimated": 0.71, "time": "bmo", "revenue": 314303000, "revenueEstimated": null, "fiscalDateEnding": "2020-03-30", "updatedFromDate": "2023-05-17"}, {"date": "2020-04-22", "symbol": "QTGPF", "eps": 0.06, "epsEstimated": 0.03, "time": "bmo", "revenue": null, "revenueEstimated": null, "fiscalDateEnding": "2020-03-31", "updatedFromDate": "2023-05-17"}, {"date": "2020-04-22", "symbol": "DGX", "eps": 0.94, "epsEstimated": 0.89, "time": "bmo", "revenue": 1822000000, "revenueEstimated": 1725085106.382979, "fiscalDateEnding": "2020-03-30", "updatedFromDate": "2023-09-29"}, {"date": "2020-04-22", "symbol": "300041.SZ", "eps": 0.14, "epsEstimated": null, "time": "bmo", "revenue": null, "revenueEstimated": null, "fiscalDateEnding": "2020-03-31", "updatedFromDate": "2023-05-31"}, {"date": "2020-04-22", "symbol": "IENVF", "eps": 0.03, "epsEstimated": 0.07, "time": "bmo", "revenue": null, "revenueEstimated": null, "fiscalDateEnding": "2020-03-31", "updatedFromDate": "2023-05-17"}, {"date": "2020-04-22", "symbol": "ERIC", "eps": 0.08, "epsEstimated": 0.08, "time": "bmo", "revenue": 49750000000, "revenueEstimated": 49750000000, "fiscalDateEnding": "2020-03-31", "updatedFromDate": "2023-09-29"}, {"date": "2020-04-22", "symbol": "SWDBF", "eps": 2.06, "epsEstimated": 2.01, "time": "bmo", "revenue": null, "revenueEstimated": null, "fiscalDateEnding": "2020-03-31", "updatedFromDate": "2023-05-17"}, {"date": "2020-04-22", "symbol": "603060.SS", "eps": -0.06, "epsEstimated": null, "time": "bmo", "revenue": 174771304.58, "revenueEstimated": null, "fiscalDateEnding": "2020-03-30", "updatedFromDate": "2023-08-16"}, {"date": "2020-04-22", "symbol": "0839.HK", "eps": null, "epsEstimated": null, "time": "bmo", "revenue": null, "revenueEstimated": null, "fiscalDateEnding": "2020-06-30", "updatedFromDate": "2023-10-16"}, {"date": "2020-04-22", "symbol": "002312.SZ", "eps": 0.01, "epsEstimated": null, "time": "bmo", "revenue": 1208599520.31, "revenueEstimated": null, "fiscalDateEnding": "2020-03-30", "updatedFromDate": "2023-05-17"}, {"date": "2020-04-22", "symbol": "002778.SZ", "eps": -0.04, "epsEstimated": null, "time": "bmo", "revenue": 121034021.35, "revenueEstimated": null, "fiscalDateEnding": "2020-03-30", "updatedFromDate": "2023-05-17"}, {"date": "2020-04-22", "symbol": "RANJY", "eps": 0.32, "epsEstimated": null, "time": "bmo", "revenue": 5414000000, "revenueEstimated": null, "fiscalDateEnding": "2020-03-31", "updatedFromDate": "2023-09-29"}, {"date": "2020-04-22", "symbol": "YRAIF", "eps": 0.39, "epsEstimated": 0.44, "time": "bmo", "revenue": null, "revenueEstimated": null, "fiscalDateEnding": "2020-03-31", "updatedFromDate": "2023-05-17"}, {"date": "2020-04-22", "symbol": "BFC", "eps": 1.02, "epsEstimated": 1.04, "time": "bmo", "revenue": 19776000, "revenueEstimated": 22981960.784313723, "fiscalDateEnding": "2020-03-30", "updatedFromDate": "2023-09-29"}, {"date": "2020-04-22", "symbol": "ELISA.HE", "eps": 0.49, "epsEstimated": 0.51, "time": "bmo", "revenue": 468100000, "revenueEstimated": null, "fiscalDateEnding": "2020-03-30", "updatedFromDate": "2023-05-17"}, {"date": "2020-04-22", "symbol": "CFX.TO", "eps": -0.01, "epsEstimated": -0.15, "time": "bmo", "revenue": 275600000, "revenueEstimated": null, "fiscalDateEnding": "2020-03-30", "updatedFromDate": "2023-05-17"}, {"date": "2020-04-22", "symbol": "EPI-A.ST", "eps": 1.18, "epsEstimated": 1.1, "time": "bmo", "revenue": 9134000000, "revenueEstimated": null, "fiscalDateEnding": "2020-03-30", "updatedFromDate": "2023-05-17"}, {"date": "2020-04-22", "symbol": "603077.SS", "eps": -0.004, "epsEstimated": null, "time": "bmo", "revenue": 1023460408.77, "revenueEstimated": null, "fiscalDateEnding": "2020-03-30", "updatedFromDate": "2023-05-17"}, {"date": "2020-04-22", "symbol": "002135.SZ", "eps": 0.1, "epsEstimated": null, "time": "bmo", "revenue": 2295553719.27, "revenueEstimated": null, "fiscalDateEnding": "2020-01-22", "updatedFromDate": "2023-05-17"}, {"date": "2020-04-22", "symbol": "RAND.AS", "eps": 0.58, "epsEstimated": 0.28, "time": "bmo", "revenue": 5414000000, "revenueEstimated": null, "fiscalDateEnding": "2020-03-30", "updatedFromDate": "2023-05-17"}, {"date": "2020-04-22", "symbol": "RCI", "eps": 0.53, "epsEstimated": 0.58, "time": "bmo", "revenue": 3416000000, "revenueEstimated": 3800901408.4507046, "fiscalDateEnding": "2020-03-31", "updatedFromDate": "2023-09-29"}, {"date": "2020-04-22", "symbol": "SHB-A.ST", "eps": 1.99, "epsEstimated": 1.69, "time": "bmo", "revenue": 11144000000, "revenueEstimated": null, "fiscalDateEnding": "2020-03-30", "updatedFromDate": "2023-05-17"}, {"date": "2020-04-22", "symbol": "SLGN", "eps": 0.57, "epsEstimated": 0.5, "time": "bmo", "revenue": 1030400000, "revenueEstimated": 903845614.0350878, "fiscalDateEnding": "2020-03-30", "updatedFromDate": "2023-09-29"}, {"date": "2020-04-22", "symbol": "3912.T", "eps": 15.47, "epsEstimated": null, "time": "bmo", "revenue": 738294000, "revenueEstimated": null, "fiscalDateEnding": "2020-01-22", "updatedFromDate": "2023-05-17"}, {"date": "2020-04-22", "symbol": "EVR", "eps": 1.21, "epsEstimated": 1.03, "time": "bmo", "revenue": 427007000, "revenueEstimated": 450941504.1322314, "fiscalDateEnding": "2020-03-30", "updatedFromDate": "2023-09-29"}, {"date": "2020-04-22", "symbol": "IFCNF", "eps": 4.67, "epsEstimated": 2.02, "time": "bmo", "revenue": null, "revenueEstimated": null, "fiscalDateEnding": "2020-03-31", "updatedFromDate": "2023-05-17"}, {"date": "2020-04-22", "symbol": "FCCO", "eps": 0.24, "epsEstimated": 0.3, "time": "bmo", "revenue": 12345000, "revenueEstimated": 15431250, "fiscalDateEnding": "2020-03-30", "updatedFromDate": "2023-09-29"}, {"date": "2020-04-22", "symbol": "UFPI", "eps": 0.65, "epsEstimated": 0.63, "time": "amc", "revenue": 1032062000, "revenueEstimated": 1000306246.1538461, "fiscalDateEnding": "2020-03-27", "updatedFromDate": "2023-09-29"}, {"date": "2020-04-22", "symbol": "HKBNF", "eps": null, "epsEstimated": null, "time": "bmo", "revenue": null, "revenueEstimated": null, "fiscalDateEnding": "2020-06-30", "updatedFromDate": "2023-05-17"}, {"date": "2020-04-22", "symbol": "RCI-B.TO", "eps": 0.71, "epsEstimated": 0.8, "time": "bmo", "revenue": 3416000000, "revenueEstimated": null, "fiscalDateEnding": "2020-03-30", "updatedFromDate": "2023-05-17"}, {"date": "2020-04-22", "symbol": "VFQS.QA", "eps": 0.01, "epsEstimated": 0.009, "time": "bmo", "revenue": 540678000, "revenueEstimated": null, "fiscalDateEnding": "2020-03-31", "updatedFromDate": "2023-10-16"}, {"date": "2020-04-22", "symbol": "OVLY", "eps": 0.33, "epsEstimated": null, "time": "bmo", "revenue": 11512000, "revenueEstimated": null, "fiscalDateEnding": "2020-03-30", "updatedFromDate": "2023-09-29"}, {"date": "2020-04-22", "symbol": "VLTSA.PA", "eps": null, "epsEstimated": null, "time": "bmo", "revenue": null, "revenueEstimated": null, "fiscalDateEnding": "2020-01-22", "updatedFromDate": "2023-05-17"}, {"date": "2020-04-22", "symbol": "EPI-B.ST", "eps": 1.18, "epsEstimated": null, "time": "bmo", "revenue": 9134000000, "revenueEstimated": null, "fiscalDateEnding": "2020-03-30", "updatedFromDate": "2023-05-17"}, {"date": "2020-04-22", "symbol": "ETTYF", "eps": 4.83, "epsEstimated": 4.78, "time": "bmo", "revenue": null, "revenueEstimated": null, "fiscalDateEnding": "2020-03-31", "updatedFromDate": "2023-05-17"}, {"date": "2020-04-22", "symbol": "SLG", "eps": 1.56, "epsEstimated": 1.8, "time": "amc", "revenue": 314303000, "revenueEstimated": 277332273.984375, "fiscalDateEnding": "2020-03-30", "updatedFromDate": "2023-09-29"}, {"date": "2020-04-22", "symbol": "MC", "eps": 0.45, "epsEstimated": 0.34, "time": "amc", "revenue": 153706000, "revenueEstimated": 116133422.22222222, "fiscalDateEnding": "2020-03-30", "updatedFromDate": "2023-09-29"}, {"date": "2020-04-22", "symbol": "TMO", "eps": 2.94, "epsEstimated": 2.79, "time": "bmo", "revenue": 6230000000, "revenueEstimated": 5933333333.333333, "fiscalDateEnding": "2020-03-27", "updatedFromDate": "2023-09-29"}, {"date": "2020-04-22", "symbol": "600705.SS", "eps": 0.08655, "epsEstimated": null, "time": "bmo", "revenue": 3424179070.08, "revenueEstimated": null, "fiscalDateEnding": "2020-01-22", "updatedFromDate": "2023-05-17"}, {"date": "2020-04-22", "symbol": "8039.TW", "eps": 0.4, "epsEstimated": 0.49, "time": "bmo", "revenue": 1614049000, "revenueEstimated": null, "fiscalDateEnding": "2020-03-30", "updatedFromDate": "2023-05-17"}, {"date": "2020-04-22", "symbol": "000798.SZ", "eps": -0.04, "epsEstimated": null, "time": "bmo", "revenue": 63915429.62, "revenueEstimated": null, "fiscalDateEnding": "2020-03-30", "updatedFromDate": "2023-05-17"}, {"date": "2020-04-22", "symbol": "NTGR", "eps": 0.21, "epsEstimated": 0.18, "time": "amc", "revenue": 229963000, "revenueEstimated": 175209904.76190478, "fiscalDateEnding": "2020-03-28", "updatedFromDate": "2023-09-29"}, {"date": "2020-04-22", "symbol": "ARV.AX", "eps": null, "epsEstimated": null, "time": "bmo", "revenue": null, "revenueEstimated": null, "fiscalDateEnding": "2020-01-22", "updatedFromDate": "2023-10-16"}, {"date": "2020-04-22", "symbol": "FNF", "eps": 0.73, "epsEstimated": 0.55, "time": "amc", "revenue": 1612000000, "revenueEstimated": 1544383561.6438355, "fiscalDateEnding": "2020-03-30", "updatedFromDate": "2023-09-29"}, {"date": "2020-04-22", "symbol": "NEE-PQ", "eps": 2.38, "epsEstimated": 2.26, "time": "bmo", "revenue": null, "revenueEstimated": null, "fiscalDateEnding": "2020-03-30", "updatedFromDate": "2023-05-17"}, {"date": "2020-04-22", "symbol": "TSSLF", "eps": -0.01, "epsEstimated": -0.00333, "time": "bmo", "revenue": null, "revenueEstimated": 8676937000, "fiscalDateEnding": "2020-03-31", "updatedFromDate": "2023-05-17"}, {"date": "2020-04-22", "symbol": "ORLY", "eps": 3.97, "epsEstimated": 3.95, "time": "amc", "revenue": 2476487000, "revenueEstimated": 2464010994.9622164, "fiscalDateEnding": "2020-03-30", "updatedFromDate": "2023-09-29"}, {"date": "2020-04-22", "symbol": "8595.T", "eps": -17.39, "epsEstimated": null, "time": "bmo", "revenue": 2122000000, "revenueEstimated": null, "fiscalDateEnding": "2020-01-22", "updatedFromDate": "2023-10-17"}, {"date": "2020-04-22", "symbol": "LAD", "eps": 2.01, "epsEstimated": 2.05, "time": "bmo", "revenue": 2803800000, "revenueEstimated": 2859597014.925373, "fiscalDateEnding": "2020-03-30", "updatedFromDate": "2023-09-29"}, {"date": "2020-04-22", "symbol": "UL", "eps": 0.685, "epsEstimated": null, "time": "bmo", "revenue": 12857000000, "revenueEstimated": null, "fiscalDateEnding": "2020-01-22", "updatedFromDate": "2023-05-17"}, {"date": "2020-04-22", "symbol": "002066.SZ", "eps": -0.0416, "epsEstimated": null, "time": "bmo", "revenue": 863295155.84, "revenueEstimated": null, "fiscalDateEnding": "2020-03-30", "updatedFromDate": "2023-05-17"}, {"date": "2020-04-22", "symbol": "SLM", "eps": 0.79, "epsEstimated": 0.83, "time": "amc", "revenue": 692210000, "revenueEstimated": 855076506.3291138, "fiscalDateEnding": "2020-03-30", "updatedFromDate": "2023-09-29"}, {"date": "2020-04-22", "symbol": "CHP-UN.TO", "eps": 1.07, "epsEstimated": null, "time": "bmo", "revenue": 324911000, "revenueEstimated": null, "fiscalDateEnding": "2020-03-30", "updatedFromDate": "2023-05-17"}, {"date": "2020-04-22", "symbol": "FRZCF", "eps": null, "epsEstimated": null, "time": "bmo", "revenue": null, "revenueEstimated": null, "fiscalDateEnding": "2020-06-30", "updatedFromDate": "2023-05-17"}, {"date": "2020-04-22", "symbol": "VOLVF", "eps": 2.38, "epsEstimated": 2.24, "time": "bmo", "revenue": 91449000000, "revenueEstimated": null, "fiscalDateEnding": "2020-03-31", "updatedFromDate": "2023-05-17"}, {"date": "2020-04-22", "symbol": "ERIC-B.ST", "eps": 0.79, "epsEstimated": 0.71, "time": "bmo", "revenue": 49750000000, "revenueEstimated": null, "fiscalDateEnding": "2020-03-30", "updatedFromDate": "2023-05-17"}, {"date": "2020-04-22", "symbol": "RNFT.ME", "eps": -26.16667, "epsEstimated": null, "time": "bmo", "revenue": 73062000000, "revenueEstimated": null, "fiscalDateEnding": "2020-01-22", "updatedFromDate": "2023-05-17"}, {"date": "2020-04-22", "symbol": "HYMLF", "eps": 1772, "epsEstimated": 2372.84, "time": "bmo", "revenue": null, "revenueEstimated": null, "fiscalDateEnding": "2020-03-31", "updatedFromDate": "2023-09-29"}, {"date": "2020-04-22", "symbol": "RUSHA", "eps": 0.28, "epsEstimated": 0.17, "time": "amc", "revenue": 1286663000, "revenueEstimated": 847314658.5365856, "fiscalDateEnding": "2020-03-30", "updatedFromDate": "2023-09-29"}, {"date": "2020-04-22", "symbol": "CASH", "eps": 0.94, "epsEstimated": 1.58, "time": "amc", "revenue": 153132000, "revenueEstimated": 192144827.5862069, "fiscalDateEnding": "2020-03-30", "updatedFromDate": "2023-09-29"}, {"date": "2020-04-22", "symbol": "CATC", "eps": 1.37, "epsEstimated": 1.27, "time": "bmo", "revenue": 31218000, "revenueEstimated": 28939313.86861314, "fiscalDateEnding": "2020-03-30", "updatedFromDate": "2023-09-29"}, {"date": "2020-04-22", "symbol": "MTL.TO", "eps": 0.04, "epsEstimated": 0.08, "time": "bmo", "revenue": 318234000, "revenueEstimated": null, "fiscalDateEnding": "2020-03-30", "updatedFromDate": "2023-05-17"}, {"date": "2020-04-22", "symbol": "EGBN", "eps": 0.7, "epsEstimated": 0.92, "time": "amc", "revenue": 85214000, "revenueEstimated": 111995542.85714288, "fiscalDateEnding": "2020-03-30", "updatedFromDate": "2023-09-29"}, {"date": "2020-04-22", "symbol": "FNLC", "eps": 0.6, "epsEstimated": null, "time": "bmo", "revenue": 19139000, "revenueEstimated": null, "fiscalDateEnding": "2020-03-30", "updatedFromDate": "2023-09-29"}, {"date": "2020-04-22", "symbol": "ABDP.L", "eps": 0.05633, "epsEstimated": null, "time": "bmo", "revenue": 15378500, "revenueEstimated": null, "fiscalDateEnding": "2020-01-22", "updatedFromDate": "2023-05-17"}, {"date": "2020-04-22", "symbol": "RXLSF", "eps": null, "epsEstimated": 0.24, "time": "bmo", "revenue": null, "revenueEstimated": null, "fiscalDateEnding": "2020-03-31", "updatedFromDate": "2023-05-17"}, {"date": "2020-04-22", "symbol": "STM.MI", "eps": 0.2094, "epsEstimated": 0.87, "time": "bmo", "revenue": 2231000000, "revenueEstimated": 3851000000, "fiscalDateEnding": "2020-03-30", "updatedFromDate": "2023-05-17"}, {"date": "2020-04-22", "symbol": "SPTO.JK", "eps": 20.2, "epsEstimated": null, "time": "bmo", "revenue": 542048587033, "revenueEstimated": null, "fiscalDateEnding": "2020-03-30", "updatedFromDate": "2023-05-17"}, {"date": "2020-04-22", "symbol": "ASTK.OL", "eps": 0.04958, "epsEstimated": null, "time": "bmo", "revenue": 14147000, "revenueEstimated": null, "fiscalDateEnding": "2020-01-22", "updatedFromDate": "2023-05-17"}, {"date": "2020-04-22", "symbol": "ATEA.OL", "eps": 0.7, "epsEstimated": 0.66, "time": "bmo", "revenue": 9043000000, "revenueEstimated": null, "fiscalDateEnding": "2020-03-30", "updatedFromDate": "2023-05-17"}, {"date": "2020-04-22", "symbol": "SAM", "eps": 1.6, "epsEstimated": 1.82, "time": "amc", "revenue": 330565000, "revenueEstimated": 403777382.5503356, "fiscalDateEnding": "2020-03-27", "updatedFromDate": "2023-09-29"}, {"date": "2020-04-22", "symbol": "000968.SZ", "eps": 0.1, "epsEstimated": null, "time": "bmo", "revenue": 371972567.58, "revenueEstimated": null, "fiscalDateEnding": "2020-03-30", "updatedFromDate": "2023-05-17"}, {"date": "2020-04-22", "symbol": "TR", "eps": 0.16, "epsEstimated": null, "time": "bmo", "revenue": 102803000000, "revenueEstimated": null, "fiscalDateEnding": "2020-03-30", "updatedFromDate": "2023-09-29"}, {"date": "2020-04-22", "symbol": "EPIAF", "eps": 1.18, "epsEstimated": 1.1, "time": "bmo", "revenue": null, "revenueEstimated": null, "fiscalDateEnding": "2020-03-31", "updatedFromDate": "2023-05-17"}, {"date": "2020-04-22", "symbol": "BOO.L", "eps": null, "epsEstimated": null, "time": "bmo", "revenue": null, "revenueEstimated": null, "fiscalDateEnding": "2020-01-22", "updatedFromDate": "2023-10-16"}, {"date": "2020-04-22", "symbol": "601163.SS", "eps": 0.2, "epsEstimated": null, "time": "bmo", "revenue": 1810503018.55, "revenueEstimated": null, "fiscalDateEnding": "2020-03-30", "updatedFromDate": "2023-05-17"}, {"date": "2020-04-22", "symbol": "002688.SZ", "eps": 0.09, "epsEstimated": null, "time": "bmo", "revenue": 433027256.62, "revenueEstimated": null, "fiscalDateEnding": "2020-03-30", "updatedFromDate": "2023-05-17"}, {"date": "2020-04-22", "symbol": "AKZOY", "eps": 0.26, "epsEstimated": 0.21, "time": "bmo", "revenue": 2058000000, "revenueEstimated": null, "fiscalDateEnding": "2020-03-31", "updatedFromDate": "2023-09-29"}, {"date": "2020-04-22", "symbol": "BICEY", "eps": null, "epsEstimated": null, "time": "bmo", "revenue": null, "revenueEstimated": null, "fiscalDateEnding": "2020-01-22", "updatedFromDate": "2023-05-17"}, {"date": "2020-04-22", "symbol": "LOB", "eps": -0.19, "epsEstimated": 0.08, "time": "amc", "revenue": 45925000, "revenueEstimated": 16911631.57894737, "fiscalDateEnding": "2020-03-30", "updatedFromDate": "2023-09-29"}, {"date": "2020-04-22", "symbol": "MCRI", "eps": 0.11, "epsEstimated": 0.29, "time": "bmo", "revenue": 51011000, "revenueEstimated": 163665454.54545453, "fiscalDateEnding": "2020-03-30", "updatedFromDate": "2023-09-29"}, {"date": "2020-04-22", "symbol": "CDE", "eps": -0.04953, "epsEstimated": -0.02477, "time": "amc", "revenue": 173167000, "revenueEstimated": 142862775, "fiscalDateEnding": "2020-03-30", "updatedFromDate": "2023-09-29"}, {"date": "2020-04-22", "symbol": "002394.SZ", "eps": 0.33, "epsEstimated": null, "time": "bmo", "revenue": 901459437.32, "revenueEstimated": null, "fiscalDateEnding": "2020-03-30", "updatedFromDate": "2023-05-17"}, {"date": "2020-04-22", "symbol": "TSTH.BK", "eps": 0.004, "epsEstimated": null, "time": "bmo", "revenue": 5413569000, "revenueEstimated": null, "fiscalDateEnding": "2020-01-22", "updatedFromDate": "2023-10-17"}, {"date": "2020-04-22", "symbol": "GL", "eps": 1.73, "epsEstimated": 1.71, "time": "amc", "revenue": 1164908000, "revenueEstimated": 919406705.2023121, "fiscalDateEnding": "2020-03-30", "updatedFromDate": "2023-09-29"}, {"date": "2020-04-22", "symbol": "PDRDF", "eps": null, "epsEstimated": null, "time": "bmo", "revenue": null, "revenueEstimated": null, "fiscalDateEnding": "2020-01-22", "updatedFromDate": "2023-10-17"}, {"date": "2020-04-22", "symbol": "OBNK", "eps": 0.03, "epsEstimated": 0.43, "time": "amc", "revenue": 53341000, "revenueEstimated": 787674000, "fiscalDateEnding": "2020-03-30", "updatedFromDate": "2023-09-29"}, {"date": "2020-04-22", "symbol": "CEVI.ST", "eps": 0.85, "epsEstimated": 0.98, "time": "bmo", "revenue": 134430000, "revenueEstimated": null, "fiscalDateEnding": "2020-03-30", "updatedFromDate": "2023-05-17"}, {"date": "2020-04-22", "symbol": "601678.SS", "eps": 0.02, "epsEstimated": null, "time": "bmo", "revenue": 1434083267.45, "revenueEstimated": null, "fiscalDateEnding": "2020-03-30", "updatedFromDate": "2023-05-17"}, {"date": "2020-04-22", "symbol": "RUSHB", "eps": 0.28, "epsEstimated": 0.27, "time": "amc", "revenue": 1286663000, "revenueEstimated": 847314658.5365856, "fiscalDateEnding": "2020-03-30", "updatedFromDate": "2023-09-29"}, {"date": "2020-04-22", "symbol": "KDOZF", "eps": -0.11, "epsEstimated": null, "time": "bmo", "revenue": 983979, "revenueEstimated": null, "fiscalDateEnding": "2020-03-30", "updatedFromDate": "2023-09-29"}, {"date": "2020-04-22", "symbol": "NENTF", "eps": 2.31, "epsEstimated": 2.26, "time": "bmo", "revenue": null, "revenueEstimated": null, "fiscalDateEnding": "2020-03-31", "updatedFromDate": "2023-05-17"}, {"date": "2020-04-22", "symbol": "002291.SZ", "eps": -0.07, "epsEstimated": null, "time": "bmo", "revenue": 336236434.51, "revenueEstimated": null, "fiscalDateEnding": "2020-03-30", "updatedFromDate": "2023-05-17"}, {"date": "2020-04-22", "symbol": "601128.SS", "eps": 0.19, "epsEstimated": null, "time": "bmo", "revenue": 1707956000, "revenueEstimated": null, "fiscalDateEnding": "2020-01-22", "updatedFromDate": "2023-05-17"}, {"date": "2020-04-22", "symbol": "MSVB", "eps": 0.12, "epsEstimated": null, "time": "bmo", "revenue": 1842000, "revenueEstimated": null, "fiscalDateEnding": "2020-03-30", "updatedFromDate": "2023-09-29"}, {"date": "2020-04-22", "symbol": "TDY", "eps": 2.17, "epsEstimated": 2.19, "time": "bmo", "revenue": 784600000, "revenueEstimated": 791831336.40553, "fiscalDateEnding": "2020-03-28", "updatedFromDate": "2023-09-29"}, {"date": "2020-04-22", "symbol": "IDRSF", "eps": -0.9, "epsEstimated": -0.86, "time": "bmo", "revenue": null, "revenueEstimated": null, "fiscalDateEnding": "2020-03-31", "updatedFromDate": "2023-05-17"}, {"date": "2020-04-22", "symbol": "SUI", "eps": 0.07, "epsEstimated": 1.2, "time": "amc", "revenue": 307952000, "revenueEstimated": 383314235.2941177, "fiscalDateEnding": "2020-03-30", "updatedFromDate": "2023-09-29"}, {"date": "2020-04-22", "symbol": "SCR", "eps": -0.3, "epsEstimated": -0.15, "time": "amc", "revenue": 6653000, "revenueEstimated": null, "fiscalDateEnding": "2020-02-28", "updatedFromDate": "2023-05-17"}, {"date": "2020-04-22", "symbol": "8617.T", "eps": -9.41699, "epsEstimated": null, "time": "bmo", "revenue": 86000000, "revenueEstimated": null, "fiscalDateEnding": "2020-01-22", "updatedFromDate": "2023-10-17"}, {"date": "2020-04-22", "symbol": "T-PC", "eps": 0.84, "epsEstimated": 0.85, "time": "bmo", "revenue": 42779000000, "revenueEstimated": null, "fiscalDateEnding": "2020-03-30", "updatedFromDate": "2023-05-17"}, {"date": "2020-04-22", "symbol": "TCBIP", "eps": -0.38, "epsEstimated": 0.99, "time": "bmo", "revenue": 228319000, "revenueEstimated": 594831078.9473685, "fiscalDateEnding": "2020-03-30", "updatedFromDate": "2023-05-17"}, {"date": "2020-04-22", "symbol": "603960.SS", "eps": 0.12, "epsEstimated": 0.12, "time": "bmo", "revenue": 168289530.27, "revenueEstimated": null, "fiscalDateEnding": "2020-03-30", "updatedFromDate": "2023-05-17"}, {"date": "2020-04-22", "symbol": "002303.SZ", "eps": 0.03, "epsEstimated": null, "time": "bmo", "revenue": 540683170.49, "revenueEstimated": null, "fiscalDateEnding": "2020-03-30", "updatedFromDate": "2023-05-17"}, {"date": "2020-04-22", "symbol": "603327.SS", "eps": 0.17, "epsEstimated": null, "time": "bmo", "revenue": 326001239.32, "revenueEstimated": null, "fiscalDateEnding": "2020-03-30", "updatedFromDate": "2023-05-17"}, {"date": "2020-04-22", "symbol": "OMRNF", "eps": 19.34, "epsEstimated": 27.51, "time": "bmo", "revenue": 168294000000, "revenueEstimated": 233040593238, "fiscalDateEnding": "2020-01-22", "updatedFromDate": "2023-10-17"}, {"date": "2020-04-22", "symbol": "ROIC", "eps": 0.1, "epsEstimated": 0.09, "time": "amc", "revenue": 74872000, "revenueEstimated": 67384800, "fiscalDateEnding": "2020-03-30", "updatedFromDate": "2023-09-29"}, {"date": "2020-04-22", "symbol": "AXTI", "eps": -0.01, "epsEstimated": -0.05, "time": "amc", "revenue": 20723000, "revenueEstimated": 103615000, "fiscalDateEnding": "2020-03-30", "updatedFromDate": "2023-09-29"}, {"date": "2020-04-22", "symbol": "KMB", "eps": 2.13, "epsEstimated": 1.98, "time": "bmo", "revenue": 5009000000, "revenueEstimated": 4656253521.126761, "fiscalDateEnding": "2020-03-30", "updatedFromDate": "2023-09-29"}, {"date": "2020-04-22", "symbol": "8060.T", "eps": 31.66, "epsEstimated": 36.5, "time": "bmo", "revenue": 141483000000, "revenueEstimated": null, "fiscalDateEnding": "2020-03-30", "updatedFromDate": "2023-05-17"}, {"date": "2020-04-22", "symbol": "SCHYF", "eps": null, "epsEstimated": -0.03, "time": "bmo", "revenue": null, "revenueEstimated": null, "fiscalDateEnding": "2020-03-31", "updatedFromDate": "2023-05-17"}, {"date": "2020-04-22", "symbol": "ALPKF", "eps": -0.21, "epsEstimated": -0.07, "time": "bmo", "revenue": null, "revenueEstimated": 4796666.666666667, "fiscalDateEnding": "2020-03-31", "updatedFromDate": "2023-05-17"}, {"date": "2020-04-22", "symbol": "NHNCF", "eps": 1271, "epsEstimated": 788.12, "time": "bmo", "revenue": null, "revenueEstimated": null, "fiscalDateEnding": "2020-03-31", "updatedFromDate": "2023-05-17"}, {"date": "2020-04-22", "symbol": "601888.SS", "eps": -0.06, "epsEstimated": 0.43, "time": "bmo", "revenue": 11673133566.51, "revenueEstimated": null, "fiscalDateEnding": "2020-01-22", "updatedFromDate": "2023-05-17"}, {"date": "2020-04-22", "symbol": "2459.TW", "eps": 0.77, "epsEstimated": 0.65, "time": "bmo", "revenue": 1369520000, "revenueEstimated": null, "fiscalDateEnding": "2020-03-30", "updatedFromDate": "2023-05-17"}, {"date": "2020-04-22", "symbol": "WRE", "eps": 0.02, "epsEstimated": -0.09, "time": "amc", "revenue": 76792000, "revenueEstimated": 345564000, "fiscalDateEnding": "2020-03-30", "updatedFromDate": "2023-08-16"}, {"date": "2020-04-22", "symbol": "PFBC", "eps": 1.08, "epsEstimated": 1.02, "time": "amc", "revenue": 43462000, "revenueEstimated": 2375258.888888889, "fiscalDateEnding": "2020-03-31", "updatedFromDate": "2023-09-29"}, {"date": "2020-04-22", "symbol": "601012.SS", "eps": 0.36, "epsEstimated": 0.28, "time": "bmo", "revenue": 8599410768.64, "revenueEstimated": null, "fiscalDateEnding": "2020-03-30", "updatedFromDate": "2023-05-17"}, {"date": "2020-04-22", "symbol": "T", "eps": 0.84, "epsEstimated": 0.84, "time": "bmo", "revenue": 42779000000, "revenueEstimated": 43288273809.52381, "fiscalDateEnding": "2020-03-30", "updatedFromDate": "2023-09-29"}, {"date": "2020-04-22", "symbol": "FR", "eps": 0.32, "epsEstimated": 0.19, "time": "amc", "revenue": 110343000, "revenueEstimated": 86241764.25, "fiscalDateEnding": "2020-03-30", "updatedFromDate": "2023-09-29"}, {"date": "2020-04-22", "symbol": "LVS", "eps": -0.03, "epsEstimated": -0.08, "time": "amc", "revenue": 1782000000, "revenueEstimated": 4752000000.000001, "fiscalDateEnding": "2020-03-30", "updatedFromDate": "2023-09-29"}, {"date": "2020-04-22", "symbol": "AMBO", "eps": -0.08, "epsEstimated": null, "time": "bmo", "revenue": 155463000, "revenueEstimated": null, "fiscalDateEnding": "2020-01-22", "updatedFromDate": "2023-09-29"}, {"date": "2020-04-22", "symbol": "CGIUF", "eps": null, "epsEstimated": null, "time": "bmo", "revenue": null, "revenueEstimated": null, "fiscalDateEnding": "2020-03-31", "updatedFromDate": "2023-05-17"}, {"date": "2020-04-22", "symbol": "EVGGF", "eps": 0.3, "epsEstimated": 0.27, "time": "bmo", "revenue": null, "revenueEstimated": null, "fiscalDateEnding": "2020-03-31", "updatedFromDate": "2023-05-17"}, {"date": "2020-04-22", "symbol": "BIOA-B.ST", "eps": 0.04, "epsEstimated": -0.49, "time": "bmo", "revenue": 36431000, "revenueEstimated": null, "fiscalDateEnding": "2020-03-30", "updatedFromDate": "2023-05-17"}, {"date": "2020-04-22", "symbol": "600315.SS", "eps": 0.18, "epsEstimated": 0.3, "time": "bmo", "revenue": 2019938470.24, "revenueEstimated": null, "fiscalDateEnding": "2020-01-22", "updatedFromDate": "2023-05-17"}, {"date": "2020-04-22", "symbol": "CPF", "eps": 0.29, "epsEstimated": 0.29, "time": "bmo", "revenue": 55756000, "revenueEstimated": 56716000, "fiscalDateEnding": "2020-03-30", "updatedFromDate": "2023-09-29"}, {"date": "2020-04-22", "symbol": "ALVIV.PA", "eps": null, "epsEstimated": null, "time": "bmo", "revenue": null, "revenueEstimated": null, "fiscalDateEnding": "2020-01-22", "updatedFromDate": "2023-05-17"}, {"date": "2020-04-22", "symbol": "OMRNY", "eps": 72.97, "epsEstimated": null, "time": "bmo", "revenue": 168294000000, "revenueEstimated": null, "fiscalDateEnding": "2020-01-22", "updatedFromDate": "2023-10-17"}, {"date": "2020-04-22", "symbol": "KREVF", "eps": 0.01, "epsEstimated": 0.0075, "time": "bmo", "revenue": 36772000, "revenueEstimated": null, "fiscalDateEnding": "2020-01-22", "updatedFromDate": "2023-09-29"}, {"date": "2020-04-22", "symbol": "RO.SW", "eps": null, "epsEstimated": null, "time": "bmo", "revenue": null, "revenueEstimated": null, "fiscalDateEnding": "2020-01-22", "updatedFromDate": "2023-05-17"}, {"date": "2020-04-22", "symbol": "EPIPF", "eps": null, "epsEstimated": null, "time": "bmo", "revenue": null, "revenueEstimated": null, "fiscalDateEnding": "2020-03-31", "updatedFromDate": "2023-05-17"}, {"date": "2020-04-22", "symbol": "DASTF", "eps": 0.19, "epsEstimated": 0.18, "time": "bmo", "revenue": null, "revenueEstimated": null, "fiscalDateEnding": "2020-03-31", "updatedFromDate": "2023-05-17"}, {"date": "2020-04-22", "symbol": "000030.SZ", "eps": 0.1818, "epsEstimated": null, "time": "bmo", "revenue": 3170608112.46, "revenueEstimated": null, "fiscalDateEnding": "2020-01-22", "updatedFromDate": "2023-05-17"}, {"date": "2020-04-22", "symbol": "SFPI.PA", "eps": null, "epsEstimated": null, "time": "bmo", "revenue": null, "revenueEstimated": null, "fiscalDateEnding": "2020-01-22", "updatedFromDate": "2023-10-16"}, {"date": "2020-04-22", "symbol": "EGTX.ST", "eps": -0.79, "epsEstimated": -0.91, "time": "bmo", "revenue": 11712000, "revenueEstimated": null, "fiscalDateEnding": "2020-03-30", "updatedFromDate": "2023-05-17"}, {"date": "2020-04-22", "symbol": "BIIB", "eps": 9.14, "epsEstimated": 7.73, "time": "bmo", "revenue": 3534300000, "revenueEstimated": 2989074288.8402624, "fiscalDateEnding": "2020-03-30", "updatedFromDate": "2023-09-29"}, {"date": "2020-04-22", "symbol": "MIDW-B.ST", "eps": -0.18315, "epsEstimated": null, "time": "bmo", "revenue": 157000000, "revenueEstimated": null, "fiscalDateEnding": "2020-03-30", "updatedFromDate": "2023-05-17"}, {"date": "2020-04-22", "symbol": "688068.SS", "eps": 0.01, "epsEstimated": null, "time": "bmo", "revenue": 38371413.9, "revenueEstimated": null, "fiscalDateEnding": "2020-03-30", "updatedFromDate": "2023-05-17"}, {"date": "2020-04-22", "symbol": "VLTAF", "eps": null, "epsEstimated": null, "time": "bmo", "revenue": null, "revenueEstimated": null, "fiscalDateEnding": "2020-03-31", "updatedFromDate": "2023-05-17"}, {"date": "2020-04-22", "symbol": "SYBT", "eps": 0.59, "epsEstimated": 0.54, "time": "bmo", "revenue": 44326000, "revenueEstimated": 41169966.10169492, "fiscalDateEnding": "2020-03-30", "updatedFromDate": "2023-09-29"}, {"date": "2020-04-22", "symbol": "NEWA-B.ST", "eps": -0.54, "epsEstimated": -0.05, "time": "bmo", "revenue": 1440900000, "revenueEstimated": null, "fiscalDateEnding": "2020-03-30", "updatedFromDate": "2023-05-17"}, {"date": "2020-04-22", "symbol": "PHR", "eps": -0.1, "epsEstimated": -0.11, "time": "amc", "revenue": 32815000, "revenueEstimated": 32816000, "fiscalDateEnding": "2020-01-30", "updatedFromDate": "2023-09-29"}, {"date": "2020-04-22", "symbol": "STC", "eps": 0.56, "epsEstimated": -0.12, "time": "amc", "revenue": 439901000, "revenueEstimated": 95522999.99999996, "fiscalDateEnding": "2020-03-30", "updatedFromDate": "2023-09-29"}, {"date": "2020-04-22", "symbol": "JTC.L", "eps": null, "epsEstimated": null, "time": "bmo", "revenue": null, "revenueEstimated": null, "fiscalDateEnding": "2020-01-22", "updatedFromDate": "2023-08-16"}, {"date": "2020-04-22", "symbol": "NBN", "eps": 0.21, "epsEstimated": 0.39, "time": "amc", "revenue": 21061000, "revenueEstimated": null, "fiscalDateEnding": "2020-01-22", "updatedFromDate": "2023-10-16"}, {"date": "2020-04-22", "symbol": "600873.SS", "eps": 0.08, "epsEstimated": null, "time": "bmo", "revenue": 4162553346.29, "revenueEstimated": null, "fiscalDateEnding": "2020-01-22", "updatedFromDate": "2023-05-17"}, {"date": "2020-04-22", "symbol": "INBK", "eps": 0.62, "epsEstimated": 0.51, "time": "amc", "revenue": 30892000, "revenueEstimated": 18832177.41935484, "fiscalDateEnding": "2020-01-22", "updatedFromDate": "2023-10-10"}, {"date": "2020-04-22", "symbol": "BDN", "eps": 0.04, "epsEstimated": 0.02667, "time": "amc", "revenue": 145088000, "revenueEstimated": 108816000, "fiscalDateEnding": "2020-03-30", "updatedFromDate": "2023-09-29"}, {"date": "2020-04-22", "symbol": "STRM", "eps": -0.03, "epsEstimated": -0.05, "time": "amc", "revenue": 2641000, "revenueEstimated": 6006250, "fiscalDateEnding": "2020-01-22", "updatedFromDate": "2023-10-10"}, {"date": "2020-04-22", "symbol": "MRU.TO", "eps": 0.72, "epsEstimated": 0.74, "time": "bmo", "revenue": 3988900000, "revenueEstimated": null, "fiscalDateEnding": "2020-03-30", "updatedFromDate": "2023-05-17"}, {"date": "2020-04-22", "symbol": "CEN.PA", "eps": null, "epsEstimated": null, "time": "bmo", "revenue": null, "revenueEstimated": null, "fiscalDateEnding": "2020-01-22", "updatedFromDate": "2023-05-17"}, {"date": "2020-04-22", "symbol": "603660.SS", "eps": -0.19, "epsEstimated": null, "time": "bmo", "revenue": 360546009.84, "revenueEstimated": null, "fiscalDateEnding": "2020-03-30", "updatedFromDate": "2023-05-17"}, {"date": "2020-04-22", "symbol": "CNAF", "eps": 0.63, "epsEstimated": null, "time": "bmo", "revenue": 5197000, "revenueEstimated": null, "fiscalDateEnding": "2020-03-31", "updatedFromDate": "2023-09-29"}, {"date": "2020-04-22", "symbol": "ESKTF", "eps": 0.12, "epsEstimated": 0.11, "time": "bmo", "revenue": null, "revenueEstimated": null, "fiscalDateEnding": "2020-03-31", "updatedFromDate": "2023-05-17"}, {"date": "2020-04-22", "symbol": "BAU.V", "eps": null, "epsEstimated": null, "time": "bmo", "revenue": null, "revenueEstimated": null, "fiscalDateEnding": "2020-03-31", "updatedFromDate": "2023-05-17"}, {"date": "2020-04-22", "symbol": "IFCN.SW", "eps": 4.67, "epsEstimated": 2.02, "time": "bmo", "revenue": null, "revenueEstimated": null, "fiscalDateEnding": "2020-01-22", "updatedFromDate": "2023-05-17"}, {"date": "2020-04-22", "symbol": "600299.SS", "eps": 0.11, "epsEstimated": null, "time": "bmo", "revenue": 2852332039, "revenueEstimated": null, "fiscalDateEnding": "2020-03-30", "updatedFromDate": "2023-08-16"}, {"date": "2020-04-22", "symbol": "ASKTF", "eps": null, "epsEstimated": null, "time": "bmo", "revenue": null, "revenueEstimated": null, "fiscalDateEnding": "2020-03-31", "updatedFromDate": "2023-05-17"}, {"date": "2020-04-22", "symbol": "KNX", "eps": 0.44, "epsEstimated": 0.35, "time": "bmo", "revenue": 1124798000, "revenueEstimated": 894725681.8181818, "fiscalDateEnding": "2020-03-30", "updatedFromDate": "2023-09-29"}, {"date": "2020-04-22", "symbol": "NDAQ", "eps": 0.5, "epsEstimated": 0.49, "time": "bmo", "revenue": 1353000000, "revenueEstimated": 1316920000, "fiscalDateEnding": "2020-03-30", "updatedFromDate": "2023-09-29"}, {"date": "2020-04-22", "symbol": "AXFO.ST", "eps": 1.92, "epsEstimated": 1.81, "time": "bmo", "revenue": 13067000000, "revenueEstimated": null, "fiscalDateEnding": "2020-03-30", "updatedFromDate": "2023-05-17"}, {"date": "2020-04-22", "symbol": "BKR", "eps": 0.11, "epsEstimated": 0.09, "time": "bmo", "revenue": 5425000000, "revenueEstimated": 5425000000, "fiscalDateEnding": "2020-03-30", "updatedFromDate": "2023-09-29"}, {"date": "2020-04-22", "symbol": "1310.HK", "eps": 0.04474, "epsEstimated": null, "time": "bmo", "revenue": 2228641000, "revenueEstimated": null, "fiscalDateEnding": "2020-02-29", "updatedFromDate": "2023-05-17"}, {"date": "2020-04-22", "symbol": "IPG", "eps": 0.11, "epsEstimated": 0.09, "time": "bmo", "revenue": 2359800000, "revenueEstimated": 1930745454.5454545, "fiscalDateEnding": "2020-03-30", "updatedFromDate": "2023-09-29"}, {"date": "2020-04-22", "symbol": "HNI", "eps": 0.21, "epsEstimated": -0.05, "time": "amc", "revenue": 468704000, "revenueEstimated": 111596190.47619049, "fiscalDateEnding": "2020-03-27", "updatedFromDate": "2023-09-29"}, {"date": "2020-04-22", "symbol": "NAXS.ST", "eps": -0.35416, "epsEstimated": null, "time": "bmo", "revenue": -2643000, "revenueEstimated": null, "fiscalDateEnding": "2020-03-30", "updatedFromDate": "2023-05-17"}, {"date": "2020-04-22", "symbol": "MTRAF", "eps": 0.72, "epsEstimated": 0.74, "time": "bmo", "revenue": null, "revenueEstimated": null, "fiscalDateEnding": "2020-06-30", "updatedFromDate": "2023-05-17"}, {"date": "2020-04-22", "symbol": "CSGKF", "eps": 0.52, "epsEstimated": 0.42, "time": "bmo", "revenue": null, "revenueEstimated": null, "fiscalDateEnding": "2020-03-31", "updatedFromDate": "2023-08-16"}, {"date": "2020-04-22", "symbol": "LENTY", "eps": null, "epsEstimated": null, "time": "bmo", "revenue": null, "revenueEstimated": null, "fiscalDateEnding": "2020-03-31", "updatedFromDate": "2023-05-17"}, {"date": "2020-04-22", "symbol": "000559.SZ", "eps": 0.03, "epsEstimated": null, "time": "bmo", "revenue": 1846926834.55, "revenueEstimated": null, "fiscalDateEnding": "2020-03-30", "updatedFromDate": "2023-05-17"}, {"date": "2020-04-22", "symbol": "FTI", "eps": -0.11, "epsEstimated": 0.22, "time": "amc", "revenue": 3130300000, "revenueEstimated": 6260600000, "fiscalDateEnding": "2020-03-30", "updatedFromDate": "2023-09-29"}, {"date": "2020-04-22", "symbol": "000526.SZ", "eps": -0.1667, "epsEstimated": null, "time": "bmo", "revenue": 599945206.26, "revenueEstimated": null, "fiscalDateEnding": "2020-03-30", "updatedFromDate": "2023-05-17"}, {"date": "2020-04-22", "symbol": "BFIT.AS", "eps": null, "epsEstimated": null, "time": "bmo", "revenue": null, "revenueEstimated": null, "fiscalDateEnding": "2020-01-22", "updatedFromDate": "2023-05-17"}, {"date": "2020-04-22", "symbol": "FFWM", "eps": 0.29, "epsEstimated": 0.29, "time": "bmo", "revenue": 53171000, "revenueEstimated": 55543000, "fiscalDateEnding": "2020-03-30", "updatedFromDate": "2023-09-29"}, {"date": "2020-04-22", "symbol": "CFP.TO", "eps": -0.47, "epsEstimated": -0.25, "time": "bmo", "revenue": 1170700000, "revenueEstimated": null, "fiscalDateEnding": "2020-03-30", "updatedFromDate": "2023-05-17"}, {"date": "2020-04-22", "symbol": "CRQDF", "eps": 0.78, "epsEstimated": 1.45, "time": "bmo", "revenue": null, "revenueEstimated": 83282051.28205128, "fiscalDateEnding": "2020-03-31", "updatedFromDate": "2023-05-17"}, {"date": "2020-04-22", "symbol": "603733.SS", "eps": 0.2891, "epsEstimated": null, "time": "bmo", "revenue": 1128757549.79, "revenueEstimated": null, "fiscalDateEnding": "2020-01-22", "updatedFromDate": "2023-05-17"}, {"date": "2020-04-22", "symbol": "GETI-B.ST", "eps": 1.41, "epsEstimated": 1.21, "time": "bmo", "revenue": 6033000000, "revenueEstimated": null, "fiscalDateEnding": "2020-03-30", "updatedFromDate": "2023-05-17"}, {"date": "2020-04-22", "symbol": "000629.SZ", "eps": 0.01, "epsEstimated": null, "time": "bmo", "revenue": 2535109678.46, "revenueEstimated": null, "fiscalDateEnding": "2020-03-30", "updatedFromDate": "2023-05-17"}, {"date": "2020-04-22", "symbol": "RHHBF", "eps": null, "epsEstimated": null, "time": "bmo", "revenue": null, "revenueEstimated": null, "fiscalDateEnding": "2020-03-31", "updatedFromDate": "2023-05-17"}, {"date": "2020-04-22", "symbol": "DBMXF", "eps": -0.07, "epsEstimated": 0.28, "time": "bmo", "revenue": null, "revenueEstimated": null, "fiscalDateEnding": "2020-03-31", "updatedFromDate": "2023-05-17"}, {"date": "2020-04-22", "symbol": "VMI", "eps": 1.99, "epsEstimated": 1.39, "time": "amc", "revenue": 674200000, "revenueEstimated": 470923618.09045225, "fiscalDateEnding": "2020-03-27", "updatedFromDate": "2023-09-29"}, {"date": "2020-04-22", "symbol": "300523.SZ", "eps": null, "epsEstimated": null, "time": "bmo", "revenue": null, "revenueEstimated": null, "fiscalDateEnding": "2020-03-31", "updatedFromDate": "2023-05-17"}, {"date": "2020-04-22", "symbol": "TSCRF", "eps": -0.03, "epsEstimated": -0.015, "time": "bmo", "revenue": null, "revenueEstimated": null, "fiscalDateEnding": "2020-03-31", "updatedFromDate": "2023-05-17"}, {"date": "2020-04-22", "symbol": "GRUMAB.MX", "eps": 1.38, "epsEstimated": 2.4, "time": "bmo", "revenue": 903395107.542978, "revenueEstimated": null, "fiscalDateEnding": "2020-03-30", "updatedFromDate": "2023-05-17"}, {"date": "2020-04-22", "symbol": "APH", "eps": 0.36, "epsEstimated": 0.37, "time": "bmo", "revenue": 1862000000, "revenueEstimated": 1914450704.225352, "fiscalDateEnding": "2020-03-30", "updatedFromDate": "2023-09-29"}, {"date": "2020-04-22", "symbol": "JFEYF", "eps": 66.42, "epsEstimated": null, "time": "bmo", "revenue": null, "revenueEstimated": null, "fiscalDateEnding": "2020-09-30", "updatedFromDate": "2023-05-17"}, {"date": "2020-04-22", "symbol": "FCFS", "eps": 0.96, "epsEstimated": 0.89, "time": "bmo", "revenue": 466490000, "revenueEstimated": 432475104.1666667, "fiscalDateEnding": "2020-03-30", "updatedFromDate": "2023-09-29"}, {"date": "2020-04-22", "symbol": "QIIK.QA", "eps": 0.18, "epsEstimated": 0.18, "time": "bmo", "revenue": null, "revenueEstimated": null, "fiscalDateEnding": "2020-03-31", "updatedFromDate": "2023-05-17"}, {"date": "2020-04-22", "symbol": "NEU", "eps": 7.67, "epsEstimated": null, "time": "amc", "revenue": 559417000, "revenueEstimated": null, "fiscalDateEnding": "2020-03-30", "updatedFromDate": "2023-09-29"}, {"date": "2020-04-22", "symbol": "WWW", "eps": 0.28, "epsEstimated": 0.18, "time": "bmo", "revenue": 439300000, "revenueEstimated": 383741469, "fiscalDateEnding": "2020-03-27", "updatedFromDate": "2023-09-29"}, {"date": "2020-04-22", "symbol": "MLRYY", "eps": -0.17, "epsEstimated": -6.44, "time": "bmo", "revenue": null, "revenueEstimated": null, "fiscalDateEnding": "2020-03-31", "updatedFromDate": "2023-09-29"}, {"date": "2020-04-22", "symbol": "CHUFF", "eps": null, "epsEstimated": null, "time": "bmo", "revenue": null, "revenueEstimated": null, "fiscalDateEnding": "2020-03-31", "updatedFromDate": "2023-05-17"}, {"date": "2020-04-22", "symbol": "603214.SS", "eps": 0.04, "epsEstimated": null, "time": "bmo", "revenue": 518980489.9, "revenueEstimated": null, "fiscalDateEnding": "2020-03-30", "updatedFromDate": "2023-05-17"}, {"date": "2020-04-22", "symbol": "FORUS.SN", "eps": 2.15, "epsEstimated": null, "time": "bmo", "revenue": null, "revenueEstimated": null, "fiscalDateEnding": "2020-03-31", "updatedFromDate": "2023-05-17"}, {"date": "2020-04-22", "symbol": "QNTO", "eps": 0.21, "epsEstimated": null, "time": "amc", "revenue": 3550000, "revenueEstimated": null, "fiscalDateEnding": "2020-03-30", "updatedFromDate": "2023-09-29"}, {"date": "2020-04-22", "symbol": "ARTTF", "eps": null, "epsEstimated": null, "time": "bmo", "revenue": null, "revenueEstimated": null, "fiscalDateEnding": "2020-06-30", "updatedFromDate": "2023-05-17"}, {"date": "2020-04-22", "symbol": "603053.SS", "eps": 0.16, "epsEstimated": null, "time": "bmo", "revenue": 1144645078.88, "revenueEstimated": null, "fiscalDateEnding": "2020-03-30", "updatedFromDate": "2023-05-17"}, {"date": "2020-04-22", "symbol": "SWDAF", "eps": 0.38, "epsEstimated": 0.37, "time": "bmo", "revenue": null, "revenueEstimated": null, "fiscalDateEnding": "2020-03-31", "updatedFromDate": "2023-05-17"}, {"date": "2020-04-22", "symbol": "SNBR", "eps": 1.36, "epsEstimated": 0.72, "time": "amc", "revenue": 472566000, "revenueEstimated": 438600313.6875, "fiscalDateEnding": "2020-03-27", "updatedFromDate": "2023-09-29"}, {"date": "2020-04-22", "symbol": "LNTA.L", "eps": null, "epsEstimated": null, "time": "bmo", "revenue": null, "revenueEstimated": null, "fiscalDateEnding": "2020-01-22", "updatedFromDate": "2023-05-17"}, {"date": "2020-04-22", "symbol": "000430.SZ", "eps": -0.06145, "epsEstimated": null, "time": "bmo", "revenue": 24906707.79, "revenueEstimated": null, "fiscalDateEnding": "2020-06-29", "updatedFromDate": "2023-05-17"}, {"date": "2020-04-22", "symbol": "CBTT-B.ST", "eps": 0.13, "epsEstimated": 0.59, "time": "bmo", "revenue": 175348000, "revenueEstimated": null, "fiscalDateEnding": "2020-03-30", "updatedFromDate": "2023-08-16"}, {"date": "2020-04-22", "symbol": "CBRAIN.CO", "eps": null, "epsEstimated": null, "time": "bmo", "revenue": null, "revenueEstimated": null, "fiscalDateEnding": "2020-03-31", "updatedFromDate": "2023-07-24"}, {"date": "2020-04-22", "symbol": "HEIO.AS", "eps": null, "epsEstimated": null, "time": "bmo", "revenue": null, "revenueEstimated": null, "fiscalDateEnding": "2020-03-31", "updatedFromDate": "2023-05-17"}, {"date": "2020-04-22", "symbol": "BOKF", "eps": 0.88, "epsEstimated": 1.34, "time": "bmo", "revenue": 441875000, "revenueEstimated": 672556659.0909091, "fiscalDateEnding": "2020-03-30", "updatedFromDate": "2023-09-29"}, {"date": "2020-04-22", "symbol": "DU.AE", "eps": 0.08, "epsEstimated": null, "time": "bmo", "revenue": null, "revenueEstimated": null, "fiscalDateEnding": "2020-03-31", "updatedFromDate": "2023-05-17"}, {"date": "2020-04-22", "symbol": "NONEF", "eps": 56.01, "epsEstimated": null, "time": "bmo", "revenue": null, "revenueEstimated": null, "fiscalDateEnding": "2020-09-30", "updatedFromDate": "2023-05-17"}, {"date": "2020-04-22", "symbol": "SQZZF", "eps": null, "epsEstimated": null, "time": "bmo", "revenue": null, "revenueEstimated": null, "fiscalDateEnding": "2020-03-31", "updatedFromDate": "2023-05-17"}, {"date": "2020-04-22", "symbol": "ALCOR.PA", "eps": null, "epsEstimated": null, "time": "bmo", "revenue": null, "revenueEstimated": null, "fiscalDateEnding": "2020-01-22", "updatedFromDate": "2023-05-17"}, {"date": "2020-04-22", "symbol": "603816.SS", "eps": 0.52, "epsEstimated": null, "time": "bmo", "revenue": 2287724914.92, "revenueEstimated": null, "fiscalDateEnding": "2020-03-30", "updatedFromDate": "2023-08-16"}, {"date": "2020-04-22", "symbol": "3020.SR", "eps": 0.61, "epsEstimated": 0.42, "time": "bmo", "revenue": 290022103, "revenueEstimated": null, "fiscalDateEnding": "2020-03-31", "updatedFromDate": "2023-08-16"}, {"date": "2020-04-22", "symbol": "TELIA.ST", "eps": 0.39, "epsEstimated": 0.49, "time": "bmo", "revenue": 22427000000, "revenueEstimated": null, "fiscalDateEnding": "2020-03-30", "updatedFromDate": "2023-08-16"}, {"date": "2020-04-22", "symbol": "300470.SZ", "eps": 0.15, "epsEstimated": null, "time": "bmo", "revenue": null, "revenueEstimated": null, "fiscalDateEnding": "2020-03-31", "updatedFromDate": "2023-08-16"}, {"date": "2020-04-22", "symbol": "K71U.SI", "eps": 0.01, "epsEstimated": 0.015, "time": "bmo", "revenue": 36772000, "revenueEstimated": null, "fiscalDateEnding": "2020-01-22", "updatedFromDate": "2023-08-16"}, {"date": "2020-04-22", "symbol": "FIBRAPL14.MX", "eps": -0.48, "epsEstimated": 0.93, "time": "bmo", "revenue": null, "revenueEstimated": null, "fiscalDateEnding": "2020-03-31", "updatedFromDate": "2023-08-16"}, {"date": "2020-04-22", "symbol": "300769.SZ", "eps": 0.09, "epsEstimated": null, "time": "bmo", "revenue": null, "revenueEstimated": null, "fiscalDateEnding": "2020-03-31", "updatedFromDate": "2023-08-16"}, {"date": "2020-04-22", "symbol": "WDP.BR", "eps": 0.449, "epsEstimated": null, "time": "bmo", "revenue": 59845000, "revenueEstimated": null, "fiscalDateEnding": "2020-01-22", "updatedFromDate": "2023-08-16"}, {"date": "2020-04-22", "symbol": "HLX", "eps": -0.14, "epsEstimated": -0.15, "time": "amc", "revenue": 181021000, "revenueEstimated": 281588222.22222227, "fiscalDateEnding": "2020-03-30", "updatedFromDate": "2023-09-29"}, {"date": "2020-04-22", "symbol": "WDPSF", "eps": null, "epsEstimated": null, "time": "bmo", "revenue": null, "revenueEstimated": null, "fiscalDateEnding": "2020-03-31", "updatedFromDate": "2023-08-16"}, {"date": "2020-04-22", "symbol": "PGEJF", "eps": -0.31, "epsEstimated": -0.06, "time": "bmo", "revenue": null, "revenueEstimated": 2928387.0967741925, "fiscalDateEnding": "2020-03-31", "updatedFromDate": "2023-08-16"}, {"date": "2020-04-22", "symbol": "603605.SS", "eps": 0.39, "epsEstimated": 0.53, "time": "bmo", "revenue": 608193650.94, "revenueEstimated": null, "fiscalDateEnding": "2020-03-30", "updatedFromDate": "2023-08-16"}, {"date": "2020-04-22", "symbol": "DVRNF", "eps": null, "epsEstimated": null, "time": "bmo", "revenue": null, "revenueEstimated": null, "fiscalDateEnding": "2020-03-31", "updatedFromDate": "2023-08-16"}, {"date": "2020-04-22", "symbol": "KGAUF", "eps": 0.07, "epsEstimated": 0.014, "time": "bmo", "revenue": 262100000, "revenueEstimated": null, "fiscalDateEnding": "2020-03-31", "updatedFromDate": "2023-08-25"}, {"date": "2020-04-22", "symbol": "MLLGF", "eps": 0.04, "epsEstimated": 0.08, "time": "bmo", "revenue": 318234000, "revenueEstimated": null, "fiscalDateEnding": "2020-03-31", "updatedFromDate": "2023-08-17"}, {"date": "2020-04-22", "symbol": "TELIA1.HE", "eps": 0.39, "epsEstimated": 0.47, "time": "bmo", "revenue": 22427000000, "revenueEstimated": null, "fiscalDateEnding": "2020-03-30", "updatedFromDate": "2023-08-16"}, {"date": "2020-04-22", "symbol": "REJL-B.ST", "eps": 1.61, "epsEstimated": 1.69, "time": "bmo", "revenue": 741700000, "revenueEstimated": null, "fiscalDateEnding": "2020-03-30", "updatedFromDate": "2023-08-16"}, {"date": "2020-04-22", "symbol": "CFPZF", "eps": -0.47, "epsEstimated": -0.25, "time": "bmo", "revenue": null, "revenueEstimated": null, "fiscalDateEnding": "2020-03-30", "updatedFromDate": "2023-08-16"}, {"date": "2020-04-22", "symbol": "CFPUF", "eps": 0.11, "epsEstimated": -0.15, "time": "bmo", "revenue": null, "revenueEstimated": null, "fiscalDateEnding": "2020-03-30", "updatedFromDate": "2023-08-16"}, {"date": "2020-04-22", "symbol": "GJF.OL", "eps": -0.96, "epsEstimated": -0.96, "time": "bmo", "revenue": 5273000000, "revenueEstimated": null, "fiscalDateEnding": "2020-03-30", "updatedFromDate": "2023-08-16"}, {"date": "2020-04-22", "symbol": "300633.SZ", "eps": null, "epsEstimated": null, "time": "bmo", "revenue": null, "revenueEstimated": null, "fiscalDateEnding": "2020-03-31", "updatedFromDate": "2023-08-16"}, {"date": "2020-04-22", "symbol": "HOCXF", "eps": -0.17, "epsEstimated": 0.19, "time": "bmo", "revenue": null, "revenueEstimated": 28835294.117647048, "fiscalDateEnding": "2020-03-31", "updatedFromDate": "2023-08-16"}, {"date": "2020-04-22", "symbol": "HCITY.MX", "eps": -0.17, "epsEstimated": 0.19, "time": "bmo", "revenue": null, "revenueEstimated": null, "fiscalDateEnding": "2020-03-31", "updatedFromDate": "2023-08-16"}, {"date": "2020-04-22", "symbol": "300502.SZ", "eps": 0.12, "epsEstimated": null, "time": "bmo", "revenue": 270030885.97, "revenueEstimated": null, "fiscalDateEnding": "2020-03-30", "updatedFromDate": "2023-08-16"}]}