{
  "result": [
    {
      "date": "2020-07-19",
      "symbol": "688002.SS",
      "eps": 0.5,
      "epsEstimated": null,
      "time": "bmo",
      "revenue": 462441025.73,
      "revenueEstimated": null,
      "fiscalDateEnding": "2020-06-29",
      "updatedFromDate": "2023-08-16"
    },
    {
      "date": "2020-07-19",
      "symbol": "2290.SR",
      "eps": 0.08,
      "epsEstimated": 0.22,
      "time": "amc",
      "revenue": 1020657000,
      "revenueEstimated": null,
      "fiscalDateEnding": "2020-06-29",
      "updatedFromDate": "2023-05-17"
    },
    {
      "date": "2020-07-19",
      "symbol": "RYLPF",
      "eps": 0.35,
      "epsEstimated": 0.18,
      "time": "bmo",
      "revenue": null,
      "revenueEstimated": null,
      "fiscalDateEnding": "2020-06-30",
      "updatedFromDate": "2023-05-17"
    },
    {
      "date": "2020-07-19",
      "symbol": "KPCPF",
      "eps": 0.19,
      "epsEstimated": null,
      "time": "bmo",
      "revenue": null,
      "revenueEstimated": null,
      "fiscalDateEnding": "2020-06-30",
      "updatedFromDate": "2023-05-17"
    },
    {
      "date": "2020-07-19",
      "symbol": "LGT.MC",
      "eps": 0.03722,
      "epsEstimated": null,
      "time": "bmo",
      "revenue": 90878604,
      "revenueEstimated": null,
      "fiscalDateEnding": "2020-04-19",
      "updatedFromDate": "2023-05-17"
    },
    {
      "date": "2020-07-20",
      "symbol": "FRSB",
      "eps": 0.22,
      "epsEstimated": null,
      "time": "bmo",
      "revenue": 3186257,
      "revenueEstimated": null,
      "fiscalDateEnding": "2020-06-30",
      "updatedFromDate": "2023-09-29"
    },
    {
      "date": "2020-07-20",
      "symbol": "600057.SS",
      "eps": 0.17,
      "epsEstimated": null,
      "time": "bmo",
      "revenue": 96261116473.53,
      "revenueEstimated": null,
      "fiscalDateEnding": "2020-06-29",
      "updatedFromDate": "2023-05-17"
    },
    {
      "date": "2020-07-20",
      "symbol": "FMBL",
      "eps": 160.52,
      "epsEstimated": null,
      "time": "bmo",
      "revenue": 72343000,
      "revenueEstimated": null,
      "fiscalDateEnding": "2020-06-30",
      "updatedFromDate": "2023-09-29"
    },
    {
      "date": "2020-07-20",
      "symbol": "TBABF",
      "eps": 2.47,
      "epsEstimated": 1.66,
      "time": "bmo",
      "revenue": null,
      "revenueEstimated": 3870730.2024291493,
      "fiscalDateEnding": "2020-06-30",
      "updatedFromDate": "2023-05-17"
    },
    {
      "date": "2020-07-20",
      "symbol": "LLNW",
      "eps": 0.03,
      "epsEstimated": 0.007,
      "time": "amc",
      "revenue": 58546000,
      "revenueEstimated": 19515333.333333336,
      "fiscalDateEnding": "2020-06-29",
      "updatedFromDate": "2023-05-17"
    },
    {
      "date": "2020-07-20",
      "symbol": "600048.SS",
      "eps": 0.65,
      "epsEstimated": 0.73,
      "time": "bmo",
      "revenue": 49865201660.1,
      "revenueEstimated": null,
      "fiscalDateEnding": "2020-06-29",
      "updatedFromDate": "2023-05-17"
    },
    {
      "date": "2020-07-20",
      "symbol": "PETS",
      "eps": 0.39,
      "epsEstimated": 0.4,
      "time": "bmo",
      "revenue": 96204000,
      "revenueEstimated": 98670769.23076925,
      "fiscalDateEnding": "2020-06-29",
      "updatedFromDate": "2023-09-29"
    },
    {
      "date": "2020-07-20",
      "symbol": "CCK",
      "eps": 1.33,
      "epsEstimated": 1.31,
      "time": "amc",
      "revenue": 2689000000,
      "revenueEstimated": 2628345864.661654,
      "fiscalDateEnding": "2020-06-29",
      "updatedFromDate": "2023-09-29"
    },
    {
      "date": "2020-07-20",
      "symbol": "ADC",
      "eps": 0.47,
      "epsEstimated": 0.39,
      "time": "amc",
      "revenue": 57535000,
      "revenueEstimated": 47741808.510638304,
      "fiscalDateEnding": "2020-06-29",
      "updatedFromDate": "2023-09-29"
    },
    {
      "date": "2020-07-20",
      "symbol": "PQE.V",
      "eps": null,
      "epsEstimated": null,
      "time": "bmo",
      "revenue": null,
      "revenueEstimated": null,
      "fiscalDateEnding": "2020-09-30",
      "updatedFromDate": "2023-05-17"
    },
    {
      "date": "2020-07-20",
      "symbol": "LHFG.BK",
      "eps": 0.025,
      "epsEstimated": null,
      "time": "bmo",
      "revenue": 1587058000,
      "revenueEstimated": null,
      "fiscalDateEnding": "2020-04-20",
      "updatedFromDate": "2023-05-17"
    },
    {
      "date": "2020-07-20",
      "symbol": "EMIRATESNBD.AE",
      "eps": 0.29,
      "epsEstimated": 0.2,
      "time": "bmo",
      "revenue": 5743608000,
      "revenueEstimated": null,
      "fiscalDateEnding": "2020-06-29",
      "updatedFromDate": "2023-05-17"
    },
    {
      "date": "2020-07-20",
      "symbol": "GV.PA",
      "eps": null,
      "epsEstimated": null,
      "time": "bmo",
      "revenue": null,
      "revenueEstimated": null,
      "fiscalDateEnding": "2020-04-20",
      "updatedFromDate": "2023-05-17"
    },
    {
      "date": "2020-07-20",
      "symbol": "EFSC",
      "eps": 0.56,
      "epsEstimated": 0.53,
      "time": "amc",
      "revenue": 75793000,
      "revenueEstimated": 71732660.71428572,
      "fiscalDateEnding": "2020-06-29",
      "updatedFromDate": "2023-09-29"
    },
    {
      "date": "2020-07-20",
      "symbol": "RMCF",
      "eps": -0.61,
      "epsEstimated": null,
      "time": "bmo",
      "revenue": 2703000,
      "revenueEstimated": null,
      "fiscalDateEnding": "2020-05-30",
      "updatedFromDate": "2023-09-29"
    },
    {
      "date": "2020-07-20",
      "symbol": "IMMOU.BR",
      "eps": null,
      "epsEstimated": null,
      "time": "bmo",
      "revenue": null,
      "revenueEstimated": null,
      "fiscalDateEnding": "2020-04-20",
      "updatedFromDate": "2023-10-17"
    },
    {
      "date": "2020-07-20",
      "symbol": "WASH",
      "eps": 1.21,
      "epsEstimated": 0.63,
      "time": "amc",
      "revenue": 57265000,
      "revenueEstimated": 56945436.328125,
      "fiscalDateEnding": "2020-06-29",
      "updatedFromDate": "2023-09-29"
    },
    {
      "date": "2020-07-20",
      "symbol": "PQEFF",
      "eps": -0.01,
      "epsEstimated": null,
      "time": "bmo",
      "revenue": 125768,
      "revenueEstimated": null,
      "fiscalDateEnding": "2020-05-30",
      "updatedFromDate": "2023-09-29"
    },
    {
      "date": "2020-07-20",
      "symbol": "SFBS",
      "eps": 0.75,
      "epsEstimated": 0.7,
      "time": "amc",
      "revenue": 90267000,
      "revenueEstimated": 88741333.33333333,
      "fiscalDateEnding": "2020-06-29",
      "updatedFromDate": "2023-09-29"
    },
    {
      "date": "2020-07-20",
      "symbol": "PHIA.AS",
      "eps": 0.35,
      "epsEstimated": 0.18,
      "time": "bmo",
      "revenue": 4395000000,
      "revenueEstimated": null,
      "fiscalDateEnding": "2020-06-29",
      "updatedFromDate": "2023-05-17"
    },
    {
      "date": "2020-07-20",
      "symbol": "CLNX.MC",
      "eps": -0.03,
      "epsEstimated": null,
      "time": "bmo",
      "revenue": 346663000,
      "revenueEstimated": null,
      "fiscalDateEnding": "2020-06-29",
      "updatedFromDate": "2023-05-17"
    },
    {
      "date": "2020-07-20",
      "symbol": "DIT",
      "eps": 2.77,
      "epsEstimated": null,
      "time": "bmo",
      "revenue": 396854324,
      "revenueEstimated": null,
      "fiscalDateEnding": "2020-06-29",
      "updatedFromDate": "2023-09-29"
    },
    {
      "date": "2020-07-20",
      "symbol": "MAN",
      "eps": 0.18,
      "epsEstimated": 0.13,
      "time": "bmo",
      "revenue": 3742200000,
      "revenueEstimated": 3534300000.0000005,
      "fiscalDateEnding": "2020-06-29",
      "updatedFromDate": "2023-09-29"
    },
    {
      "date": "2020-07-20",
      "symbol": "BMRC",
      "eps": 0.55,
      "epsEstimated": 0.41,
      "time": "bmo",
      "revenue": 26188000,
      "revenueEstimated": 19521963.636363633,
      "fiscalDateEnding": "2020-06-29",
      "updatedFromDate": "2023-09-29"
    },
    {
      "date": "2020-07-20",
      "symbol": "TDNT",
      "eps": -0.31,
      "epsEstimated": null,
      "time": "bmo",
      "revenue": 244102,
      "revenueEstimated": null,
      "fiscalDateEnding": "2020-05-30",
      "updatedFromDate": "2023-09-29"
    },
    {
      "date": "2020-07-20",
      "symbol": "STEF-B.ST",
      "eps": 0.744,
      "epsEstimated": null,
      "time": "bmo",
      "revenue": 160000000,
      "revenueEstimated": null,
      "fiscalDateEnding": "2020-06-29",
      "updatedFromDate": "2023-05-17"
    },
    {
      "date": "2020-07-20",
      "symbol": "ELS",
      "eps": 0.25,
      "epsEstimated": 0.24,
      "time": "amc",
      "revenue": 251277000,
      "revenueEstimated": 242945280,
      "fiscalDateEnding": "2020-06-29",
      "updatedFromDate": "2023-09-29"
    },
    {
      "date": "2020-07-20",
      "symbol": "KHNGF",
      "eps": 1.42,
      "epsEstimated": 1.39,
      "time": "bmo",
      "revenue": null,
      "revenueEstimated": null,
      "fiscalDateEnding": "2020-06-30",
      "updatedFromDate": "2023-05-17"
    },
    {
      "date": "2020-07-20",
      "symbol": "TTB.BK",
      "eps": 0.03,
      "epsEstimated": 0.03094,
      "time": "bmo",
      "revenue": 16133960000,
      "revenueEstimated": null,
      "fiscalDateEnding": "2020-04-20",
      "updatedFromDate": "2023-05-17"
    },
    {
      "date": "2020-07-20",
      "symbol": "KGTFF",
      "eps": 0.27,
      "epsEstimated": 0.38,
      "time": "bmo",
      "revenue": null,
      "revenueEstimated": null,
      "fiscalDateEnding": "2020-04-20",
      "updatedFromDate": "2023-05-17"
    },
    {
      "date": "2020-07-20",
      "symbol": "7949.T",
      "eps": 86.78,
      "epsEstimated": null,
      "time": "bmo",
      "revenue": 10238000000,
      "revenueEstimated": null,
      "fiscalDateEnding": "2020-04-20",
      "updatedFromDate": "2023-10-17"
    },
    {
      "date": "2020-07-20",
      "symbol": "FREY.PA",
      "eps": null,
      "epsEstimated": null,
      "time": "bmo",
      "revenue": null,
      "revenueEstimated": null,
      "fiscalDateEnding": "2020-04-20",
      "updatedFromDate": "2023-05-17"
    },
    {
      "date": "2020-07-20",
      "symbol": "NVSEF",
      "eps": 1.36,
      "epsEstimated": 1.32,
      "time": "bmo",
      "revenue": null,
      "revenueEstimated": null,
      "fiscalDateEnding": "2020-06-30",
      "updatedFromDate": "2023-05-17"
    },
    {
      "date": "2020-07-20",
      "symbol": "KTB.BK",
      "eps": 0.27,
      "epsEstimated": 0.36,
      "time": "bmo",
      "revenue": 29309856000,
      "revenueEstimated": null,
      "fiscalDateEnding": "2020-04-20",
      "updatedFromDate": "2023-05-17"
    },
    {
      "date": "2020-07-20",
      "symbol": "CDNS",
      "eps": 0.66,
      "epsEstimated": 0.52,
      "time": "amc",
      "revenue": 638418000,
      "revenueEstimated": 502996000,
      "fiscalDateEnding": "2020-06-26",
      "updatedFromDate": "2023-09-29"
    },
    {
      "date": "2020-07-20",
      "symbol": "FNCB",
      "eps": 0.2,
      "epsEstimated": null,
      "time": "bmo",
      "revenue": 12081000,
      "revenueEstimated": null,
      "fiscalDateEnding": "2020-06-29",
      "updatedFromDate": "2023-09-29"
    },
    {
      "date": "2020-07-20",
      "symbol": "TBP.TO",
      "eps": -0.01878,
      "epsEstimated": null,
      "time": "bmo",
      "revenue": null,
      "revenueEstimated": null,
      "fiscalDateEnding": "2020-05-30",
      "updatedFromDate": "2023-05-17"
    },
    {
      "date": "2020-07-20",
      "symbol": "CHMG",
      "eps": 1.2,
      "epsEstimated": 0.42,
      "time": "bmo",
      "revenue": 20483000,
      "revenueEstimated": 7234850,
      "fiscalDateEnding": "2020-06-29",
      "updatedFromDate": "2023-09-29"
    },
    {
      "date": "2020-07-20",
      "symbol": "NOBI.ST",
      "eps": -0.33,
      "epsEstimated": -0.08,
      "time": "bmo",
      "revenue": 2741000000,
      "revenueEstimated": null,
      "fiscalDateEnding": "2020-06-29",
      "updatedFromDate": "2023-05-17"
    },
    {
      "date": "2020-07-20",
      "symbol": "BSRR",
      "eps": 0.54,
      "epsEstimated": 0.41,
      "time": "bmo",
      "revenue": 31042000,
      "revenueEstimated": 23568925.925925925,
      "fiscalDateEnding": "2020-06-29",
      "updatedFromDate": "2023-09-29"
    },
    {
      "date": "2020-07-20",
      "symbol": "IAM.PA",
      "eps": null,
      "epsEstimated": null,
      "time": "bmo",
      "revenue": null,
      "revenueEstimated": null,
      "fiscalDateEnding": "2020-06-30",
      "updatedFromDate": "2023-05-17"
    },
    {
      "date": "2020-07-20",
      "symbol": "005070.KS",
      "eps": 16,
      "epsEstimated": null,
      "time": "bmo",
      "revenue": 46001905910,
      "revenueEstimated": null,
      "fiscalDateEnding": "2020-04-20",
      "updatedFromDate": "2023-05-17"
    },
    {
      "date": "2020-07-20",
      "symbol": "PHG",
      "eps": 0.39,
      "epsEstimated": null,
      "time": "bmo",
      "revenue": 4395000000,
      "revenueEstimated": null,
      "fiscalDateEnding": "2020-06-30",
      "updatedFromDate": "2023-09-29"
    },
    {
      "date": "2020-07-20",
      "symbol": "PEBK",
      "eps": 0.44,
      "epsEstimated": null,
      "time": "bmo",
      "revenue": 14632000,
      "revenueEstimated": null,
      "fiscalDateEnding": "2020-06-29",
      "updatedFromDate": "2023-09-29"
    },
    {
      "date": "2020-07-20",
      "symbol": "LOGN.SW",
      "eps": 0.64,
      "epsEstimated": 0.31,
      "time": "bmo",
      "revenue": 1535925000,
      "revenueEstimated": null,
      "fiscalDateEnding": "2020-04-20",
      "updatedFromDate": "2023-10-17"
    },
    {
      "date": "2020-07-20",
      "symbol": "TFINP",
      "eps": 0.542,
      "epsEstimated": 0.07,
      "time": "bmo",
      "revenue": 74522000,
      "revenueEstimated": 3094200,
      "fiscalDateEnding": "2020-06-29",
      "updatedFromDate": "2023-05-17"
    },
    {
      "date": "2020-07-20",
      "symbol": "TFIN",
      "eps": 0.56,
      "epsEstimated": 0.07,
      "time": "amc",
      "revenue": 74522000,
      "revenueEstimated": 402418800,
      "fiscalDateEnding": "2020-06-29",
      "updatedFromDate": "2023-09-29"
    },
    {
      "date": "2020-07-20",
      "symbol": "ONB",
      "eps": 0.32,
      "epsEstimated": 0.25,
      "time": "bmo",
      "revenue": 204132000,
      "revenueEstimated": 159478125,
      "fiscalDateEnding": "2020-06-29",
      "updatedFromDate": "2023-09-29"
    },
    {
      "date": "2020-07-20",
      "symbol": "LOGI",
      "eps": 0.64,
      "epsEstimated": 0.36,
      "time": "amc",
      "revenue": 791894000,
      "revenueEstimated": 778210537.5,
      "fiscalDateEnding": "2020-06-29",
      "updatedFromDate": "2023-09-29"
    },
    {
      "date": "2020-07-20",
      "symbol": "TBPMF",
      "eps": null,
      "epsEstimated": null,
      "time": "bmo",
      "revenue": null,
      "revenueEstimated": null,
      "fiscalDateEnding": "2020-06-30",
      "updatedFromDate": "2023-05-17"
    },
    {
      "date": "2020-07-20",
      "symbol": "PBAM",
      "eps": 0.37,
      "epsEstimated": 0.37,
      "time": "bmo",
      "revenue": 12998000,
      "revenueEstimated": 12998000,
      "fiscalDateEnding": "2020-06-30",
      "updatedFromDate": "2023-09-29"
    },
    {
      "date": "2020-07-20",
      "symbol": "603259.SS",
      "eps": 0.5,
      "epsEstimated": 0.3,
      "time": "bmo",
      "revenue": 4043919274.5,
      "revenueEstimated": null,
      "fiscalDateEnding": "2020-06-29",
      "updatedFromDate": "2023-05-17"
    },
    {
      "date": "2020-07-20",
      "symbol": "MKEAF",
      "eps": null,
      "epsEstimated": null,
      "time": "bmo",
      "revenue": null,
      "revenueEstimated": null,
      "fiscalDateEnding": "2020-06-30",
      "updatedFromDate": "2023-05-17"
    },
    {
      "date": "2020-07-20",
      "symbol": "DISPF",
      "eps": 179.9,
      "epsEstimated": 206.6,
      "time": "bmo",
      "revenue": 48291000000,
      "revenueEstimated": 46855364.09116175,
      "fiscalDateEnding": "2020-04-20",
      "updatedFromDate": "2023-10-16"
    },
    {
      "date": "2020-07-20",
      "symbol": "HAL",
      "eps": 0.05,
      "epsEstimated": -0.11,
      "time": "bmo",
      "revenue": 3196000000,
      "revenueEstimated": 7031199999.999999,
      "fiscalDateEnding": "2020-06-29",
      "updatedFromDate": "2023-09-29"
    },
    {
      "date": "2020-07-20",
      "symbol": "PPLXF",
      "eps": 0.06,
      "epsEstimated": 0.033,
      "time": "bmo",
      "revenue": null,
      "revenueEstimated": null,
      "fiscalDateEnding": "2020-06-30",
      "updatedFromDate": "2023-05-17"
    },
    {
      "date": "2020-07-20",
      "symbol": "CHP-UN.TO",
      "eps": -0.30863,
      "epsEstimated": null,
      "time": "bmo",
      "revenue": 314885000,
      "revenueEstimated": null,
      "fiscalDateEnding": "2020-06-29",
      "updatedFromDate": "2023-05-17"
    },
    {
      "date": "2020-07-20",
      "symbol": "IBM",
      "eps": 2.18,
      "epsEstimated": 2.14,
      "time": "amc",
      "revenue": 18123000000,
      "revenueEstimated": 17291669724.77064,
      "fiscalDateEnding": "2020-06-29",
      "updatedFromDate": "2023-09-29"
    },
    {
      "date": "2020-07-20",
      "symbol": "JAVER.MX",
      "eps": 0.17,
      "epsEstimated": null,
      "time": "bmo",
      "revenue": null,
      "revenueEstimated": null,
      "fiscalDateEnding": "2020-06-30",
      "updatedFromDate": "2023-05-31"
    },
    {
      "date": "2020-07-20",
      "symbol": "CLNXF",
      "eps": -0.03,
      "epsEstimated": null,
      "time": "bmo",
      "revenue": null,
      "revenueEstimated": null,
      "fiscalDateEnding": "2020-06-30",
      "updatedFromDate": "2023-05-17"
    },
    {
      "date": "2020-07-20",
      "symbol": "PSK.TO",
      "eps": -0.00172,
      "epsEstimated": -0.00086,
      "time": "bmo",
      "revenue": 28200000,
      "revenueEstimated": null,
      "fiscalDateEnding": "2020-06-30",
      "updatedFromDate": "2023-05-17"
    },
    {
      "date": "2020-07-20",
      "symbol": "002245.SZ",
      "eps": 0.06,
      "epsEstimated": null,
      "time": "bmo",
      "revenue": 939806396.4,
      "revenueEstimated": null,
      "fiscalDateEnding": "2020-06-29",
      "updatedFromDate": "2023-05-17"
    },
    {
      "date": "2020-07-20",
      "symbol": "MAOTF",
      "eps": null,
      "epsEstimated": null,
      "time": "bmo",
      "revenue": null,
      "revenueEstimated": null,
      "fiscalDateEnding": "2020-06-30",
      "updatedFromDate": "2023-05-17"
    },
    {
      "date": "2020-07-20",
      "symbol": "603187.SS",
      "eps": 0.51,
      "epsEstimated": null,
      "time": "bmo",
      "revenue": 626336941.84,
      "revenueEstimated": null,
      "fiscalDateEnding": "2020-06-29",
      "updatedFromDate": "2023-05-17"
    },
    {
      "date": "2020-07-20",
      "symbol": "SEOJF",
      "eps": 0.13,
      "epsEstimated": 0.1,
      "time": "bmo",
      "revenue": null,
      "revenueEstimated": null,
      "fiscalDateEnding": "2020-06-30",
      "updatedFromDate": "2023-05-17"
    },
    {
      "date": "2020-07-20",
      "symbol": "7020.SR",
      "eps": 0.24,
      "epsEstimated": 0.22,
      "time": "bmo",
      "revenue": 3355013000,
      "revenueEstimated": null,
      "fiscalDateEnding": "2020-04-20",
      "updatedFromDate": "2023-05-17"
    },
    {
      "date": "2020-07-20",
      "symbol": "THLPF",
      "eps": 3.02,
      "epsEstimated": 2.65,
      "time": "bmo",
      "revenue": null,
      "revenueEstimated": null,
      "fiscalDateEnding": "2020-06-30",
      "updatedFromDate": "2023-05-17"
    },
    {
      "date": "2020-07-20",
      "symbol": "ALPRO.PA",
      "eps": null,
      "epsEstimated": null,
      "time": "bmo",
      "revenue": null,
      "revenueEstimated": null,
      "fiscalDateEnding": "2020-04-20",
      "updatedFromDate": "2023-05-17"
    },
    {
      "date": "2020-07-20",
      "symbol": "SSAAF",
      "eps": -0.28,
      "epsEstimated": -0.4,
      "time": "bmo",
      "revenue": null,
      "revenueEstimated": null,
      "fiscalDateEnding": "2020-06-30",
      "updatedFromDate": "2023-05-17"
    },
    {
      "date": "2020-07-20",
      "symbol": "EGIO",
      "eps": 0.03,
      "epsEstimated": 0.00667,
      "time": "bmo",
      "revenue": 58546000,
      "revenueEstimated": null,
      "fiscalDateEnding": "2020-06-29",
      "updatedFromDate": "2023-09-29"
    },
    {
      "date": "2020-07-20",
      "symbol": "PMIR",
      "eps": null,
      "epsEstimated": null,
      "time": "bmo",
      "revenue": null,
      "revenueEstimated": null,
      "fiscalDateEnding": "2020-06-30",
      "updatedFromDate": "2023-05-17"
    },
    {
      "date": "2020-07-20",
      "symbol": "4003.SR",
      "eps": 1.51,
      "epsEstimated": -0.41,
      "time": "bmo",
      "revenue": 1224515984,
      "revenueEstimated": null,
      "fiscalDateEnding": "2020-04-20",
      "updatedFromDate": "2023-05-17"
    },
    {
      "date": "2020-07-20",
      "symbol": "CADE",
      "eps": 0.45,
      "epsEstimated": 0.12,
      "time": "bmo",
      "revenue": 261828000,
      "revenueEstimated": 49243733.333333366,
      "fiscalDateEnding": "2020-06-29",
      "updatedFromDate": "2023-09-29"
    },
    {
      "date": "2020-07-20",
      "symbol": "RANJF",
      "eps": 0.34,
      "epsEstimated": -0.07,
      "time": "bmo",
      "revenue": null,
      "revenueEstimated": null,
      "fiscalDateEnding": "2020-06-30",
      "updatedFromDate": "2023-05-17"
    },
    {
      "date": "2020-07-20",
      "symbol": "KBANK.BK",
      "eps": 0.19,
      "epsEstimated": 2.77,
      "time": "bmo",
      "revenue": 40759546000,
      "revenueEstimated": null,
      "fiscalDateEnding": "2020-06-29",
      "updatedFromDate": "2023-05-17"
    },
    {
      "date": "2020-07-20",
      "symbol": "2125.HK",
      "eps": null,
      "epsEstimated": null,
      "time": "bmo",
      "revenue": null,
      "revenueEstimated": null,
      "fiscalDateEnding": "2020-06-30",
      "updatedFromDate": "2023-05-17"
    },
    {
      "date": "2020-07-20",
      "symbol": "GSBC",
      "eps": 0.93,
      "epsEstimated": 0.55,
      "time": "amc",
      "revenue": 51716000,
      "revenueEstimated": 39562740,
      "fiscalDateEnding": "2020-06-29",
      "updatedFromDate": "2023-09-29"
    },
    {
      "date": "2020-07-20",
      "symbol": "5933.T",
      "eps": 18.83,
      "epsEstimated": null,
      "time": "bmo",
      "revenue": 13391311000,
      "revenueEstimated": null,
      "fiscalDateEnding": "2020-04-20",
      "updatedFromDate": "2023-10-17"
    },
    {
      "date": "2020-07-20",
      "symbol": "KREVF",
      "eps": 0.01,
      "epsEstimated": 0.00818,
      "time": "bmo",
      "revenue": null,
      "revenueEstimated": null,
      "fiscalDateEnding": "2020-04-20",
      "updatedFromDate": "2023-09-29"
    },
    {
      "date": "2020-07-20",
      "symbol": "OXE.ST",
      "eps": -0.08654,
      "epsEstimated": null,
      "time": "bmo",
      "revenue": 21776000,
      "revenueEstimated": null,
      "fiscalDateEnding": "2020-06-29",
      "updatedFromDate": "2023-05-17"
    },
    {
      "date": "2020-07-20",
      "symbol": "TREL-B.ST",
      "eps": 2.47,
      "epsEstimated": 1.66,
      "time": "bmo",
      "revenue": 7689000000,
      "revenueEstimated": null,
      "fiscalDateEnding": "2020-06-29",
      "updatedFromDate": "2023-05-17"
    },
    {
      "date": "2020-07-20",
      "symbol": "STXB",
      "eps": 0.44,
      "epsEstimated": 0.29,
      "time": "amc",
      "revenue": 31033000,
      "revenueEstimated": 18860545.454545453,
      "fiscalDateEnding": "2020-04-20",
      "updatedFromDate": "2023-05-17"
    },
    {
      "date": "2020-07-20",
      "symbol": "WRDEF",
      "eps": null,
      "epsEstimated": null,
      "time": "bmo",
      "revenue": null,
      "revenueEstimated": null,
      "fiscalDateEnding": "2020-06-30",
      "updatedFromDate": "2023-05-17"
    },
    {
      "date": "2020-07-20",
      "symbol": "ZION",
      "eps": 0.34,
      "epsEstimated": 0.38,
      "time": "amc",
      "revenue": 680000000,
      "revenueEstimated": 751578947,
      "fiscalDateEnding": "2020-06-29",
      "updatedFromDate": "2023-09-29"
    },
    {
      "date": "2020-07-20",
      "symbol": "FBK",
      "eps": 0.74,
      "epsEstimated": 0.48,
      "time": "amc",
      "revenue": 136828000,
      "revenueEstimated": 93824914.28571428,
      "fiscalDateEnding": "2020-06-29",
      "updatedFromDate": "2023-09-29"
    },
    {
      "date": "2020-07-20",
      "symbol": "STLD",
      "eps": 0.47,
      "epsEstimated": 0.41,
      "time": "amc",
      "revenue": 2094305000,
      "revenueEstimated": 1559588829.7872343,
      "fiscalDateEnding": "2020-06-29",
      "updatedFromDate": "2023-09-29"
    },
    {
      "date": "2020-07-20",
      "symbol": "BMTC",
      "eps": 0.75,
      "epsEstimated": 0.51,
      "time": "amc",
      "revenue": 57696000,
      "revenueEstimated": 39406680,
      "fiscalDateEnding": "2020-06-29",
      "updatedFromDate": "2023-05-17"
    },
    {
      "date": "2020-07-20",
      "symbol": "PPRQF",
      "eps": null,
      "epsEstimated": null,
      "time": "amc",
      "revenue": null,
      "revenueEstimated": null,
      "fiscalDateEnding": "2020-06-30",
      "updatedFromDate": "2023-05-17"
    },
    {
      "date": "2020-07-20",
      "symbol": "ALSTW.PA",
      "eps": null,
      "epsEstimated": null,
      "time": "bmo",
      "revenue": null,
      "revenueEstimated": null,
      "fiscalDateEnding": "2020-04-20",
      "updatedFromDate": "2023-05-17"
    },
    {
      "date": "2020-07-20",
      "symbol": "BXS",
      "eps": 0.57,
      "epsEstimated": 0.33,
      "time": "amc",
      "revenue": 261828000,
      "revenueEstimated": 176733900,
      "fiscalDateEnding": "2020-06-29",
      "updatedFromDate": "2023-05-17"
    },
    {
      "date": "2020-07-20",
      "symbol": "CALM",
      "eps": 1.24,
      "epsEstimated": 1.2,
      "time": "bmo",
      "revenue": 453333000,
      "revenueEstimated": 438709354.8387097,
      "fiscalDateEnding": "2020-05-29",
      "updatedFromDate": "2023-09-29"
    },
    {
      "date": "2020-07-20",
      "symbol": "FNXTF",
      "eps": 0.02,
      "epsEstimated": null,
      "time": "bmo",
      "revenue": null,
      "revenueEstimated": null,
      "fiscalDateEnding": "2020-06-30",
      "updatedFromDate": "2023-05-17"
    },
    {
      "date": "2020-07-20",
      "symbol": "BYRN",
      "eps": -0.1,
      "epsEstimated": null,
      "time": "bmo",
      "revenue": 1190404,
      "revenueEstimated": null,
      "fiscalDateEnding": "2020-05-30",
      "updatedFromDate": "2023-09-29"
    },
    {
      "date": "2020-07-20",
      "symbol": "GNTY",
      "eps": 0.86,
      "epsEstimated": 0.05,
      "time": "bmo",
      "revenue": 27690000,
      "revenueEstimated": 47845799.99999999,
      "fiscalDateEnding": "2020-06-29",
      "updatedFromDate": "2023-09-29"
    },
    {
      "date": "2020-07-20",
      "symbol": "247540.KQ",
      "eps": 161.38,
      "epsEstimated": 99.26,
      "time": "bmo",
      "revenue": null,
      "revenueEstimated": null,
      "fiscalDateEnding": "2020-06-30",
      "updatedFromDate": "2023-05-17"
    },
    {
      "date": "2020-07-20",
      "symbol": "PBIP",
      "eps": 0.44,
      "epsEstimated": null,
      "time": "bmo",
      "revenue": 9067000,
      "revenueEstimated": null,
      "fiscalDateEnding": "2020-06-29",
      "updatedFromDate": "2023-05-17"
    },
    {
      "date": "2020-07-20",
      "symbol": "SVCBF",
      "eps": 0.65,
      "epsEstimated": 0.68,
      "time": "bmo",
      "revenue": null,
      "revenueEstimated": 248566153.84615386,
      "fiscalDateEnding": "2020-06-30",
      "updatedFromDate": "2023-05-17"
    },
    {
      "date": "2020-07-20",
      "symbol": "KARBF",
      "eps": 0.17,
      "epsEstimated": 0.49,
      "time": "bmo",
      "revenue": null,
      "revenueEstimated": null,
      "fiscalDateEnding": "2020-06-30",
      "updatedFromDate": "2023-05-17"
    },
    {
      "date": "2020-07-20",
      "symbol": "WUXIF",
      "eps": 0.51,
      "epsEstimated": 0.3,
      "time": "bmo",
      "revenue": null,
      "revenueEstimated": null,
      "fiscalDateEnding": "2020-06-30",
      "updatedFromDate": "2023-05-17"
    },
    {
      "date": "2020-07-20",
      "symbol": "PCRBF",
      "eps": -0.06,
      "epsEstimated": -0.12,
      "time": "bmo",
      "revenue": null,
      "revenueEstimated": null,
      "fiscalDateEnding": "2020-06-30",
      "updatedFromDate": "2023-08-16"
    },
    {
      "date": "2020-07-20",
      "symbol": "TBKCP",
      "eps": 0.56,
      "epsEstimated": 0.07,
      "time": "bmo",
      "revenue": 74522000,
      "revenueEstimated": 3094200,
      "fiscalDateEnding": "2020-06-29",
      "updatedFromDate": "2023-05-17"
    },
    {
      "date": "2020-07-20",
      "symbol": "SDMHF",
      "eps": 0.95,
      "epsEstimated": 0.9,
      "time": "bmo",
      "revenue": null,
      "revenueEstimated": null,
      "fiscalDateEnding": "2020-06-30",
      "updatedFromDate": "2023-05-17"
    },
    {
      "date": "2020-07-20",
      "symbol": "ACC",
      "eps": -0.1,
      "epsEstimated": -0.05,
      "time": "amc",
      "revenue": 185547000,
      "revenueEstimated": 92773500,
      "fiscalDateEnding": "2020-06-29",
      "updatedFromDate": "2023-08-16"
    },
    {
      "date": "2020-07-20",
      "symbol": "KHNGY",
      "eps": 0.29,
      "epsEstimated": null,
      "time": "bmo",
      "revenue": 4896000000,
      "revenueEstimated": null,
      "fiscalDateEnding": "2020-06-30",
      "updatedFromDate": "2023-09-29"
    },
    {
      "date": "2020-07-20",
      "symbol": "K71U.SI",
      "eps": 0.01,
      "epsEstimated": 0.00818,
      "time": "bmo",
      "revenue": 42555750,
      "revenueEstimated": null,
      "fiscalDateEnding": "2020-04-20",
      "updatedFromDate": "2023-08-16"
    },
    {
      "date": "2020-07-20",
      "symbol": "GRPBF",
      "eps": 0.17,
      "epsEstimated": 0.09,
      "time": "bmo",
      "revenue": null,
      "revenueEstimated": 2641764.7058823523,
      "fiscalDateEnding": "2020-06-30",
      "updatedFromDate": "2023-08-16"
    },
    {
      "date": "2020-07-20",
      "symbol": "EFL.TO",
      "eps": 0.03788,
      "epsEstimated": null,
      "time": "bmo",
      "revenue": 4799000,
      "revenueEstimated": null,
      "fiscalDateEnding": "2020-06-29",
      "updatedFromDate": "2023-08-16"
    },
    {
      "date": "2020-07-20",
      "symbol": "HMNF",
      "eps": 0.58,
      "epsEstimated": null,
      "time": "bmo",
      "revenue": 10732000,
      "revenueEstimated": null,
      "fiscalDateEnding": "2020-06-29",
      "updatedFromDate": "2023-09-29"
    },
    {
      "date": "2020-07-20",
      "symbol": "2350.SR",
      "eps": -0.27,
      "epsEstimated": -0.16,
      "time": "bmo",
      "revenue": 1536908000,
      "revenueEstimated": null,
      "fiscalDateEnding": "2020-06-29",
      "updatedFromDate": "2023-08-16"
    },
    {
      "date": "2020-07-20",
      "symbol": "LCNB",
      "eps": 0.39,
      "epsEstimated": 0.32,
      "time": "bmo",
      "revenue": 16842000,
      "revenueEstimated": 14208820.512820512,
      "fiscalDateEnding": "2020-06-29",
      "updatedFromDate": "2023-09-29"
    },
    {
      "date": "2020-07-20",
      "symbol": "FTDL",
      "eps": 0.4,
      "epsEstimated": null,
      "time": "bmo",
      "revenue": null,
      "revenueEstimated": null,
      "fiscalDateEnding": "2020-06-30",
      "updatedFromDate": "2023-10-09"
    },
    {
      "date": "2020-07-20",
      "symbol": "MAPGF",
      "eps": 0.01963,
      "epsEstimated": null,
      "time": "bmo",
      "revenue": 132371000,
      "revenueEstimated": null,
      "fiscalDateEnding": "2020-06-30",
      "updatedFromDate": "2023-11-28"
    },
    {
      "date": "2020-07-20",
      "symbol": "TBK",
      "eps": 0.56,
      "epsEstimated": 0.07,
      "time": "amc",
      "revenue": 74522000,
      "revenueEstimated": 402418800,
      "fiscalDateEnding": "2020-06-29",
      "updatedFromDate": "2023-08-16"
    },
    {
      "date": "2020-07-20",
      "symbol": "EMBR3.SA",
      "eps": -0.42844,
      "epsEstimated": null,
      "time": "bmo",
      "revenue": 537200000,
      "revenueEstimated": null,
      "fiscalDateEnding": "2020-06-29",
      "updatedFromDate": "2023-08-16"
    },
    {
      "date": "2020-07-20",
      "symbol": "SKUFF",
      "eps": 0.75,
      "epsEstimated": 1.22,
      "time": "bmo",
      "revenue": null,
      "revenueEstimated": 79706666.66666666,
      "fiscalDateEnding": "2020-06-30",
      "updatedFromDate": "2023-05-17"
    },
    {
      "date": "2020-07-20",
      "symbol": "086520.KQ",
      "eps": 717.85,
      "epsEstimated": 152.39,
      "time": "bmo",
      "revenue": null,
      "revenueEstimated": null,
      "fiscalDateEnding": "2020-06-30",
      "updatedFromDate": "2023-05-17"
    },
    {
      "date": "2020-07-20",
      "symbol": "KTB1.F",
      "eps": 0.27,
      "epsEstimated": 0.38,
      "time": "bmo",
      "revenue": null,
      "revenueEstimated": null,
      "fiscalDateEnding": "2020-06-30",
      "updatedFromDate": "2023-05-17"
    },
    {
      "date": "2020-07-20",
      "symbol": "SUVPF",
      "eps": 0.98,
      "epsEstimated": 0.96,
      "time": "bmo",
      "revenue": null,
      "revenueEstimated": 12540903.18367347,
      "fiscalDateEnding": "2020-06-30",
      "updatedFromDate": "2023-05-17"
    },
    {
      "date": "2020-07-20",
      "symbol": "2359.HK",
      "eps": 0.51,
      "epsEstimated": 0.3,
      "time": "bmo",
      "revenue": 4043919274.5,
      "revenueEstimated": null,
      "fiscalDateEnding": "2020-06-29",
      "updatedFromDate": "2023-08-16"
    },
    {
      "date": "2020-07-20",
      "symbol": "CMMCF",
      "eps": null,
      "epsEstimated": null,
      "time": "bmo",
      "revenue": null,
      "revenueEstimated": null,
      "fiscalDateEnding": "2020-06-30",
      "updatedFromDate": "2023-05-17"
    },
    {
      "date": "2020-07-20",
      "symbol": "NNDNF",
      "eps": 34.63,
      "epsEstimated": 14.56,
      "time": "bmo",
      "revenue": null,
      "revenueEstimated": null,
      "fiscalDateEnding": "2020-12-31",
      "updatedFromDate": "2023-05-17"
    },
    {
      "date": "2020-07-20",
      "symbol": "ALFVF",
      "eps": 3.07,
      "epsEstimated": 2.06,
      "time": "bmo",
      "revenue": null,
      "revenueEstimated": null,
      "fiscalDateEnding": "2020-06-30",
      "updatedFromDate": "2023-05-17"
    },
    {
      "date": "2020-07-20",
      "symbol": "300617.SZ",
      "eps": null,
      "epsEstimated": null,
      "time": "bmo",
      "revenue": null,
      "revenueEstimated": null,
      "fiscalDateEnding": "2020-06-30",
      "updatedFromDate": "2023-05-17"
    },
    {
      "date": "2020-07-20",
      "symbol": "MKEA.PA",
      "eps": null,
      "epsEstimated": null,
      "time": "bmo",
      "revenue": null,
      "revenueEstimated": null,
      "fiscalDateEnding": "2020-06-30",
      "updatedFromDate": "2023-05-17"
    },
    {
      "date": "2020-07-20",
      "symbol": "QEWS.QA",
      "eps": 0.31,
      "epsEstimated": 0.3,
      "time": "bmo",
      "revenue": null,
      "revenueEstimated": null,
      "fiscalDateEnding": "2020-06-30",
      "updatedFromDate": "2023-08-16"
    },
    {
      "date": "2020-07-20",
      "symbol": "EFLVF",
      "eps": null,
      "epsEstimated": null,
      "time": "amc",
      "revenue": null,
      "revenueEstimated": null,
      "fiscalDateEnding": "2020-06-30",
      "updatedFromDate": "2023-08-16"
    },
    {
      "date": "2020-07-20",
      "symbol": "300601.SZ",
      "eps": 0.25,
      "epsEstimated": null,
      "time": "bmo",
      "revenue": 692740965.95,
      "revenueEstimated": null,
      "fiscalDateEnding": "2020-06-29",
      "updatedFromDate": "2023-08-16"
    },
    {
      "date": "2020-07-20",
      "symbol": "LII",
      "eps": 2.97,
      "epsEstimated": 2.63,
      "time": "bmo",
      "revenue": 941300000,
      "revenueEstimated": 833541750.8417507,
      "fiscalDateEnding": "2020-06-29",
      "updatedFromDate": "2023-09-29"
    },
    {
      "date": "2020-07-20",
      "symbol": "KKP.BK",
      "eps": 1.4,
      "epsEstimated": 1.26,
      "time": "bmo",
      "revenue": 4353881000,
      "revenueEstimated": null,
      "fiscalDateEnding": "2020-06-29",
      "updatedFromDate": "2023-08-16"
    },
    {
      "date": "2020-07-20",
      "symbol": "MSVB",
      "eps": 0.1,
      "epsEstimated": null,
      "time": "bmo",
      "revenue": 1845000,
      "revenueEstimated": null,
      "fiscalDateEnding": "2020-06-29",
      "updatedFromDate": "2023-09-29"
    },
    {
      "date": "2020-07-20",
      "symbol": "PREKF",
      "eps": -0.00172,
      "epsEstimated": -0.00086,
      "time": "bmo",
      "revenue": 28200000,
      "revenueEstimated": null,
      "fiscalDateEnding": "2020-06-30",
      "updatedFromDate": "2023-08-17"
    },
    {
      "date": "2020-07-20",
      "symbol": "M44U.SI",
      "eps": 0.04936,
      "epsEstimated": null,
      "time": "bmo",
      "revenue": 157024000,
      "revenueEstimated": null,
      "fiscalDateEnding": "2020-04-20",
      "updatedFromDate": "2023-10-16"
    },
    {
      "date": "2020-07-20",
      "symbol": "FGELF",
      "eps": 32.64,
      "epsEstimated": 7.65,
      "time": "bmo",
      "revenue": null,
      "revenueEstimated": null,
      "fiscalDateEnding": "2020-06-30",
      "updatedFromDate": "2023-05-17"
    },
    {
      "date": "2020-07-21",
      "symbol": "PLSDF",
      "eps": -0.04,
      "epsEstimated": null,
      "time": "bmo",
      "revenue": null,
      "revenueEstimated": null,
      "fiscalDateEnding": "2020-06-30",
      "updatedFromDate": "2023-05-17"
    },
    {
      "date": "2020-07-21",
      "symbol": "UCBIO",
      "eps": 0.32,
      "epsEstimated": 0.32,
      "time": "bmo",
      "revenue": 115999000,
      "revenueEstimated": 115999000,
      "fiscalDateEnding": "2020-06-29",
      "updatedFromDate": "2023-05-17"
    },
    {
      "date": "2020-07-21",
      "symbol": "QIGD.QA",
      "eps": null,
      "epsEstimated": null,
      "time": "bmo",
      "revenue": null,
      "revenueEstimated": null,
      "fiscalDateEnding": "2020-06-30",
      "updatedFromDate": "2023-05-17"
    },
    {
      "date": "2020-07-21",
      "symbol": "STE-A.ST",
      "eps": 0.13,
      "epsEstimated": 0.11,
      "time": "bmo",
      "revenue": 2114000000,
      "revenueEstimated": null,
      "fiscalDateEnding": "2020-06-29",
      "updatedFromDate": "2023-05-17"
    },
    {
      "date": "2020-07-21",
      "symbol": "EBSB",
      "eps": 0.34,
      "epsEstimated": 0.26,
      "time": "bmo",
      "revenue": 51834000,
      "revenueEstimated": 42845705.88235294,
      "fiscalDateEnding": "2020-06-29",
      "updatedFromDate": "2023-05-17"
    },
    {
      "date": "2020-07-21",
      "symbol": "2459.TW",
      "eps": 0.96,
      "epsEstimated": null,
      "time": "bmo",
      "revenue": 1381874000,
      "revenueEstimated": null,
      "fiscalDateEnding": "2020-06-29",
      "updatedFromDate": "2023-05-17"
    },
    {
      "date": "2020-07-21",
      "symbol": "NVS",
      "eps": 1.35,
      "epsEstimated": 1.29,
      "time": "bmo",
      "revenue": 11622000000,
      "revenueEstimated": 11178412213,
      "fiscalDateEnding": "2020-06-30",
      "updatedFromDate": "2023-09-29"
    },
    {
      "date": "2020-07-21",
      "symbol": "BBL.BK",
      "eps": 1.62,
      "epsEstimated": 3.84,
      "time": "bmo",
      "revenue": 33673064000,
      "revenueEstimated": null,
      "fiscalDateEnding": "2020-06-29",
      "updatedFromDate": "2023-05-17"
    },
    {
      "date": "2020-07-21",
      "symbol": "PFBC",
      "eps": 1.03,
      "epsEstimated": 0.83,
      "time": "amc",
      "revenue": 43609000,
      "revenueEstimated": 2026634.3689320388,
      "fiscalDateEnding": "2020-06-30",
      "updatedFromDate": "2023-09-29"
    },
    {
      "date": "2020-07-21",
      "symbol": "CNI",
      "eps": 0.92,
      "epsEstimated": 0.92,
      "time": "amc",
      "revenue": 3209000000,
      "revenueEstimated": 3133789062.5,
      "fiscalDateEnding": "2020-06-30",
      "updatedFromDate": "2023-09-29"
    },
    {
      "date": "2020-07-21",
      "symbol": "COF-PK",
      "eps": -2.21,
      "epsEstimated": -1.68,
      "time": "bmo",
      "revenue": 6556000000,
      "revenueEstimated": null,
      "fiscalDateEnding": "2020-06-29",
      "updatedFromDate": "2023-05-17"
    },
    {
      "date": "2020-07-21",
      "symbol": "CNR.TO",
      "eps": 1.28,
      "epsEstimated": 1.26,
      "time": "bmo",
      "revenue": 3209000000,
      "revenueEstimated": null,
      "fiscalDateEnding": "2020-06-29",
      "updatedFromDate": "2023-05-17"
    },
    {
      "date": "2020-07-21",
      "symbol": "LMT",
      "eps": 6.13,
      "epsEstimated": 5.72,
      "time": "bmo",
      "revenue": 16220000000,
      "revenueEstimated": 16023903281.519861,
      "fiscalDateEnding": "2020-06-27",
      "updatedFromDate": "2023-09-29"
    },
    {
      "date": "2020-07-21",
      "symbol": "WTFC",
      "eps": 0.34,
      "epsEstimated": 0.7,
      "time": "amc",
      "revenue": 424422000,
      "revenueEstimated": 578419740,
      "fiscalDateEnding": "2020-06-29",
      "updatedFromDate": "2023-09-29"
    },
    {
      "date": "2020-07-21",
      "symbol": "SYF",
      "eps": 0.06,
      "epsEstimated": 0.15,
      "time": "bmo",
      "revenue": 2718000000,
      "revenueEstimated": 8727500000,
      "fiscalDateEnding": "2020-06-29",
      "updatedFromDate": "2023-09-29"
    },
    {
      "date": "2020-07-21",
      "symbol": "ALMDG.PA",
      "eps": null,
      "epsEstimated": null,
      "time": "bmo",
      "revenue": null,
      "revenueEstimated": null,
      "fiscalDateEnding": "2020-04-21",
      "updatedFromDate": "2023-05-17"
    },
    {
      "date": "2020-07-21",
      "symbol": "KACPF",
      "eps": 3.98,
      "epsEstimated": null,
      "time": "bmo",
      "revenue": null,
      "revenueEstimated": null,
      "fiscalDateEnding": "2020-12-31",
      "updatedFromDate": "2023-05-17"
    },
    {
      "date": "2020-07-21",
      "symbol": "NEOG",
      "eps": 0.16,
      "epsEstimated": 0.15,
      "time": "bmo",
      "revenue": 109074000,
      "revenueEstimated": 105555483.87096775,
      "fiscalDateEnding": "2020-05-30",
      "updatedFromDate": "2023-09-29"
    },
    {
      "date": "2020-07-21",
      "symbol": "BAY.BK",
      "eps": 0.88,
      "epsEstimated": 0.83,
      "time": "bmo",
      "revenue": 26748434000,
      "revenueEstimated": null,
      "fiscalDateEnding": "2020-06-29",
      "updatedFromDate": "2023-08-16"
    },
    {
      "date": "2020-07-21",
      "symbol": "AROW",
      "eps": 0.57,
      "epsEstimated": 0.51,
      "time": "bmo",
      "revenue": 32006000,
      "revenueEstimated": 28208677.9661017,
      "fiscalDateEnding": "2020-06-29",
      "updatedFromDate": "2023-09-29"
    },
    {
      "date": "2020-07-21",
      "symbol": "PRIC-B.ST",
      "eps": -0.06,
      "epsEstimated": -0.12,
      "time": "bmo",
      "revenue": 287600000,
      "revenueEstimated": null,
      "fiscalDateEnding": "2020-06-30",
      "updatedFromDate": "2023-08-17"
    },
    {
      "date": "2020-07-21",
      "symbol": "USNA",
      "eps": 1.32,
      "epsEstimated": 1.08,
      "time": "amc",
      "revenue": 258991000,
      "revenueEstimated": 211901727.27272728,
      "fiscalDateEnding": "2020-06-26",
      "updatedFromDate": "2023-09-29"
    },
    {
      "date": "2020-07-21",
      "symbol": "FULT",
      "eps": 0.24,
      "epsEstimated": 0.1,
      "time": "amc",
      "revenue": 208675000,
      "revenueEstimated": 89692083.33333334,
      "fiscalDateEnding": "2020-06-29",
      "updatedFromDate": "2023-09-29"
    },
    {
      "date": "2020-07-21",
      "symbol": "MAPIF",
      "eps": 0.03,
      "epsEstimated": 0.02182,
      "time": "bmo",
      "revenue": 379130000,
      "revenueEstimated": 76300000,
      "fiscalDateEnding": "2020-04-21",
      "updatedFromDate": "2023-10-17"
    },
    {
      "date": "2020-07-21",
      "symbol": "4200.SR",
      "eps": 0.19,
      "epsEstimated": null,
      "time": "bmo",
      "revenue": 719280569,
      "revenueEstimated": null,
      "fiscalDateEnding": "2020-06-30",
      "updatedFromDate": "2023-05-17"
    },
    {
      "date": "2020-07-21",
      "symbol": "CIT",
      "eps": -0.99,
      "epsEstimated": -0.5,
      "time": "bmo",
      "revenue": 527400000,
      "revenueEstimated": 446050610.15625,
      "fiscalDateEnding": "2020-06-29",
      "updatedFromDate": "2023-05-17"
    },
    {
      "date": "2020-07-21",
      "symbol": "PCAR",
      "eps": 0.29,
      "epsEstimated": 0.21,
      "time": "bmo",
      "revenue": 3062200000,
      "revenueEstimated": 2207632558.139535,
      "fiscalDateEnding": "2020-06-29",
      "updatedFromDate": "2023-09-29"
    },
    {
      "date": "2020-07-21",
      "symbol": "GHT.L",
      "eps": null,
      "epsEstimated": null,
      "time": "bmo",
      "revenue": null,
      "revenueEstimated": null,
      "fiscalDateEnding": "2020-06-30",
      "updatedFromDate": "2023-10-16"
    },
    {
      "date": "2020-07-21",
      "symbol": "PNFPP",
      "eps": 0.83,
      "epsEstimated": 0.88,
      "time": "bmo",
      "revenue": 239751000,
      "revenueEstimated": null,
      "fiscalDateEnding": "2020-06-29",
      "updatedFromDate": "2023-05-17"
    },
    {
      "date": "2020-07-21",
      "symbol": "SSH1V.HE",
      "eps": -0.02,
      "epsEstimated": -0.015,
      "time": "bmo",
      "revenue": 2600000,
      "revenueEstimated": null,
      "fiscalDateEnding": "2020-06-29",
      "updatedFromDate": "2023-08-16"
    },
    {
      "date": "2020-07-21",
      "symbol": "SABK",
      "eps": 0.28,
      "epsEstimated": null,
      "time": "bmo",
      "revenue": 9740000,
      "revenueEstimated": null,
      "fiscalDateEnding": "2020-06-30",
      "updatedFromDate": "2023-09-29"
    },
    {
      "date": "2020-07-21",
      "symbol": "KNIN.SW",
      "eps": 1.42,
      "epsEstimated": 1.39,
      "time": "bmo",
      "revenue": 4896000000,
      "revenueEstimated": null,
      "fiscalDateEnding": "2020-06-29",
      "updatedFromDate": "2023-08-16"
    },
    {
      "date": "2020-07-21",
      "symbol": "KB",
      "eps": 2.04,
      "epsEstimated": null,
      "time": "amc",
      "revenue": 3765414000000,
      "revenueEstimated": null,
      "fiscalDateEnding": "2020-06-30",
      "updatedFromDate": "2023-09-29"
    },
    {
      "date": "2020-07-21",
      "symbol": "FMBIP",
      "eps": 0.19,
      "epsEstimated": 0.15,
      "time": "bmo",
      "revenue": 183314000,
      "revenueEstimated": 114658421.05263159,
      "fiscalDateEnding": "2020-09-29",
      "updatedFromDate": "2023-05-17"
    },
    {
      "date": "2020-07-21",
      "symbol": "QUCOF",
      "eps": null,
      "epsEstimated": 5,
      "time": "bmo",
      "revenue": null,
      "revenueEstimated": null,
      "fiscalDateEnding": "2020-06-30",
      "updatedFromDate": "2023-05-17"
    },
    {
      "date": "2020-07-21",
      "symbol": "OGI.TO",
      "eps": 0.3,
      "epsEstimated": 0.0245,
      "time": "bmo",
      "revenue": 18021000,
      "revenueEstimated": null,
      "fiscalDateEnding": "2020-05-31",
      "updatedFromDate": "2023-10-16"
    },
    {
      "date": "2020-07-21",
      "symbol": "IBKR",
      "eps": 0.57,
      "epsEstimated": 0.3,
      "time": "amc",
      "revenue": 587000000,
      "revenueEstimated": 454781250,
      "fiscalDateEnding": "2020-06-29",
      "updatedFromDate": "2023-09-29"
    },
    {
      "date": "2020-07-21",
      "symbol": "JFEYF",
      "eps": 39.51,
      "epsEstimated": null,
      "time": "bmo",
      "revenue": null,
      "revenueEstimated": null,
      "fiscalDateEnding": "2020-12-31",
      "updatedFromDate": "2023-05-17"
    },
    {
      "date": "2020-07-21",
      "symbol": "VAIAS.HE",
      "eps": 0.16,
      "epsEstimated": 0.17,
      "time": "bmo",
      "revenue": 91400000,
      "revenueEstimated": null,
      "fiscalDateEnding": "2020-06-30",
      "updatedFromDate": "2023-05-17"
    },
    {
      "date": "2020-07-21",
      "symbol": "STEAV.HE",
      "eps": 0.1863,
      "epsEstimated": null,
      "time": "bmo",
      "revenue": 2114000000,
      "revenueEstimated": null,
      "fiscalDateEnding": "2020-06-29",
      "updatedFromDate": "2023-05-17"
    },
    {
      "date": "2020-07-21",
      "symbol": "SNV-PE",
      "eps": 0.23,
      "epsEstimated": 0.06,
      "time": "bmo",
      "revenue": 550050000,
      "revenueEstimated": null,
      "fiscalDateEnding": "2020-06-29",
      "updatedFromDate": "2023-05-17"
    },
    {
      "date": "2020-07-21",
      "symbol": "047050.KS",
      "eps": 722,
      "epsEstimated": 618.63,
      "time": "bmo",
      "revenue": 5068150483000,
      "revenueEstimated": null,
      "fiscalDateEnding": "2020-04-21",
      "updatedFromDate": "2023-05-17"
    },
    {
      "date": "2020-07-21",
      "symbol": "GPK",
      "eps": 0.26,
      "epsEstimated": 0.19,
      "time": "bmo",
      "revenue": 1611000000,
      "revenueEstimated": 1177269230.7692306,
      "fiscalDateEnding": "2020-06-29",
      "updatedFromDate": "2023-09-29"
    },
    {
      "date": "2020-07-21",
      "symbol": "STERV.HE",
      "eps": 0.13,
      "epsEstimated": 0.1,
      "time": "bmo",
      "revenue": 2114000000,
      "revenueEstimated": null,
      "fiscalDateEnding": "2020-06-29",
      "updatedFromDate": "2023-05-17"
    },
    {
      "date": "2020-07-21",
      "symbol": "BETS-B.ST",
      "eps": 0.13,
      "epsEstimated": 0.13,
      "time": "bmo",
      "revenue": 1532800000,
      "revenueEstimated": null,
      "fiscalDateEnding": "2020-06-29",
      "updatedFromDate": "2023-05-17"
    },
    {
      "date": "2020-07-21",
      "symbol": "MBWM",
      "eps": 0.54,
      "epsEstimated": 0.32,
      "time": "bmo",
      "revenue": 41555000,
      "revenueEstimated": 32140194.75,
      "fiscalDateEnding": "2020-06-29",
      "updatedFromDate": "2023-09-29"
    },
    {
      "date": "2020-07-21",
      "symbol": "TRNS",
      "eps": 0.11,
      "epsEstimated": -0.05,
      "time": "amc",
      "revenue": 48762000,
      "revenueEstimated": 10610181.818181826,
      "fiscalDateEnding": "2020-04-21",
      "updatedFromDate": "2023-10-10"
    },
    {
      "date": "2020-07-21",
      "symbol": "NCBS",
      "eps": 1.28,
      "epsEstimated": 0.94,
      "time": "bmo",
      "revenue": 48968000,
      "revenueEstimated": 35960875,
      "fiscalDateEnding": "2020-06-29",
      "updatedFromDate": "2023-05-17"
    },
    {
      "date": "2020-07-21",
      "symbol": "FR.PA",
      "eps": -1.13729,
      "epsEstimated": null,
      "time": "bmo",
      "revenue": 4109000000,
      "revenueEstimated": null,
      "fiscalDateEnding": "2020-04-21",
      "updatedFromDate": "2023-08-17"
    },
    {
      "date": "2020-07-21",
      "symbol": "DIM.PA",
      "eps": 0.95,
      "epsEstimated": 0.9,
      "time": "bmo",
      "revenue": 447000000,
      "revenueEstimated": null,
      "fiscalDateEnding": "2020-06-29",
      "updatedFromDate": "2023-05-17"
    },
    {
      "date": "2020-07-21",
      "symbol": "BTSNF",
      "eps": 0.13,
      "epsEstimated": 0.13,
      "time": "bmo",
      "revenue": null,
      "revenueEstimated": null,
      "fiscalDateEnding": "2020-06-30",
      "updatedFromDate": "2023-05-17"
    },
    {
      "date": "2020-07-21",
      "symbol": "PSD.TO",
      "eps": -0.04,
      "epsEstimated": null,
      "time": "bmo",
      "revenue": 1941000,
      "revenueEstimated": null,
      "fiscalDateEnding": "2020-06-29",
      "updatedFromDate": "2023-05-17"
    },
    {
      "date": "2020-07-21",
      "symbol": "CIMBT.BK",
      "eps": 0.00234,
      "epsEstimated": null,
      "time": "bmo",
      "revenue": 3236632000,
      "revenueEstimated": null,
      "fiscalDateEnding": "2020-04-21",
      "updatedFromDate": "2023-05-17"
    },
    {
      "date": "2020-07-21",
      "symbol": "SCZC",
      "eps": 0.45,
      "epsEstimated": null,
      "time": "bmo",
      "revenue": 11637000,
      "revenueEstimated": null,
      "fiscalDateEnding": "2020-06-30",
      "updatedFromDate": "2023-09-29"
    },
    {
      "date": "2020-07-21",
      "symbol": "RCN.L",
      "eps": null,
      "epsEstimated": null,
      "time": "bmo",
      "revenue": null,
      "revenueEstimated": null,
      "fiscalDateEnding": "2020-04-21",
      "updatedFromDate": "2023-10-16"
    },
    {
      "date": "2020-07-21",
      "symbol": "SCA-B.ST",
      "eps": 0.65,
      "epsEstimated": 0.68,
      "time": "bmo",
      "revenue": 4687000000,
      "revenueEstimated": null,
      "fiscalDateEnding": "2020-06-29",
      "updatedFromDate": "2023-05-17"
    },
    {
      "date": "2020-07-21",
      "symbol": "AMTD",
      "eps": 1.09,
      "epsEstimated": 0.85,
      "time": "amc",
      "revenue": 1118540173,
      "revenueEstimated": 1236788990.8256881,
      "fiscalDateEnding": "2020-04-21",
      "updatedFromDate": "2023-09-29"
    },
    {
      "date": "2020-07-21",
      "symbol": "GATX",
      "eps": 1.05,
      "epsEstimated": 0.94,
      "time": "bmo",
      "revenue": 300500000,
      "revenueEstimated": 269019047.6190476,
      "fiscalDateEnding": "2020-06-29",
      "updatedFromDate": "2023-09-29"
    },
    {
      "date": "2020-07-21",
      "symbol": "ALFVY",
      "eps": 0.32,
      "epsEstimated": null,
      "time": "bmo",
      "revenue": 10455000000,
      "revenueEstimated": null,
      "fiscalDateEnding": "2020-06-30",
      "updatedFromDate": "2023-09-29"
    },
    {
      "date": "2020-07-21",
      "symbol": "DSCSY",
      "eps": 0.06,
      "epsEstimated": 0.06,
      "time": "bmo",
      "revenue": 48291000000,
      "revenueEstimated": null,
      "fiscalDateEnding": "2020-04-21",
      "updatedFromDate": "2023-10-17"
    },
    {
      "date": "2020-07-21",
      "symbol": "SVIK.ST",
      "eps": 1,
      "epsEstimated": -1.91,
      "time": "bmo",
      "revenue": 167800000,
      "revenueEstimated": null,
      "fiscalDateEnding": "2020-06-29",
      "updatedFromDate": "2023-08-16"
    },
    {
      "date": "2020-07-21",
      "symbol": "300443.SZ",
      "eps": 0.5,
      "epsEstimated": null,
      "time": "bmo",
      "revenue": 347980145.04,
      "revenueEstimated": null,
      "fiscalDateEnding": "2020-06-29",
      "updatedFromDate": "2023-08-16"
    },
    {
      "date": "2020-07-21",
      "symbol": "NETI-B.ST",
      "eps": 0.00466,
      "epsEstimated": 0.00233,
      "time": "bmo",
      "revenue": 104957000,
      "revenueEstimated": null,
      "fiscalDateEnding": "2020-06-29",
      "updatedFromDate": "2023-08-16"
    },
    {
      "date": "2020-07-21",
      "symbol": "POXEL.PA",
      "eps": null,
      "epsEstimated": -0.66,
      "time": "bmo",
      "revenue": null,
      "revenueEstimated": null,
      "fiscalDateEnding": "2020-04-21",
      "updatedFromDate": "2023-08-16"
    },
    {
      "date": "2020-07-21",
      "symbol": "022100.KQ",
      "eps": 66,
      "epsEstimated": 156.92,
      "time": "bmo",
      "revenue": null,
      "revenueEstimated": null,
      "fiscalDateEnding": "2020-06-30",
      "updatedFromDate": "2023-08-16"
    },
    {
      "date": "2020-07-21",
      "symbol": "PXXLF",
      "eps": null,
      "epsEstimated": -0.66,
      "time": "bmo",
      "revenue": null,
      "revenueEstimated": null,
      "fiscalDateEnding": "2020-06-30",
      "updatedFromDate": "2023-08-16"
    },
    {
      "date": "2020-07-21",
      "symbol": "TLGO.MC",
      "eps": -0.09,
      "epsEstimated": 0.08,
      "time": "bmo",
      "revenue": 487100000,
      "revenueEstimated": null,
      "fiscalDateEnding": "2020-04-21",
      "updatedFromDate": "2023-08-16"
    },
    {
      "date": "2020-07-21",
      "symbol": "002299.SZ",
      "eps": 0.51,
      "epsEstimated": 0.89,
      "time": "bmo",
      "revenue": 3514360235.38,
      "revenueEstimated": null,
      "fiscalDateEnding": "2020-06-29",
      "updatedFromDate": "2023-08-16"
    },
    {
      "date": "2020-07-21",
      "symbol": "COTTO.BK",
      "eps": 0.00694,
      "epsEstimated": null,
      "time": "bmo",
      "revenue": 2369118000,
      "revenueEstimated": null,
      "fiscalDateEnding": "2020-06-29",
      "updatedFromDate": "2023-08-16"
    },
    {
      "date": "2020-07-21",
      "symbol": "MSON-A.ST",
      "eps": 0.44,
      "epsEstimated": null,
      "time": "bmo",
      "revenue": 859000000,
      "revenueEstimated": null,
      "fiscalDateEnding": "2020-06-29",
      "updatedFromDate": "2023-08-16"
    },
    {
      "date": "2020-07-21",
      "symbol": "SDTHF",
      "eps": 1.07,
      "epsEstimated": 0.6,
      "time": "bmo",
      "revenue": null,
      "revenueEstimated": null,
      "fiscalDateEnding": "2020-06-30",
      "updatedFromDate": "2023-08-16"
    },
    {
      "date": "2020-07-21",
      "symbol": "MSON-B.ST",
      "eps": 0.44,
      "epsEstimated": null,
      "time": "bmo",
      "revenue": 859000000,
      "revenueEstimated": null,
      "fiscalDateEnding": "2020-06-29",
      "updatedFromDate": "2023-08-16"
    },
    {
      "date": "2020-07-21",
      "symbol": "WHA.AS",
      "eps": null,
      "epsEstimated": null,
      "time": "bmo",
      "revenue": null,
      "revenueEstimated": null,
      "fiscalDateEnding": "2020-04-21",
      "updatedFromDate": "2023-05-17"
    },
    {
      "date": "2020-07-21",
      "symbol": "OBIIF",
      "eps": 110.14,
      "epsEstimated": 93.3,
      "time": "bmo",
      "revenue": null,
      "revenueEstimated": 25328400.217904486,
      "fiscalDateEnding": "2020-12-31",
      "updatedFromDate": "2023-09-29"
    },
    {
      "date": "2020-07-21",
      "symbol": "RESURS.ST",
      "eps": 1.42,
      "epsEstimated": 1.44,
      "time": "bmo",
      "revenue": null,
      "revenueEstimated": null,
      "fiscalDateEnding": "2020-06-30",
      "updatedFromDate": "2023-05-17"
    },
    {
      "date": "2020-07-21",
      "symbol": "CDNIF",
      "eps": null,
      "epsEstimated": null,
      "time": "bmo",
      "revenue": null,
      "revenueEstimated": null,
      "fiscalDateEnding": "2020-09-30",
      "updatedFromDate": "2023-05-17"
    },
    {
      "date": "2020-07-21",
      "symbol": "ABLZF",
      "eps": 0.22,
      "epsEstimated": 0.13,
      "time": "bmo",
      "revenue": null,
      "revenueEstimated": 1394545.4545454546,
      "fiscalDateEnding": "2020-06-30",
      "updatedFromDate": "2023-05-17"
    },
    {
      "date": "2020-07-21",
      "symbol": "ORRF",
      "eps": 0.5,
      "epsEstimated": 0.24,
      "time": "bmo",
      "revenue": 27991000,
      "revenueEstimated": 11582482.75862069,
      "fiscalDateEnding": "2020-06-29",
      "updatedFromDate": "2023-09-29"
    },
    {
      "date": "2020-07-21",
      "symbol": "ALPKF",
      "eps": 0.06,
      "epsEstimated": 0.24,
      "time": "bmo",
      "revenue": null,
      "revenueEstimated": 67153333.33333334,
      "fiscalDateEnding": "2020-06-30",
      "updatedFromDate": "2023-05-17"
    },
    {
      "date": "2020-07-21",
      "symbol": "AGR",
      "eps": 0.32,
      "epsEstimated": 0.34,
      "time": "amc",
      "revenue": 1392000000,
      "revenueEstimated": 1479000000,
      "fiscalDateEnding": "2020-06-29",
      "updatedFromDate": "2023-09-29"
    },
    {
      "date": "2020-07-21",
      "symbol": "DBV.PA",
      "eps": null,
      "epsEstimated": null,
      "time": "bmo",
      "revenue": null,
      "revenueEstimated": null,
      "fiscalDateEnding": "2020-06-30",
      "updatedFromDate": "2023-05-17"
    },
    {
      "date": "2020-07-21",
      "symbol": "CALX",
      "eps": 0.14,
      "epsEstimated": 0.06,
      "time": "amc",
      "revenue": 119023000,
      "revenueEstimated": 98193973.5,
      "fiscalDateEnding": "2020-06-26",
      "updatedFromDate": "2023-09-29"
    },
    {
      "date": "2020-07-21",
      "symbol": "002887.SZ",
      "eps": 0.29,
      "epsEstimated": null,
      "time": "bmo",
      "revenue": 306997632.38,
      "revenueEstimated": null,
      "fiscalDateEnding": "2020-06-29",
      "updatedFromDate": "2023-05-17"
    },
    {
      "date": "2020-07-21",
      "symbol": "CCNEP",
      "eps": 0.43,
      "epsEstimated": 0.32,
      "time": "bmo",
      "revenue": null,
      "revenueEstimated": null,
      "fiscalDateEnding": "2020-06-30",
      "updatedFromDate": "2023-05-17"
    },
    {
      "date": "2020-07-21",
      "symbol": "FCBP",
      "eps": 0.49,
      "epsEstimated": 0.35,
      "time": "bmo",
      "revenue": 21031000,
      "revenueEstimated": 15256428.571428569,
      "fiscalDateEnding": "2020-06-29",
      "updatedFromDate": "2023-05-17"
    },
    {
      "date": "2020-07-21",
      "symbol": "THULE.ST",
      "eps": 3.02,
      "epsEstimated": 2.65,
      "time": "bmo",
      "revenue": 2043000000,
      "revenueEstimated": null,
      "fiscalDateEnding": "2020-06-29",
      "updatedFromDate": "2023-05-17"
    },
    {
      "date": "2020-07-21",
      "symbol": "Q.MX",
      "eps": null,
      "epsEstimated": 5,
      "time": "bmo",
      "revenue": null,
      "revenueEstimated": null,
      "fiscalDateEnding": "2020-06-30",
      "updatedFromDate": "2023-05-17"
    },
    {
      "date": "2020-07-21",
      "symbol": "6594.T",
      "eps": 34.63,
      "epsEstimated": 14.56,
      "time": "bmo",
      "revenue": 433073000000,
      "revenueEstimated": null,
      "fiscalDateEnding": "2020-04-21",
      "updatedFromDate": "2023-10-17"
    },
    {
      "date": "2020-07-21",
      "symbol": "CTG",
      "eps": 0.1,
      "epsEstimated": 0.04,
      "time": "bmo",
      "revenue": 89146000,
      "revenueEstimated": 35658400,
      "fiscalDateEnding": "2020-06-25",
      "updatedFromDate": "2023-09-29"
    },
    {
      "date": "2020-07-21",
      "symbol": "4765.T",
      "eps": 4.11,
      "epsEstimated": null,
      "time": "bmo",
      "revenue": 2006555000,
      "revenueEstimated": null,
      "fiscalDateEnding": "2020-04-21",
      "updatedFromDate": "2023-10-17"
    },
    {
      "date": "2020-07-21",
      "symbol": "002056.SZ",
      "eps": 0.16,
      "epsEstimated": null,
      "time": "bmo",
      "revenue": 1833837145.27,
      "revenueEstimated": null,
      "fiscalDateEnding": "2020-06-29",
      "updatedFromDate": "2023-05-17"
    },
    {
      "date": "2020-07-21",
      "symbol": "WRB",
      "eps": 0.04,
      "epsEstimated": 0.15,
      "time": "amc",
      "revenue": 1943408000,
      "revenueEstimated": 7681743333.333334,
      "fiscalDateEnding": "2020-06-29",
      "updatedFromDate": "2023-09-29"
    },
    {
      "date": "2020-07-21",
      "symbol": "BOLIF",
      "eps": 4.83,
      "epsEstimated": 4.02,
      "time": "bmo",
      "revenue": null,
      "revenueEstimated": null,
      "fiscalDateEnding": "2020-06-30",
      "updatedFromDate": "2023-05-17"
    },
    {
      "date": "2020-07-21",
      "symbol": "ALBFR.PA",
      "eps": null,
      "epsEstimated": null,
      "time": "bmo",
      "revenue": null,
      "revenueEstimated": null,
      "fiscalDateEnding": "2020-04-21",
      "updatedFromDate": "2023-05-17"
    },
    {
      "date": "2020-07-21",
      "symbol": "VLEEY",
      "eps": null,
      "epsEstimated": null,
      "time": "bmo",
      "revenue": null,
      "revenueEstimated": null,
      "fiscalDateEnding": "2020-06-30",
      "updatedFromDate": "2023-05-17"
    },
    {
      "date": "2020-07-21",
      "symbol": "003670.KS",
      "eps": -112.63,
      "epsEstimated": 158.51,
      "time": "bmo",
      "revenue": 388652698330,
      "revenueEstimated": null,
      "fiscalDateEnding": "2020-04-21",
      "updatedFromDate": "2023-05-17"
    },
    {
      "date": "2020-07-21",
      "symbol": "EXL1V.HE",
      "eps": 0.22,
      "epsEstimated": 0.1,
      "time": "bmo",
      "revenue": null,
      "revenueEstimated": null,
      "fiscalDateEnding": "2020-04-21",
      "updatedFromDate": "2023-05-17"
    },
    {
      "date": "2020-07-21",
      "symbol": "TRST",
      "eps": 0.59,
      "epsEstimated": 0.55,
      "time": "amc",
      "revenue": 41107000,
      "revenueEstimated": 37681416.66666667,
      "fiscalDateEnding": "2020-06-29",
      "updatedFromDate": "2023-09-29"
    },
    {
      "date": "2020-07-21",
      "symbol": "AJBU.SI",
      "eps": null,
      "epsEstimated": 0.02,
      "time": "bmo",
      "revenue": null,
      "revenueEstimated": null,
      "fiscalDateEnding": "2020-04-21",
      "updatedFromDate": "2023-05-17"
    },
    {
      "date": "2020-07-21",
      "symbol": "SKF-B.ST",
      "eps": 0.75,
      "epsEstimated": 1.22,
      "time": "bmo",
      "revenue": 16599000000,
      "revenueEstimated": null,
      "fiscalDateEnding": "2020-06-29",
      "updatedFromDate": "2023-05-17"
    },
    {
      "date": "2020-07-21",
      "symbol": "CBSH",
      "eps": 0.28,
      "epsEstimated": 0.46,
      "time": "bmo",
      "revenue": 316443000,
      "revenueEstimated": 502585941.17647064,
      "fiscalDateEnding": "2020-06-29",
      "updatedFromDate": "2023-09-29"
    },
    {
      "date": "2020-07-21",
      "symbol": "FRIIF",
      "eps": null,
      "epsEstimated": null,
      "time": "bmo",
      "revenue": null,
      "revenueEstimated": null,
      "fiscalDateEnding": "2020-06-30",
      "updatedFromDate": "2023-05-17"
    },
    {
      "date": "2020-07-21",
      "symbol": "603638.SS",
      "eps": 0.25,
      "epsEstimated": null,
      "time": "bmo",
      "revenue": 712223412.39,
      "revenueEstimated": null,
      "fiscalDateEnding": "2020-06-29",
      "updatedFromDate": "2023-05-17"
    },
    {
      "date": "2020-07-21",
      "symbol": "REVNF",
      "eps": null,
      "epsEstimated": null,
      "time": "bmo",
      "revenue": null,
      "revenueEstimated": null,
      "fiscalDateEnding": "2020-12-31",
      "updatedFromDate": "2023-05-17"
    },
    {
      "date": "2020-07-21",
      "symbol": "MLI",
      "eps": 0.5,
      "epsEstimated": null,
      "time": "bmo",
      "revenue": 500168000,
      "revenueEstimated": null,
      "fiscalDateEnding": "2020-06-26",
      "updatedFromDate": "2023-09-29"
    },
    {
      "date": "2020-07-21",
      "symbol": "028260.KS",
      "eps": 1143.32,
      "epsEstimated": 1138.74,
      "time": "bmo",
      "revenue": 7850328070510,
      "revenueEstimated": null,
      "fiscalDateEnding": "2020-04-21",
      "updatedFromDate": "2023-05-17"
    },
    {
      "date": "2020-07-21",
      "symbol": "CSL",
      "eps": 1.36,
      "epsEstimated": 1.1,
      "time": "amc",
      "revenue": 1024200000,
      "revenueEstimated": 828397058.8235295,
      "fiscalDateEnding": "2020-06-29",
      "updatedFromDate": "2023-09-29"
    },
    {
      "date": "2020-07-21",
      "symbol": "PNFP",
      "eps": 0.83,
      "epsEstimated": 0.88,
      "time": "amc",
      "revenue": 256403000,
      "revenueEstimated": 290093590.3614458,
      "fiscalDateEnding": "2020-06-29",
      "updatedFromDate": "2023-09-29"
    },
    {
      "date": "2020-07-21",
      "symbol": "MUSA",
      "eps": 5.73,
      "epsEstimated": 4.79,
      "time": "bmo",
      "revenue": 2379600000,
      "revenueEstimated": 1989229319.3717277,
      "fiscalDateEnding": "2020-06-29",
      "updatedFromDate": "2023-09-29"
    },
    {
      "date": "2020-07-21",
      "symbol": "005490.KS",
      "eps": 483,
      "epsEstimated": 868.67,
      "time": "bmo",
      "revenue": 14261218000000,
      "revenueEstimated": null,
      "fiscalDateEnding": "2020-04-21",
      "updatedFromDate": "2023-05-17"
    },
    {
      "date": "2020-07-21",
      "symbol": "ALAST.PA",
      "eps": null,
      "epsEstimated": null,
      "time": "bmo",
      "revenue": null,
      "revenueEstimated": null,
      "fiscalDateEnding": "2020-06-30",
      "updatedFromDate": "2023-07-04"
    },
    {
      "date": "2020-07-21",
      "symbol": "FDE.PA",
      "eps": null,
      "epsEstimated": null,
      "time": "bmo",
      "revenue": null,
      "revenueEstimated": null,
      "fiscalDateEnding": "2020-06-30",
      "updatedFromDate": "2023-07-04"
    },
    {
      "date": "2020-07-21",
      "symbol": "AXB.IL",
      "eps": 3.89,
      "epsEstimated": null,
      "time": "bmo",
      "revenue": 103348746000,
      "revenueEstimated": null,
      "fiscalDateEnding": "2020-04-21",
      "updatedFromDate": "2023-10-17"
    },
    {
      "date": "2020-07-21",
      "symbol": "GASNF",
      "eps": 0.14,
      "epsEstimated": 0.19,
      "time": "bmo",
      "revenue": null,
      "revenueEstimated": null,
      "fiscalDateEnding": "2020-06-30",
      "updatedFromDate": "2023-05-17"
    },
    {
      "date": "2020-07-21",
      "symbol": "FMBI",
      "eps": 0.19,
      "epsEstimated": 0.15,
      "time": "amc",
      "revenue": 183314000,
      "revenueEstimated": 140703947.36842105,
      "fiscalDateEnding": "2020-04-21",
      "updatedFromDate": "2023-05-17"
    },
    {
      "date": "2020-07-21",
      "symbol": "AKZOF",
      "eps": 0.8,
      "epsEstimated": 0.82,
      "time": "bmo",
      "revenue": null,
      "revenueEstimated": null,
      "fiscalDateEnding": "2020-06-30",
      "updatedFromDate": "2023-05-17"
    },
    {
      "date": "2020-07-21",
      "symbol": "LSRG.ME",
      "eps": null,
      "epsEstimated": null,
      "time": "bmo",
      "revenue": null,
      "revenueEstimated": null,
      "fiscalDateEnding": "2020-04-21",
      "updatedFromDate": "2023-05-17"
    },
    {
      "date": "2020-07-21",
      "symbol": "NJDCY",
      "eps": 0.08,
      "epsEstimated": null,
      "time": "bmo",
      "revenue": 433073000000,
      "revenueEstimated": null,
      "fiscalDateEnding": "2020-04-21",
      "updatedFromDate": "2023-10-17"
    },
    {
      "date": "2020-07-21",
      "symbol": "SRBEF",
      "eps": null,
      "epsEstimated": null,
      "time": "bmo",
      "revenue": null,
      "revenueEstimated": null,
      "fiscalDateEnding": "2020-06-30",
      "updatedFromDate": "2023-05-17"
    },
    {
      "date": "2020-07-21",
      "symbol": "CETV",
      "eps": 0.1169,
      "epsEstimated": null,
      "time": "bmo",
      "revenue": 135545000,
      "revenueEstimated": null,
      "fiscalDateEnding": "2020-06-29",
      "updatedFromDate": "2023-05-17"
    },
    {
      "date": "2020-07-21",
      "symbol": "SNAP",
      "eps": -0.09,
      "epsEstimated": -0.09,
      "time": "amc",
      "revenue": 454158000,
      "revenueEstimated": 454158000,
      "fiscalDateEnding": "2020-06-29",
      "updatedFromDate": "2023-09-29"
    },
    {
      "date": "2020-07-21",
      "symbol": "KPDCF",
      "eps": null,
      "epsEstimated": 0.02,
      "time": "bmo",
      "revenue": null,
      "revenueEstimated": null,
      "fiscalDateEnding": "2020-06-30",
      "updatedFromDate": "2023-05-17"
    },
    {
      "date": "2020-07-21",
      "symbol": "GKSDF",
      "eps": null,
      "epsEstimated": null,
      "time": "bmo",
      "revenue": null,
      "revenueEstimated": null,
      "fiscalDateEnding": "2020-06-30",
      "updatedFromDate": "2023-05-17"
    },
    {
      "date": "2020-07-21",
      "symbol": "NIC",
      "eps": 1.28,
      "epsEstimated": 0.94,
      "time": "bmo",
      "revenue": 48968000,
      "revenueEstimated": null,
      "fiscalDateEnding": "2020-06-29",
      "updatedFromDate": "2023-09-29"
    },
    {
      "date": "2020-07-21",
      "symbol": "ALFA.ST",
      "eps": 3.07,
      "epsEstimated": 2.1,
      "time": "bmo",
      "revenue": 10455000000,
      "revenueEstimated": null,
      "fiscalDateEnding": "2020-06-29",
      "updatedFromDate": "2023-05-17"
    },
    {
      "date": "2020-07-21",
      "symbol": "NBHC",
      "eps": 0.62,
      "epsEstimated": 0.31,
      "time": "amc",
      "revenue": 86110000,
      "revenueEstimated": 42538500,
      "fiscalDateEnding": "2020-06-29",
      "updatedFromDate": "2023-09-29"
    },
    {
      "date": "2020-07-21",
      "symbol": "SSAAY",
      "eps": -0.01,
      "epsEstimated": null,
      "time": "bmo",
      "revenue": 15154000000,
      "revenueEstimated": null,
      "fiscalDateEnding": "2020-06-30",
      "updatedFromDate": "2023-09-29"
    },
    {
      "date": "2020-07-21",
      "symbol": "002298.SZ",
      "eps": 0.1761,
      "epsEstimated": null,
      "time": "bmo",
      "revenue": 716597850.12,
      "revenueEstimated": null,
      "fiscalDateEnding": "2020-06-29",
      "updatedFromDate": "2023-05-17"
    },
    {
      "date": "2020-07-21",
      "symbol": "SEOAY",
      "eps": 0.15,
      "epsEstimated": 0.1,
      "time": "bmo",
      "revenue": 2114000000,
      "revenueEstimated": null,
      "fiscalDateEnding": "2020-06-30",
      "updatedFromDate": "2023-09-29"
    },
    {
      "date": "2020-07-21",
      "symbol": "SSAB-A.ST",
      "eps": -0.28,
      "epsEstimated": -0.4,
      "time": "bmo",
      "revenue": 15154000000,
      "revenueEstimated": null,
      "fiscalDateEnding": "2020-06-29",
      "updatedFromDate": "2023-05-17"
    },
    {
      "date": "2020-07-21",
      "symbol": "KO",
      "eps": 0.42,
      "epsEstimated": 0.4,
      "time": "bmo",
      "revenue": 15751000000,
      "revenueEstimated": 6809523809.52381,
      "fiscalDateEnding": "2020-06-25",
      "updatedFromDate": "2023-09-29"
    },
    {
      "date": "2020-07-21",
      "symbol": "GWCS.QA",
      "eps": 0.1,
      "epsEstimated": 0.1,
      "time": "bmo",
      "revenue": null,
      "revenueEstimated": null,
      "fiscalDateEnding": "2020-06-30",
      "updatedFromDate": "2023-05-17"
    },
    {
      "date": "2020-07-21",
      "symbol": "105560.KS",
      "eps": 2493,
      "epsEstimated": 2165.45,
      "time": "bmo",
      "revenue": 3740892000000,
      "revenueEstimated": null,
      "fiscalDateEnding": "2020-04-21",
      "updatedFromDate": "2023-05-17"
    },
    {
      "date": "2020-07-21",
      "symbol": "PM",
      "eps": 1.29,
      "epsEstimated": 1.1,
      "time": "bmo",
      "revenue": 6651000000,
      "revenueEstimated": 5671395348.83721,
      "fiscalDateEnding": "2020-06-29",
      "updatedFromDate": "2023-09-29"
    },
    {
      "date": "2020-07-21",
      "symbol": "SBT.PA",
      "eps": null,
      "epsEstimated": null,
      "time": "bmo",
      "revenue": null,
      "revenueEstimated": null,
      "fiscalDateEnding": "2020-04-21",
      "updatedFromDate": "2023-10-16"
    },
    {
      "date": "2020-07-21",
      "symbol": "600606.SS",
      "eps": 0.31,
      "epsEstimated": 0.34,
      "time": "bmo",
      "revenue": 130322860182.35,
      "revenueEstimated": null,
      "fiscalDateEnding": "2020-06-30",
      "updatedFromDate": "2023-08-25"
    },
    {
      "date": "2020-07-21",
      "symbol": "6755.T",
      "eps": 32.64,
      "epsEstimated": 7.65,
      "time": "bmo",
      "revenue": 85896000000,
      "revenueEstimated": null,
      "fiscalDateEnding": "2020-04-21",
      "updatedFromDate": "2023-10-16"
    },
    {
      "date": "2020-07-21",
      "symbol": "KUOB.MX",
      "eps": null,
      "epsEstimated": null,
      "time": "bmo",
      "revenue": null,
      "revenueEstimated": null,
      "fiscalDateEnding": "2020-06-30",
      "updatedFromDate": "2023-05-31"
    },
    {
      "date": "2020-07-21",
      "symbol": "VINTE.MX",
      "eps": null,
      "epsEstimated": null,
      "time": "bmo",
      "revenue": null,
      "revenueEstimated": null,
      "fiscalDateEnding": "2020-06-30",
      "updatedFromDate": "2023-05-31"
    },
    {
      "date": "2020-07-21",
      "symbol": "CPSS",
      "eps": 0.13,
      "epsEstimated": 0.29,
      "time": "amc",
      "revenue": 40807000,
      "revenueEstimated": 171414538.46153846,
      "fiscalDateEnding": "2020-06-29",
      "updatedFromDate": "2023-09-29"
    },
    {
      "date": "2020-07-21",
      "symbol": "IRBT",
      "eps": 1.06,
      "epsEstimated": 0.21,
      "time": "amc",
      "revenue": 279883000,
      "revenueEstimated": 76571764.15094341,
      "fiscalDateEnding": "2020-06-26",
      "updatedFromDate": "2023-09-29"
    },
    {
      "date": "2020-07-21",
      "symbol": "207940.KS",
      "eps": 776.8,
      "epsEstimated": 947.2,
      "time": "bmo",
      "revenue": 307691125960,
      "revenueEstimated": null,
      "fiscalDateEnding": "2020-06-29",
      "updatedFromDate": "2023-05-17"
    },
    {
      "date": "2020-07-21",
      "symbol": "CCNE",
      "eps": 0.43,
      "epsEstimated": 0.32,
      "time": "bmo",
      "revenue": 37295000,
      "revenueEstimated": 28194976.744186047,
      "fiscalDateEnding": "2020-06-29",
      "updatedFromDate": "2023-09-29"
    },
    {
      "date": "2020-07-21",
      "symbol": "SMBK",
      "eps": 0.41,
      "epsEstimated": 0.25,
      "time": "amc",
      "revenue": 28696000,
      "revenueEstimated": 25568136,
      "fiscalDateEnding": "2020-06-29",
      "updatedFromDate": "2023-09-29"
    },
    {
      "date": "2020-07-21",
      "symbol": "JPAVF",
      "eps": -14.59,
      "epsEstimated": -20.89,
      "time": "bmo",
      "revenue": null,
      "revenueEstimated": 462042700.47978073,
      "fiscalDateEnding": "2020-12-31",
      "updatedFromDate": "2023-05-17"
    },
    {
      "date": "2020-07-21",
      "symbol": "VAIAF",
      "eps": 0.16,
      "epsEstimated": 0.17,
      "time": "bmo",
      "revenue": null,
      "revenueEstimated": 514250000,
      "fiscalDateEnding": "2020-06-30",
      "updatedFromDate": "2023-05-17"
    },
    {
      "date": "2020-07-21",
      "symbol": "UAL",
      "eps": -9.31,
      "epsEstimated": -9.13,
      "time": "amc",
      "revenue": 1475000000,
      "revenueEstimated": 1429054779.8066595,
      "fiscalDateEnding": "2020-06-29",
      "updatedFromDate": "2023-09-29"
    },
    {
      "date": "2020-07-21",
      "symbol": "PEBO",
      "eps": 0.23,
      "epsEstimated": 0.13,
      "time": "bmo",
      "revenue": 47767000,
      "revenueEstimated": 40923457.875,
      "fiscalDateEnding": "2020-06-29",
      "updatedFromDate": "2023-09-29"
    },
    {
      "date": "2020-07-21",
      "symbol": "EQBK",
      "eps": 0.16,
      "epsEstimated": 0.22,
      "time": "amc",
      "revenue": 38009000,
      "revenueEstimated": 45645363.63636364,
      "fiscalDateEnding": "2020-06-29",
      "updatedFromDate": "2023-09-29"
    },
    {
      "date": "2020-07-21",
      "symbol": "SYF-PA",
      "eps": 0.06,
      "epsEstimated": 0.15,
      "time": "bmo",
      "revenue": null,
      "revenueEstimated": null,
      "fiscalDateEnding": "2020-06-30",
      "updatedFromDate": "2023-05-17"
    },
    {
      "date": "2020-07-21",
      "symbol": "RAND.AS",
      "eps": 0.34,
      "epsEstimated": -0.07,
      "time": "bmo",
      "revenue": 4437000000,
      "revenueEstimated": null,
      "fiscalDateEnding": "2020-06-29",
      "updatedFromDate": "2023-05-17"
    },
    {
      "date": "2020-07-21",
      "symbol": "RAJRATAN.NS",
      "eps": 22.86,
      "epsEstimated": null,
      "time": "bmo",
      "revenue": 1836500000,
      "revenueEstimated": null,
      "fiscalDateEnding": "2020-04-21",
      "updatedFromDate": "2023-10-17"
    },
    {
      "date": "2020-07-21",
      "symbol": "WTFCP",
      "eps": 0.34,
      "epsEstimated": 0.7,
      "time": "bmo",
      "revenue": 424417000,
      "revenueEstimated": 79174117.64705881,
      "fiscalDateEnding": "2020-06-29",
      "updatedFromDate": "2023-05-17"
    },
    {
      "date": "2020-07-21",
      "symbol": "ROMI3.SA",
      "eps": 0.1403,
      "epsEstimated": null,
      "time": "bmo",
      "revenue": 196012000,
      "revenueEstimated": null,
      "fiscalDateEnding": "2020-06-29",
      "updatedFromDate": "2023-05-17"
    },
    {
      "date": "2020-07-21",
      "symbol": "CCBG",
      "eps": 0.55,
      "epsEstimated": 0.3,
      "time": "bmo",
      "revenue": 55657000,
      "revenueEstimated": 51656651.4375,
      "fiscalDateEnding": "2020-06-29",
      "updatedFromDate": "2023-09-29"
    },
    {
      "date": "2020-07-21",
      "symbol": "REXR",
      "eps": 0.1,
      "epsEstimated": 0.09,
      "time": "amc",
      "revenue": 79950000,
      "revenueEstimated": 71008000,
      "fiscalDateEnding": "2020-06-29",
      "updatedFromDate": "2023-09-29"
    },
    {
      "date": "2020-07-21",
      "symbol": "SKFRY",
      "eps": 0.28,
      "epsEstimated": 0.07,
      "time": "bmo",
      "revenue": 16599000000,
      "revenueEstimated": 29878200000,
      "fiscalDateEnding": "2020-06-30",
      "updatedFromDate": "2023-09-29"
    },
    {
      "date": "2020-07-21",
      "symbol": "AIR",
      "eps": 0.26,
      "epsEstimated": -0.24,
      "time": "amc",
      "revenue": 416500000,
      "revenueEstimated": 464557692.30769235,
      "fiscalDateEnding": "2020-05-30",
      "updatedFromDate": "2023-09-29"
    },
    {
      "date": "2020-07-21",
      "symbol": "COF",
      "eps": -1.61,
      "epsEstimated": -1.25,
      "time": "amc",
      "revenue": 6556000000,
      "revenueEstimated": 4983746606.334842,
      "fiscalDateEnding": "2020-06-29",
      "updatedFromDate": "2023-09-29"
    },
    {
      "date": "2020-07-21",
      "symbol": "NABXF",
      "eps": null,
      "epsEstimated": null,
      "time": "bmo",
      "revenue": null,
      "revenueEstimated": null,
      "fiscalDateEnding": "2020-06-30",
      "updatedFromDate": "2023-05-17"
    },
    {
      "date": "2020-07-21",
      "symbol": "COF-PJ",
      "eps": -2.21,
      "epsEstimated": -1.68,
      "time": "bmo",
      "revenue": 6556000000,
      "revenueEstimated": null,
      "fiscalDateEnding": "2020-06-29",
      "updatedFromDate": "2023-05-17"
    },
    {
      "date": "2020-07-21",
      "symbol": "ISRG",
      "eps": 0.37,
      "epsEstimated": 0.11,
      "time": "amc",
      "revenue": 852100000,
      "revenueEstimated": 643452570.4570312,
      "fiscalDateEnding": "2020-06-29",
      "updatedFromDate": "2023-09-29"
    },
    {
      "date": "2020-07-21",
      "symbol": "HWC",
      "eps": -1.36,
      "epsEstimated": -1.36,
      "time": "amc",
      "revenue": 311809000,
      "revenueEstimated": 1621406800,
      "fiscalDateEnding": "2020-06-29",
      "updatedFromDate": "2023-09-29"
    },
    {
      "date": "2020-07-21",
      "symbol": "PLD",
      "eps": 0.54,
      "epsEstimated": 0.46,
      "time": "bmo",
      "revenue": 1266124000,
      "revenueEstimated": 1078550074.074074,
      "fiscalDateEnding": "2020-06-29",
      "updatedFromDate": "2023-09-29"
    },
    {
      "date": "2020-07-21",
      "symbol": "HCSG",
      "eps": 0.31,
      "epsEstimated": 0.26,
      "time": "amc",
      "revenue": 452029000,
      "revenueEstimated": 379121096.7741936,
      "fiscalDateEnding": "2020-06-29",
      "updatedFromDate": "2023-09-29"
    },
    {
      "date": "2020-07-21",
      "symbol": "FOI-B.ST",
      "eps": 0.02,
      "epsEstimated": null,
      "time": "bmo",
      "revenue": 101700000,
      "revenueEstimated": null,
      "fiscalDateEnding": "2020-06-29",
      "updatedFromDate": "2023-05-17"
    },
    {
      "date": "2020-07-21",
      "symbol": "NHYKF",
      "eps": 0.1,
      "epsEstimated": 0.14,
      "time": "bmo",
      "revenue": null,
      "revenueEstimated": null,
      "fiscalDateEnding": "2020-06-30",
      "updatedFromDate": "2023-05-17"
    },
    {
      "date": "2020-07-21",
      "symbol": "CMA",
      "eps": 0.8,
      "epsEstimated": 0.21,
      "time": "bmo",
      "revenue": 718000000,
      "revenueEstimated": 188474999.99999997,
      "fiscalDateEnding": "2020-06-29",
      "updatedFromDate": "2023-09-29"
    },
    {
      "date": "2020-07-21",
      "symbol": "RANJY",
      "eps": 0.19,
      "epsEstimated": null,
      "time": "bmo",
      "revenue": 4437000000,
      "revenueEstimated": null,
      "fiscalDateEnding": "2020-06-30",
      "updatedFromDate": "2023-09-29"
    },
    {
      "date": "2020-07-21",
      "symbol": "SCSG",
      "eps": 0.15,
      "epsEstimated": 0.16,
      "time": "bmo",
      "revenue": null,
      "revenueEstimated": null,
      "fiscalDateEnding": "2020-06-30",
      "updatedFromDate": "2023-09-29"
    },
    {
      "date": "2020-07-21",
      "symbol": "ME8U.SI",
      "eps": 0.03,
      "epsEstimated": 0.02182,
      "time": "bmo",
      "revenue": 121062000,
      "revenueEstimated": null,
      "fiscalDateEnding": "2020-04-21",
      "updatedFromDate": "2023-10-17"
    },
    {
      "date": "2020-07-21",
      "symbol": "NOVN.SW",
      "eps": 1.36,
      "epsEstimated": 1.32,
      "time": "bmo",
      "revenue": 11622000000,
      "revenueEstimated": null,
      "fiscalDateEnding": "2020-06-29",
      "updatedFromDate": "2023-05-17"
    },
    {
      "date": "2020-07-21",
      "symbol": "SRV1V.HE",
      "eps": 1.5,
      "epsEstimated": -0.43,
      "time": "bmo",
      "revenue": 265000000,
      "revenueEstimated": null,
      "fiscalDateEnding": "2020-06-29",
      "updatedFromDate": "2023-05-17"
    },
    {
      "date": "2020-07-21",
      "symbol": "NONEF",
      "eps": 22.43,
      "epsEstimated": null,
      "time": "bmo",
      "revenue": null,
      "revenueEstimated": null,
      "fiscalDateEnding": "2020-12-31",
      "updatedFromDate": "2023-05-17"
    },
    {
      "date": "2020-07-21",
      "symbol": "CTT.ST",
      "eps": 0.48,
      "epsEstimated": 0.35,
      "time": "bmo",
      "revenue": 50400000,
      "revenueEstimated": null,
      "fiscalDateEnding": "2020-06-30",
      "updatedFromDate": "2023-10-16"
    },
    {
      "date": "2020-07-21",
      "symbol": "OGI",
      "eps": -2.04002,
      "epsEstimated": -0.08,
      "time": "bmo",
      "revenue": 18021000,
      "revenueEstimated": 706705.8823529427,
      "fiscalDateEnding": "2020-05-31",
      "updatedFromDate": "2023-09-29"
    },
    {
      "date": "2020-07-21",
      "symbol": "ASRV",
      "eps": 0.08,
      "epsEstimated": null,
      "time": "bmo",
      "revenue": 13240000,
      "revenueEstimated": null,
      "fiscalDateEnding": "2020-06-29",
      "updatedFromDate": "2023-09-29"
    },
    {
      "date": "2020-07-21",
      "symbol": "SIDO.JK",
      "eps": 6.07,
      "epsEstimated": null,
      "time": "bmo",
      "revenue": 728994000000,
      "revenueEstimated": null,
      "fiscalDateEnding": "2020-06-30",
      "updatedFromDate": "2023-05-17"
    },
    {
      "date": "2020-07-21",
      "symbol": "UBS",
      "eps": 0.33,
      "epsEstimated": 0.21,
      "time": "bmo",
      "revenue": 7658000000,
      "revenueEstimated": 5150727272.727272,
      "fiscalDateEnding": "2020-06-30",
      "updatedFromDate": "2023-09-29"
    },
    {
      "date": "2020-07-21",
      "symbol": "SSAB-B.ST",
      "eps": -0.27869,
      "epsEstimated": null,
      "time": "bmo",
      "revenue": 15154000000,
      "revenueEstimated": null,
      "fiscalDateEnding": "2020-06-29",
      "updatedFromDate": "2023-05-17"
    },
    {
      "date": "2020-07-21",
      "symbol": "ALPEKA.MX",
      "eps": 0.05709,
      "epsEstimated": 0.2284,
      "time": "bmo",
      "revenue": 27447493000,
      "revenueEstimated": null,
      "fiscalDateEnding": "2020-06-29",
      "updatedFromDate": "2023-05-17"
    },
    {
      "date": "2020-07-21",
      "symbol": "DBVTF",
      "eps": null,
      "epsEstimated": null,
      "time": "bmo",
      "revenue": null,
      "revenueEstimated": null,
      "fiscalDateEnding": "2020-06-30",
      "updatedFromDate": "2023-05-17"
    },
    {
      "date": "2020-07-21",
      "symbol": "NEOE3.SA",
      "eps": 0.33,
      "epsEstimated": 0.3,
      "time": "bmo",
      "revenue": 6602000000,
      "revenueEstimated": null,
      "fiscalDateEnding": "2020-06-30",
      "updatedFromDate": "2023-05-17"
    },
    {
      "date": "2020-07-21",
      "symbol": "UCBI",
      "eps": 0.32,
      "epsEstimated": 0.32,
      "time": "amc",
      "revenue": 144557000,
      "revenueEstimated": 149542000,
      "fiscalDateEnding": "2020-06-29",
      "updatedFromDate": "2023-09-29"
    },
    {
      "date": "2020-07-21",
      "symbol": "ODAS.IS",
      "eps": -0.08,
      "epsEstimated": null,
      "time": "bmo",
      "revenue": null,
      "revenueEstimated": null,
      "fiscalDateEnding": "2020-06-30",
      "updatedFromDate": "2023-05-17"
    },
    {
      "date": "2020-07-21",
      "symbol": "CPAMF",
      "eps": null,
      "epsEstimated": null,
      "time": "bmo",
      "revenue": null,
      "revenueEstimated": null,
      "fiscalDateEnding": "2020-06-30",
      "updatedFromDate": "2023-05-17"
    },
    {
      "date": "2020-07-21",
      "symbol": "002641.SZ",
      "eps": 0.2,
      "epsEstimated": null,
      "time": "bmo",
      "revenue": 1953143362.24,
      "revenueEstimated": null,
      "fiscalDateEnding": "2020-06-29",
      "updatedFromDate": "2023-05-17"
    },
    {
      "date": "2020-07-21",
      "symbol": "FFWM",
      "eps": 0.4,
      "epsEstimated": 0.36,
      "time": "bmo",
      "revenue": 55794000,
      "revenueEstimated": 51674399.99999999,
      "fiscalDateEnding": "2020-06-29",
      "updatedFromDate": "2023-09-29"
    },
    {
      "date": "2020-07-21",
      "symbol": "EOSGF",
      "eps": null,
      "epsEstimated": null,
      "time": "bmo",
      "revenue": null,
      "revenueEstimated": null,
      "fiscalDateEnding": "2020-06-30",
      "updatedFromDate": "2023-05-17"
    },
    {
      "date": "2020-07-21",
      "symbol": "TXN",
      "eps": 1.48,
      "epsEstimated": 0.88,
      "time": "amc",
      "revenue": 3239000000,
      "revenueEstimated": 2550712500,
      "fiscalDateEnding": "2020-06-29",
      "updatedFromDate": "2023-09-29"
    },
    {
      "date": "2020-07-21",
      "symbol": "ALTHX.PA",
      "eps": null,
      "epsEstimated": null,
      "time": "bmo",
      "revenue": null,
      "revenueEstimated": null,
      "fiscalDateEnding": "2020-04-21",
      "updatedFromDate": "2023-05-17"
    },
    {
      "date": "2020-07-21",
      "symbol": "6146.T",
      "eps": 179.9,
      "epsEstimated": 206.6,
      "time": "bmo",
      "revenue": 48291000000,
      "revenueEstimated": null,
      "fiscalDateEnding": "2020-04-21",
      "updatedFromDate": "2023-10-17"
    },
    {
      "date": "2020-07-21",
      "symbol": "REXR-PC",
      "eps": 0.1,
      "epsEstimated": 0.09,
      "time": "bmo",
      "revenue": 79884000,
      "revenueEstimated": null,
      "fiscalDateEnding": "2020-06-29",
      "updatedFromDate": "2023-05-17"
    },
    {
      "date": "2020-07-21",
      "symbol": "SNV",
      "eps": 0.23,
      "epsEstimated": 0.15,
      "time": "bmo",
      "revenue": 550050000,
      "revenueEstimated": 143491304.34782606,
      "fiscalDateEnding": "2020-06-29",
      "updatedFromDate": "2023-09-29"
    },
    {
      "date": "2020-07-21",
      "symbol": "SARTF",
      "eps": 1.08,
      "epsEstimated": null,
      "time": "bmo",
      "revenue": 546900000,
      "revenueEstimated": null,
      "fiscalDateEnding": "2020-06-30",
      "updatedFromDate": "2023-09-29"
    },
    {
      "date": "2020-07-21",
      "symbol": "NAVI",
      "eps": 0.92,
      "epsEstimated": 0.48,
      "time": "amc",
      "revenue": 433000000,
      "revenueEstimated": 346299227.859375,
      "fiscalDateEnding": "2020-06-29",
      "updatedFromDate": "2023-09-29"
    },
    {
      "date": "2020-07-21",
      "symbol": "SBNY",
      "eps": 2.21,
      "epsEstimated": 2.25,
      "time": "bmo",
      "revenue": 412926000,
      "revenueEstimated": 406904502,
      "fiscalDateEnding": "2020-04-21",
      "updatedFromDate": "2023-09-29"
    },
    {
      "date": "2020-07-21",
      "symbol": "CBSHP",
      "eps": 0.34,
      "epsEstimated": 0.54,
      "time": "bmo",
      "revenue": null,
      "revenueEstimated": null,
      "fiscalDateEnding": "2020-03-31",
      "updatedFromDate": "2023-05-17"
    },
    {
      "date": "2020-07-21",
      "symbol": "KEQU",
      "eps": -0.39,
      "epsEstimated": null,
      "time": "amc",
      "revenue": 34257000,
      "revenueEstimated": null,
      "fiscalDateEnding": "2020-04-29",
      "updatedFromDate": "2023-09-29"
    },
    {
      "date": "2020-07-21",
      "symbol": "BKKPF",
      "eps": 1.62,
      "epsEstimated": 4.19,
      "time": "bmo",
      "revenue": null,
      "revenueEstimated": null,
      "fiscalDateEnding": "2020-06-30",
      "updatedFromDate": "2023-05-17"
    },
    {
      "date": "2020-07-21",
      "symbol": "NENTF",
      "eps": 1.99,
      "epsEstimated": 2.12,
      "time": "bmo",
      "revenue": null,
      "revenueEstimated": null,
      "fiscalDateEnding": "2020-06-30",
      "updatedFromDate": "2023-05-17"
    },
    {
      "date": "2020-07-21",
      "symbol": "FFIC",
      "eps": 0.36,
      "epsEstimated": 0.24,
      "time": "amc",
      "revenue": 62454000,
      "revenueEstimated": 41636000.00000001,
      "fiscalDateEnding": "2020-06-29",
      "updatedFromDate": "2023-09-29"
    },
    {
      "date": "2020-07-21",
      "symbol": "SESL.PA",
      "eps": null,
      "epsEstimated": null,
      "time": "bmo",
      "revenue": null,
      "revenueEstimated": null,
      "fiscalDateEnding": "2020-04-21",
      "updatedFromDate": "2023-05-17"
    },
    {
      "date": "2020-07-21",
      "symbol": "8285.T",
      "eps": -1.62,
      "epsEstimated": null,
      "time": "bmo",
      "revenue": 26201000000,
      "revenueEstimated": null,
      "fiscalDateEnding": "2020-04-21",
      "updatedFromDate": "2023-10-17"
    },
    {
      "date": "2020-07-21",
      "symbol": "TLLGF",
      "eps": -0.09,
      "epsEstimated": 0.08,
      "time": "bmo",
      "revenue": null,
      "revenueEstimated": null,
      "fiscalDateEnding": "2020-06-30",
      "updatedFromDate": "2023-05-17"
    },
    {
      "date": "2020-07-21",
      "symbol": "UBSG.SW",
      "eps": 0.33,
      "epsEstimated": 0.28,
      "time": "bmo",
      "revenue": 7658000000,
      "revenueEstimated": null,
      "fiscalDateEnding": "2020-06-29",
      "updatedFromDate": "2023-05-17"
    },
    {
      "date": "2020-07-21",
      "symbol": "SFNC",
      "eps": 0.54,
      "epsEstimated": 0.31,
      "time": "bmo",
      "revenue": 213908000,
      "revenueEstimated": 200547812.25,
      "fiscalDateEnding": "2020-06-29",
      "updatedFromDate": "2023-09-29"
    },
    {
      "date": "2020-07-21",
      "symbol": "SUM",
      "eps": 0.49,
      "epsEstimated": 0.24,
      "time": "amc",
      "revenue": 631009000,
      "revenueEstimated": 315504500,
      "fiscalDateEnding": "2020-06-26",
      "updatedFromDate": "2023-09-29"
    },
    {
      "date": "2020-07-21",
      "symbol": "VLEEF",
      "eps": null,
      "epsEstimated": null,
      "time": "bmo",
      "revenue": null,
      "revenueEstimated": null,
      "fiscalDateEnding": "2020-06-30",
      "updatedFromDate": "2023-05-17"
    },
    {
      "date": "2020-07-21",
      "symbol": "TER",
      "eps": 1.33,
      "epsEstimated": 1.03,
      "time": "amc",
      "revenue": 838661000,
      "revenueEstimated": 649489345.8646617,
      "fiscalDateEnding": "2020-06-27",
      "updatedFromDate": "2023-09-29"
    }
  ]
}