{"result": [{"date": "2020-11-16", "symbol": "LAC", "eps": -0.07, "epsEstimated": -0.1, "time": "bmo", "revenue": null, "revenueEstimated": null, "fiscalDateEnding": "2020-09-30", "updatedFromDate": "2023-09-29"}, {"date": "2020-11-16", "symbol": "PSHG", "eps": 1.19, "epsEstimated": null, "time": "bmo", "revenue": 9543000, "revenueEstimated": null, "fiscalDateEnding": "2020-09-30", "updatedFromDate": "2023-09-29"}, {"date": "2020-11-16", "symbol": "093050.KS", "eps": 21, "epsEstimated": 233, "time": "bmo", "revenue": 471263332730, "revenueEstimated": null, "fiscalDateEnding": "2020-08-16", "updatedFromDate": "2023-05-17"}, {"date": "2020-11-16", "symbol": "IQST", "eps": -0.00245, "epsEstimated": null, "time": "bmo", "revenue": 13291698, "revenueEstimated": null, "fiscalDateEnding": "2020-09-29", "updatedFromDate": "2023-05-17"}, {"date": "2020-11-16", "symbol": "MTC.BK", "eps": 0.63, "epsEstimated": 0.6, "time": "bmo", "revenue": 3163998000, "revenueEstimated": null, "fiscalDateEnding": "2020-09-30", "updatedFromDate": "2023-05-17"}, {"date": "2020-11-16", "symbol": "DMYD", "eps": null, "epsEstimated": null, "time": "bmo", "revenue": null, "revenueEstimated": null, "fiscalDateEnding": "2020-09-30", "updatedFromDate": "2023-05-17"}, {"date": "2020-11-16", "symbol": "041510.KQ", "eps": -922, "epsEstimated": 230.32, "time": "bmo", "revenue": null, "revenueEstimated": null, "fiscalDateEnding": "2020-09-30", "updatedFromDate": "2023-05-17"}, {"date": "2020-11-16", "symbol": "ACM", "eps": 0.6, "epsEstimated": 0.57, "time": "bmo", "revenue": 3568950000, "revenueEstimated": 11411248025.25, "fiscalDateEnding": "2020-09-29", "updatedFromDate": "2023-09-29"}, {"date": "2020-11-16", "symbol": "TBLA.JK", "eps": 15.72, "epsEstimated": null, "time": "bmo", "revenue": 2378963000000, "revenueEstimated": null, "fiscalDateEnding": "2020-09-29", "updatedFromDate": "2023-05-17"}, {"date": "2020-11-16", "symbol": "111770.KS", "eps": 1646, "epsEstimated": 1010.79, "time": "bmo", "revenue": 807609898990, "revenueEstimated": null, "fiscalDateEnding": "2020-09-29", "updatedFromDate": "2023-05-17"}, {"date": "2020-11-16", "symbol": "DOSE.CN", "eps": 0.00156, "epsEstimated": null, "time": "bmo", "revenue": 131198, "revenueEstimated": null, "fiscalDateEnding": "2020-08-16", "updatedFromDate": "2023-10-16"}, {"date": "2020-11-16", "symbol": "2929.TW", "eps": -7.77345, "epsEstimated": null, "time": "bmo", "revenue": 983910000, "revenueEstimated": null, "fiscalDateEnding": "2020-08-16", "updatedFromDate": "2023-05-17"}, {"date": "2020-11-16", "symbol": "NMRD", "eps": -0.07, "epsEstimated": null, "time": "bmo", "revenue": null, "revenueEstimated": null, "fiscalDateEnding": "2020-09-29", "updatedFromDate": "2023-09-29"}, {"date": "2020-11-16", "symbol": "WTER", "eps": -0.9, "epsEstimated": -0.45, "time": "amc", "revenue": 10755946, "revenueEstimated": 10755945, "fiscalDateEnding": "2020-09-29", "updatedFromDate": "2023-09-29"}, {"date": "2020-11-16", "symbol": "LVVV", "eps": null, "epsEstimated": null, "time": "bmo", "revenue": null, "revenueEstimated": null, "fiscalDateEnding": "2020-09-30", "updatedFromDate": "2023-05-17"}, {"date": "2020-11-16", "symbol": "REITIR.IC", "eps": null, "epsEstimated": null, "time": "bmo", "revenue": null, "revenueEstimated": null, "fiscalDateEnding": "2020-09-30", "updatedFromDate": "2023-08-14"}, {"date": "2020-11-16", "symbol": "SGRP", "eps": 0.05, "epsEstimated": null, "time": "bmo", "revenue": 58865000, "revenueEstimated": null, "fiscalDateEnding": "2020-09-29", "updatedFromDate": "2023-09-29"}, {"date": "2020-11-16", "symbol": "BIMI", "eps": -9.5, "epsEstimated": null, "time": "bmo", "revenue": 3091071, "revenueEstimated": null, "fiscalDateEnding": "2020-09-29", "updatedFromDate": "2023-09-29"}, {"date": "2020-11-16", "symbol": "TGNOF", "eps": null, "epsEstimated": null, "time": "bmo", "revenue": null, "revenueEstimated": null, "fiscalDateEnding": "2020-12-31", "updatedFromDate": "2023-05-17"}, {"date": "2020-11-16", "symbol": "FTK", "eps": -0.66, "epsEstimated": null, "time": "amc", "revenue": 12739000, "revenueEstimated": null, "fiscalDateEnding": "2020-09-29", "updatedFromDate": "2023-09-29"}, {"date": "2020-11-16", "symbol": "060720.KQ", "eps": -70, "epsEstimated": 502, "time": "bmo", "revenue": null, "revenueEstimated": null, "fiscalDateEnding": "2020-09-30", "updatedFromDate": "2023-05-17"}, {"date": "2020-11-16", "symbol": "HPTO", "eps": 0.01, "epsEstimated": null, "time": "amc", "revenue": 894600, "revenueEstimated": null, "fiscalDateEnding": "2020-09-29", "updatedFromDate": "2023-09-29"}, {"date": "2020-11-16", "symbol": "023590.KS", "eps": 2834, "epsEstimated": null, "time": "bmo", "revenue": 593825618210, "revenueEstimated": null, "fiscalDateEnding": "2020-08-16", "updatedFromDate": "2023-05-17"}, {"date": "2020-11-16", "symbol": "005880.KS", "eps": 35.41, "epsEstimated": 43.19, "time": "bmo", "revenue": 220388348400, "revenueEstimated": null, "fiscalDateEnding": "2020-09-29", "updatedFromDate": "2023-05-17"}, {"date": "2020-11-16", "symbol": "AERG", "eps": -0.01, "epsEstimated": null, "time": "bmo", "revenue": 165920, "revenueEstimated": null, "fiscalDateEnding": "2020-09-29", "updatedFromDate": "2023-09-29"}, {"date": "2020-11-16", "symbol": "023410.KQ", "eps": 200, "epsEstimated": null, "time": "bmo", "revenue": null, "revenueEstimated": null, "fiscalDateEnding": "2020-09-30", "updatedFromDate": "2023-05-17"}, {"date": "2020-11-16", "symbol": "IMNN", "eps": 3.6, "epsEstimated": 1.9, "time": "bmo", "revenue": 125000, "revenueEstimated": 107087.0625, "fiscalDateEnding": "2020-09-30", "updatedFromDate": "2023-09-29"}, {"date": "2020-11-16", "symbol": "NAOV", "eps": -2, "epsEstimated": null, "time": "amc", "revenue": 150000, "revenueEstimated": null, "fiscalDateEnding": "2020-09-29", "updatedFromDate": "2023-09-29"}, {"date": "2020-11-16", "symbol": "4763.TW", "eps": 1.41, "epsEstimated": 1.98, "time": "bmo", "revenue": 620647000, "revenueEstimated": null, "fiscalDateEnding": "2020-09-30", "updatedFromDate": "2023-08-25"}, {"date": "2020-11-16", "symbol": "BDCO", "eps": -0.37, "epsEstimated": null, "time": "bmo", "revenue": 42930000, "revenueEstimated": null, "fiscalDateEnding": "2020-09-29", "updatedFromDate": "2023-09-29"}, {"date": "2020-11-16", "symbol": "TSKFF", "eps": null, "epsEstimated": null, "time": "bmo", "revenue": null, "revenueEstimated": null, "fiscalDateEnding": "2020-09-30", "updatedFromDate": "2023-05-17"}, {"date": "2020-11-16", "symbol": "352820.KS", "eps": 1040.37, "epsEstimated": null, "time": "bmo", "revenue": 310661467000, "revenueEstimated": null, "fiscalDateEnding": "2020-08-16", "updatedFromDate": "2023-05-17"}, {"date": "2020-11-16", "symbol": "MIGI", "eps": -11.27339, "epsEstimated": null, "time": "bmo", "revenue": null, "revenueEstimated": null, "fiscalDateEnding": "2020-09-29", "updatedFromDate": "2023-09-29"}, {"date": "2020-11-16", "symbol": "ANY", "eps": -1.19, "epsEstimated": null, "time": "bmo", "revenue": 890000, "revenueEstimated": null, "fiscalDateEnding": "2020-09-29", "updatedFromDate": "2023-09-29"}, {"date": "2020-11-16", "symbol": "MCS.BK", "eps": 0.4693, "epsEstimated": null, "time": "bmo", "revenue": 756797169, "revenueEstimated": null, "fiscalDateEnding": "2020-08-16", "updatedFromDate": "2023-05-17"}, {"date": "2020-11-16", "symbol": "GRST", "eps": -0.00556, "epsEstimated": null, "time": "amc", "revenue": 89829, "revenueEstimated": null, "fiscalDateEnding": "2020-09-29", "updatedFromDate": "2023-05-17"}, {"date": "2020-11-16", "symbol": "TRMK.ME", "eps": 6.35, "epsEstimated": null, "time": "bmo", "revenue": 222621000000, "revenueEstimated": null, "fiscalDateEnding": "2020-08-16", "updatedFromDate": "2023-05-17"}, {"date": "2020-11-16", "symbol": "JMDA", "eps": -3.2, "epsEstimated": -0.66, "time": "bmo", "revenue": null, "revenueEstimated": null, "fiscalDateEnding": "2020-09-29", "updatedFromDate": "2023-05-17"}, {"date": "2020-11-16", "symbol": "SIEB", "eps": 0.02, "epsEstimated": null, "time": "bmo", "revenue": 12575000, "revenueEstimated": null, "fiscalDateEnding": "2020-09-29", "updatedFromDate": "2023-09-29"}, {"date": "2020-11-16", "symbol": "SK.SN", "eps": null, "epsEstimated": null, "time": "bmo", "revenue": null, "revenueEstimated": null, "fiscalDateEnding": "2020-09-30", "updatedFromDate": "2023-05-17"}, {"date": "2020-11-16", "symbol": "9904.TW", "eps": 1.14, "epsEstimated": 0.86, "time": "bmo", "revenue": 67982702000, "revenueEstimated": null, "fiscalDateEnding": "2020-08-16", "updatedFromDate": "2023-05-17"}, {"date": "2020-11-16", "symbol": "ABNB", "eps": 0.3735, "epsEstimated": null, "time": "amc", "revenue": 1342331000, "revenueEstimated": null, "fiscalDateEnding": "2020-09-30", "updatedFromDate": "2023-09-29"}, {"date": "2020-11-16", "symbol": "005180.KS", "eps": 1696, "epsEstimated": 1748, "time": "bmo", "revenue": 275765266710, "revenueEstimated": null, "fiscalDateEnding": "2020-09-29", "updatedFromDate": "2023-05-17"}, {"date": "2020-11-16", "symbol": "IAIC", "eps": 0.01814, "epsEstimated": null, "time": "bmo", "revenue": 3922746, "revenueEstimated": null, "fiscalDateEnding": "2020-09-29", "updatedFromDate": "2023-05-17"}, {"date": "2020-11-16", "symbol": "GFSA3.SA", "eps": -0.93562, "epsEstimated": null, "time": "bmo", "revenue": 884045000, "revenueEstimated": null, "fiscalDateEnding": "2020-08-16", "updatedFromDate": "2023-05-17"}, {"date": "2020-11-16", "symbol": "298690.KS", "eps": -413.65018, "epsEstimated": null, "time": "bmo", "revenue": 38615760700, "revenueEstimated": null, "fiscalDateEnding": "2020-09-29", "updatedFromDate": "2023-05-17"}, {"date": "2020-11-16", "symbol": "2158.T", "eps": -3.79, "epsEstimated": null, "time": "bmo", "revenue": 3067462000, "revenueEstimated": null, "fiscalDateEnding": "2020-08-16", "updatedFromDate": "2023-10-17"}, {"date": "2020-11-16", "symbol": "RAPT", "eps": -0.6, "epsEstimated": -0.49, "time": "bmo", "revenue": 1528000, "revenueEstimated": 1447578, "fiscalDateEnding": "2020-09-29", "updatedFromDate": "2023-09-29"}, {"date": "2020-11-16", "symbol": "LAM.TO", "eps": -0.00833, "epsEstimated": null, "time": "bmo", "revenue": null, "revenueEstimated": null, "fiscalDateEnding": "2020-09-29", "updatedFromDate": "2023-05-17"}, {"date": "2020-11-16", "symbol": "007210.KS", "eps": -27.17766, "epsEstimated": null, "time": "bmo", "revenue": 123637944290, "revenueEstimated": null, "fiscalDateEnding": "2020-08-16", "updatedFromDate": "2023-05-17"}, {"date": "2020-11-16", "symbol": "ANDR", "eps": -0.00221, "epsEstimated": null, "time": "bmo", "revenue": 386300, "revenueEstimated": null, "fiscalDateEnding": "2020-09-29", "updatedFromDate": "2023-09-29"}, {"date": "2020-11-16", "symbol": "LPL", "eps": 0.03, "epsEstimated": -0.16, "time": "bmo", "revenue": 6738000000000, "revenueEstimated": null, "fiscalDateEnding": "2020-09-30", "updatedFromDate": "2023-09-29"}, {"date": "2020-11-16", "symbol": "UCL", "eps": -0.2, "epsEstimated": null, "time": "bmo", "revenue": 17996000, "revenueEstimated": null, "fiscalDateEnding": "2020-09-30", "updatedFromDate": "2023-09-29"}, {"date": "2020-11-16", "symbol": "002410.KS", "eps": 83, "epsEstimated": null, "time": "bmo", "revenue": 29813107680, "revenueEstimated": null, "fiscalDateEnding": "2020-09-29", "updatedFromDate": "2023-05-17"}, {"date": "2020-11-16", "symbol": "216080.KQ", "eps": -122, "epsEstimated": null, "time": "bmo", "revenue": null, "revenueEstimated": null, "fiscalDateEnding": "2020-09-30", "updatedFromDate": "2023-05-17"}, {"date": "2020-11-16", "symbol": "ELDN", "eps": 5.51, "epsEstimated": 1.75, "time": "amc", "revenue": 120000, "revenueEstimated": null, "fiscalDateEnding": "2020-09-29", "updatedFromDate": "2023-09-29"}, {"date": "2020-11-16", "symbol": "2501.TW", "eps": 0.27, "epsEstimated": 0.28, "time": "bmo", "revenue": 8152161000, "revenueEstimated": null, "fiscalDateEnding": "2020-08-16", "updatedFromDate": "2023-05-17"}, {"date": "2020-11-16", "symbol": "INTI", "eps": -0.00081, "epsEstimated": null, "time": "bmo", "revenue": null, "revenueEstimated": null, "fiscalDateEnding": "2020-09-29", "updatedFromDate": "2023-09-29"}, {"date": "2020-11-16", "symbol": "BDGSF", "eps": 3.11, "epsEstimated": 2.46, "time": "bmo", "revenue": null, "revenueEstimated": null, "fiscalDateEnding": "2020-09-30", "updatedFromDate": "2023-09-29"}, {"date": "2020-11-16", "symbol": "000670.KS", "eps": 24170, "epsEstimated": null, "time": "bmo", "revenue": 865045370080, "revenueEstimated": null, "fiscalDateEnding": "2020-08-16", "updatedFromDate": "2023-05-17"}, {"date": "2020-11-16", "symbol": "087010.KQ", "eps": null, "epsEstimated": null, "time": "bmo", "revenue": null, "revenueEstimated": null, "fiscalDateEnding": "2020-09-30", "updatedFromDate": "2023-05-17"}, {"date": "2020-11-16", "symbol": "TRIL", "eps": -0.58, "epsEstimated": -0.41, "time": "bmo", "revenue": null, "revenueEstimated": null, "fiscalDateEnding": "2020-09-29", "updatedFromDate": "2023-05-17"}, {"date": "2020-11-16", "symbol": "PRQR", "eps": -0.36, "epsEstimated": -0.27, "time": "bmo", "revenue": null, "revenueEstimated": 284466, "fiscalDateEnding": "2020-09-30", "updatedFromDate": "2023-09-29"}, {"date": "2020-11-16", "symbol": "SPRWF", "eps": 0.08, "epsEstimated": 0.01714, "time": "bmo", "revenue": null, "revenueEstimated": null, "fiscalDateEnding": "2020-09-30", "updatedFromDate": "2023-05-17"}, {"date": "2020-11-16", "symbol": "ENGMF", "eps": -0.1, "epsEstimated": -0.05, "time": "amc", "revenue": null, "revenueEstimated": null, "fiscalDateEnding": "2020-09-30", "updatedFromDate": "2023-05-17"}, {"date": "2020-11-16", "symbol": "122450.KQ", "eps": null, "epsEstimated": null, "time": "bmo", "revenue": null, "revenueEstimated": null, "fiscalDateEnding": "2020-09-30", "updatedFromDate": "2023-05-17"}, {"date": "2020-11-16", "symbol": "NPK.TO", "eps": -0.01197, "epsEstimated": null, "time": "bmo", "revenue": 2210000, "revenueEstimated": null, "fiscalDateEnding": "2020-08-16", "updatedFromDate": "2023-05-17"}, {"date": "2020-11-16", "symbol": "AHPI", "eps": -0.04, "epsEstimated": null, "time": "bmo", "revenue": 10189548, "revenueEstimated": null, "fiscalDateEnding": "2020-09-29", "updatedFromDate": "2023-09-29"}, {"date": "2020-11-16", "symbol": "KSFTF", "eps": 0.48, "epsEstimated": 0.08, "time": "bmo", "revenue": null, "revenueEstimated": null, "fiscalDateEnding": "2020-09-30", "updatedFromDate": "2023-05-17"}, {"date": "2020-11-16", "symbol": "SNSS", "eps": -1.01, "epsEstimated": -1.18, "time": "bmo", "revenue": null, "revenueEstimated": null, "fiscalDateEnding": "2020-09-30", "updatedFromDate": "2023-05-17"}, {"date": "2020-11-16", "symbol": "007980.KS", "eps": 88, "epsEstimated": null, "time": "bmo", "revenue": 143442641790, "revenueEstimated": null, "fiscalDateEnding": "2020-12-30", "updatedFromDate": "2023-05-17"}, {"date": "2020-11-16", "symbol": "RHE", "eps": -1.38, "epsEstimated": null, "time": "bmo", "revenue": 4767000, "revenueEstimated": null, "fiscalDateEnding": "2020-09-29", "updatedFromDate": "2023-09-29"}, {"date": "2020-11-16", "symbol": "GVP", "eps": -0.05, "epsEstimated": -0.06, "time": "amc", "revenue": 12922000, "revenueEstimated": 17444700, "fiscalDateEnding": "2020-09-29", "updatedFromDate": "2023-09-29"}, {"date": "2020-11-16", "symbol": "BRGO", "eps": 1.17, "epsEstimated": null, "time": "bmo", "revenue": 137340, "revenueEstimated": null, "fiscalDateEnding": "2020-09-29", "updatedFromDate": "2023-09-29"}, {"date": "2020-11-16", "symbol": "017810.KS", "eps": 277, "epsEstimated": 343.04, "time": "bmo", "revenue": 580089951710, "revenueEstimated": null, "fiscalDateEnding": "2020-08-16", "updatedFromDate": "2023-05-17"}, {"date": "2020-11-16", "symbol": "020120.KS", "eps": 27, "epsEstimated": null, "time": "bmo", "revenue": 10550757880, "revenueEstimated": null, "fiscalDateEnding": "2020-08-16", "updatedFromDate": "2023-05-17"}, {"date": "2020-11-16", "symbol": "DPHC", "eps": -0.37, "epsEstimated": -0.02, "time": "bmo", "revenue": null, "revenueEstimated": null, "fiscalDateEnding": "2020-09-29", "updatedFromDate": "2023-05-17"}, {"date": "2020-11-16", "symbol": "PML.V", "eps": -0.00218, "epsEstimated": null, "time": "bmo", "revenue": null, "revenueEstimated": null, "fiscalDateEnding": "2020-09-30", "updatedFromDate": "2023-10-16"}, {"date": "2020-11-16", "symbol": "ITRM", "eps": -5.1, "epsEstimated": -6.45, "time": "bmo", "revenue": null, "revenueEstimated": null, "fiscalDateEnding": "2020-09-29", "updatedFromDate": "2023-09-29"}, {"date": "2020-11-16", "symbol": "REEMF", "eps": -0.01, "epsEstimated": null, "time": "bmo", "revenue": null, "revenueEstimated": null, "fiscalDateEnding": "2020-09-29", "updatedFromDate": "2023-09-29"}, {"date": "2020-11-16", "symbol": "AGTC", "eps": -0.6, "epsEstimated": -0.53, "time": "bmo", "revenue": null, "revenueEstimated": null, "fiscalDateEnding": "2020-09-29", "updatedFromDate": "2023-05-17"}, {"date": "2020-11-16", "symbol": "ELTP", "eps": 0.00272, "epsEstimated": null, "time": "amc", "revenue": 7399892, "revenueEstimated": null, "fiscalDateEnding": "2020-09-29", "updatedFromDate": "2023-09-29"}, {"date": "2020-11-16", "symbol": "001060.KS", "eps": -326.52125, "epsEstimated": null, "time": "bmo", "revenue": 144711639730, "revenueEstimated": null, "fiscalDateEnding": "2020-08-16", "updatedFromDate": "2023-05-17"}, {"date": "2020-11-16", "symbol": "PNCRF", "eps": -0.01, "epsEstimated": null, "time": "bmo", "revenue": null, "revenueEstimated": null, "fiscalDateEnding": "2020-09-30", "updatedFromDate": "2023-05-17"}, {"date": "2020-11-16", "symbol": "RNVA", "eps": -54330, "epsEstimated": null, "time": "bmo", "revenue": 1950698, "revenueEstimated": null, "fiscalDateEnding": "2020-09-29", "updatedFromDate": "2023-09-29"}, {"date": "2020-11-16", "symbol": "PIH", "eps": null, "epsEstimated": null, "time": "amc", "revenue": null, "revenueEstimated": null, "fiscalDateEnding": "2020-09-29", "updatedFromDate": "2023-05-17"}, {"date": "2020-11-16", "symbol": "WORX", "eps": -0.42, "epsEstimated": null, "time": "bmo", "revenue": 1171399, "revenueEstimated": null, "fiscalDateEnding": "2020-09-29", "updatedFromDate": "2023-09-29"}, {"date": "2020-11-16", "symbol": "SINT", "eps": -11, "epsEstimated": -9.49996, "time": "bmo", "revenue": 66000, "revenueEstimated": 51333, "fiscalDateEnding": "2020-09-29", "updatedFromDate": "2023-09-29"}, {"date": "2020-11-16", "symbol": "OIG", "eps": 0.19, "epsEstimated": 0.14, "time": "bmo", "revenue": 13615000, "revenueEstimated": null, "fiscalDateEnding": "2020-09-29", "updatedFromDate": "2023-09-29"}, {"date": "2020-11-16", "symbol": "115160.KQ", "eps": -581.21, "epsEstimated": null, "time": "bmo", "revenue": null, "revenueEstimated": null, "fiscalDateEnding": "2020-09-30", "updatedFromDate": "2023-05-17"}, {"date": "2020-11-16", "symbol": "UAMY", "eps": -0.01, "epsEstimated": null, "time": "bmo", "revenue": 1007231, "revenueEstimated": null, "fiscalDateEnding": "2020-09-29", "updatedFromDate": "2023-09-29"}, {"date": "2020-11-16", "symbol": "090350.KS", "eps": 396, "epsEstimated": null, "time": "bmo", "revenue": 159074044120, "revenueEstimated": null, "fiscalDateEnding": "2020-09-29", "updatedFromDate": "2023-05-17"}, {"date": "2020-11-16", "symbol": "AQSP", "eps": 0.01483, "epsEstimated": null, "time": "bmo", "revenue": 1509437, "revenueEstimated": null, "fiscalDateEnding": "2020-09-29", "updatedFromDate": "2023-05-17"}, {"date": "2020-11-16", "symbol": "IMII", "eps": 0.00652, "epsEstimated": null, "time": "bmo", "revenue": 1387470, "revenueEstimated": null, "fiscalDateEnding": "2020-09-29", "updatedFromDate": "2023-05-17"}, {"date": "2020-11-16", "symbol": "IMNM", "eps": -7.52, "epsEstimated": -0.38, "time": "bmo", "revenue": null, "revenueEstimated": null, "fiscalDateEnding": "2020-09-29", "updatedFromDate": "2023-09-29"}, {"date": "2020-11-16", "symbol": "002780.KS", "eps": 19, "epsEstimated": null, "time": "bmo", "revenue": 109451367260, "revenueEstimated": null, "fiscalDateEnding": "2020-08-16", "updatedFromDate": "2023-05-17"}, {"date": "2020-11-16", "symbol": "000970.KS", "eps": 83, "epsEstimated": null, "time": "bmo", "revenue": 92533527510, "revenueEstimated": null, "fiscalDateEnding": "2020-09-30", "updatedFromDate": "2023-10-16"}, {"date": "2020-11-16", "symbol": "CMMB", "eps": -0.11124, "epsEstimated": null, "time": "bmo", "revenue": null, "revenueEstimated": null, "fiscalDateEnding": "2020-09-29", "updatedFromDate": "2023-09-29"}, {"date": "2020-11-16", "symbol": "281820.KS", "eps": 261, "epsEstimated": null, "time": "bmo", "revenue": 111917218240, "revenueEstimated": null, "fiscalDateEnding": "2020-08-16", "updatedFromDate": "2023-05-17"}, {"date": "2020-11-16", "symbol": "CARV", "eps": -0.21, "epsEstimated": null, "time": "bmo", "revenue": 5847000, "revenueEstimated": null, "fiscalDateEnding": "2020-09-29", "updatedFromDate": "2023-09-29"}, {"date": "2020-11-16", "symbol": "003090.KS", "eps": 367, "epsEstimated": 244.82, "time": "bmo", "revenue": 353143602620, "revenueEstimated": null, "fiscalDateEnding": "2020-09-30", "updatedFromDate": "2023-10-16"}, {"date": "2020-11-16", "symbol": "005850.KS", "eps": 509, "epsEstimated": 184, "time": "bmo", "revenue": 682308856370, "revenueEstimated": null, "fiscalDateEnding": "2020-09-30", "updatedFromDate": "2023-10-16"}, {"date": "2020-11-16", "symbol": "010050.KS", "eps": 28, "epsEstimated": null, "time": "bmo", "revenue": 31487248110, "revenueEstimated": null, "fiscalDateEnding": "2020-09-30", "updatedFromDate": "2023-10-16"}, {"date": "2020-11-16", "symbol": "009440.KS", "eps": -20, "epsEstimated": null, "time": "bmo", "revenue": 179429631230, "revenueEstimated": null, "fiscalDateEnding": "2020-08-16", "updatedFromDate": "2023-05-17"}, {"date": "2020-11-16", "symbol": "030210.KS", "eps": 435, "epsEstimated": null, "time": "bmo", "revenue": 87663160840, "revenueEstimated": null, "fiscalDateEnding": "2020-09-30", "updatedFromDate": "2023-10-16"}, {"date": "2020-11-16", "symbol": "CODX", "eps": 0.53, "epsEstimated": 0.63, "time": "amc", "revenue": 21818753, "revenueEstimated": 25282047, "fiscalDateEnding": "2020-09-29", "updatedFromDate": "2023-09-29"}, {"date": "2020-11-16", "symbol": "CIDM", "eps": -0.09, "epsEstimated": -0.06, "time": "amc", "revenue": 7182000, "revenueEstimated": 11850300, "fiscalDateEnding": "2020-09-29", "updatedFromDate": "2023-09-29"}, {"date": "2020-11-16", "symbol": "FREQ", "eps": -0.16, "epsEstimated": -0.32, "time": "bmo", "revenue": 11247000, "revenueEstimated": 14460428, "fiscalDateEnding": "2020-09-29", "updatedFromDate": "2023-09-29"}, {"date": "2020-11-16", "symbol": "009320.KS", "eps": -7, "epsEstimated": null, "time": "bmo", "revenue": 22516107210, "revenueEstimated": null, "fiscalDateEnding": "2020-12-30", "updatedFromDate": "2023-05-17"}, {"date": "2020-11-16", "symbol": "ENJU3.SA", "eps": -0.09647, "epsEstimated": null, "time": "bmo", "revenue": 28624000, "revenueEstimated": null, "fiscalDateEnding": "2020-08-16", "updatedFromDate": "2023-05-17"}, {"date": "2020-11-16", "symbol": "EGLX", "eps": 0.1, "epsEstimated": 0.05, "time": "amc", "revenue": 16328946, "revenueEstimated": null, "fiscalDateEnding": "2020-09-30", "updatedFromDate": "2023-09-29"}, {"date": "2020-11-16", "symbol": "TOFB", "eps": 0.04, "epsEstimated": null, "time": "amc", "revenue": 3152000, "revenueEstimated": null, "fiscalDateEnding": "2020-09-25", "updatedFromDate": "2023-09-29"}, {"date": "2020-11-16", "symbol": "ETL.WA", "eps": 0.942, "epsEstimated": null, "time": "bmo", "revenue": 109382000, "revenueEstimated": null, "fiscalDateEnding": "2020-09-29", "updatedFromDate": "2023-05-17"}, {"date": "2020-11-16", "symbol": "STEM", "eps": -0.39178, "epsEstimated": null, "time": "amc", "revenue": 9172000, "revenueEstimated": null, "fiscalDateEnding": "2020-09-29", "updatedFromDate": "2023-09-29"}, {"date": "2020-11-16", "symbol": "FREE", "eps": -0.07, "epsEstimated": null, "time": "bmo", "revenue": 67002000, "revenueEstimated": null, "fiscalDateEnding": "2020-09-29", "updatedFromDate": "2023-09-29"}, {"date": "2020-11-16", "symbol": "MDP.TO", "eps": -0.34362, "epsEstimated": null, "time": "bmo", "revenue": 17267000, "revenueEstimated": null, "fiscalDateEnding": "2020-08-16", "updatedFromDate": "2023-10-16"}, {"date": "2020-11-16", "symbol": "DYFSF", "eps": null, "epsEstimated": null, "time": "bmo", "revenue": null, "revenueEstimated": null, "fiscalDateEnding": "2020-09-30", "updatedFromDate": "2023-05-17"}, {"date": "2020-11-16", "symbol": "TSK.TO", "eps": -0.03237, "epsEstimated": null, "time": "bmo", "revenue": null, "revenueEstimated": null, "fiscalDateEnding": "2020-09-30", "updatedFromDate": "2023-10-16"}, {"date": "2020-11-16", "symbol": "045390.KQ", "eps": 19, "epsEstimated": null, "time": "bmo", "revenue": null, "revenueEstimated": null, "fiscalDateEnding": "2020-09-30", "updatedFromDate": "2023-05-17"}, {"date": "2020-11-16", "symbol": "1402.TW", "eps": 0.6, "epsEstimated": 0.4, "time": "bmo", "revenue": 49553952000, "revenueEstimated": null, "fiscalDateEnding": "2020-09-29", "updatedFromDate": "2023-05-17"}, {"date": "2020-11-16", "symbol": "PRXXF", "eps": 1.4, "epsEstimated": 0.89, "time": "bmo", "revenue": null, "revenueEstimated": null, "fiscalDateEnding": "2020-09-30", "updatedFromDate": "2023-05-17"}, {"date": "2020-11-16", "symbol": "012320.KS", "eps": 63.04, "epsEstimated": null, "time": "bmo", "revenue": 100660092160, "revenueEstimated": null, "fiscalDateEnding": "2020-08-16", "updatedFromDate": "2023-05-17"}, {"date": "2020-11-16", "symbol": "SHREIT.BK", "eps": -0.28982, "epsEstimated": null, "time": "bmo", "revenue": 3000, "revenueEstimated": null, "fiscalDateEnding": "2020-09-29", "updatedFromDate": "2023-05-17"}, {"date": "2020-11-16", "symbol": "SNFCA", "eps": 1.3, "epsEstimated": null, "time": "bmo", "revenue": 146204565, "revenueEstimated": null, "fiscalDateEnding": "2020-09-29", "updatedFromDate": "2023-09-29"}, {"date": "2020-11-16", "symbol": "5388.TW", "eps": 1.1, "epsEstimated": 1.24, "time": "bmo", "revenue": 9462059000, "revenueEstimated": null, "fiscalDateEnding": "2020-09-29", "updatedFromDate": "2023-05-17"}, {"date": "2020-11-16", "symbol": "AMST", "eps": -3.68884, "epsEstimated": null, "time": "bmo", "revenue": 110109, "revenueEstimated": null, "fiscalDateEnding": "2020-09-29", "updatedFromDate": "2023-11-08"}, {"date": "2020-11-16", "symbol": "020560.KS", "eps": 342, "epsEstimated": 15, "time": "bmo", "revenue": 885515766820, "revenueEstimated": null, "fiscalDateEnding": "2020-08-16", "updatedFromDate": "2023-05-17"}, {"date": "2020-11-16", "symbol": "EAST.CA", "eps": 0.48, "epsEstimated": null, "time": "bmo", "revenue": 3874574000, "revenueEstimated": null, "fiscalDateEnding": "2020-08-16", "updatedFromDate": "2023-10-09"}, {"date": "2020-11-16", "symbol": "011930.KS", "eps": 18, "epsEstimated": null, "time": "bmo", "revenue": 116746364390, "revenueEstimated": null, "fiscalDateEnding": "2020-08-16", "updatedFromDate": "2023-05-17"}, {"date": "2020-11-16", "symbol": "272450.KS", "eps": -1519.96, "epsEstimated": -930.23, "time": "bmo", "revenue": 51139854270, "revenueEstimated": null, "fiscalDateEnding": "2020-08-16", "updatedFromDate": "2023-05-17"}, {"date": "2020-11-16", "symbol": "HSBK.IL", "eps": null, "epsEstimated": null, "time": "bmo", "revenue": null, "revenueEstimated": null, "fiscalDateEnding": "2020-09-30", "updatedFromDate": "2023-05-17"}, {"date": "2020-11-16", "symbol": "VERY", "eps": -0.22, "epsEstimated": null, "time": "bmo", "revenue": 36535000, "revenueEstimated": null, "fiscalDateEnding": "2020-09-29", "updatedFromDate": "2023-09-29"}, {"date": "2020-11-16", "symbol": "203450.KQ", "eps": 33, "epsEstimated": null, "time": "bmo", "revenue": null, "revenueEstimated": null, "fiscalDateEnding": "2020-09-30", "updatedFromDate": "2023-05-17"}, {"date": "2020-11-16", "symbol": "TI.TO", "eps": -0.01, "epsEstimated": -0.01, "time": "bmo", "revenue": 9135000, "revenueEstimated": null, "fiscalDateEnding": "2020-09-30", "updatedFromDate": "2023-05-17"}, {"date": "2020-11-16", "symbol": "INSHF", "eps": null, "epsEstimated": null, "time": "amc", "revenue": null, "revenueEstimated": null, "fiscalDateEnding": "2020-09-30", "updatedFromDate": "2023-05-17"}, {"date": "2020-11-16", "symbol": "SOGO", "eps": -0.1, "epsEstimated": 0.05, "time": "bmo", "revenue": 216667000, "revenueEstimated": 780001200, "fiscalDateEnding": "2020-09-29", "updatedFromDate": "2023-05-17"}, {"date": "2020-11-16", "symbol": "VNPKF", "eps": null, "epsEstimated": null, "time": "bmo", "revenue": null, "revenueEstimated": null, "fiscalDateEnding": "2020-09-30", "updatedFromDate": "2023-05-17"}, {"date": "2020-11-16", "symbol": "003160.KS", "eps": -116.81202, "epsEstimated": null, "time": "bmo", "revenue": 39731947390, "revenueEstimated": null, "fiscalDateEnding": "2020-08-16", "updatedFromDate": "2023-05-17"}, {"date": "2020-11-16", "symbol": "TCFF", "eps": -0.00047, "epsEstimated": null, "time": "bmo", "revenue": null, "revenueEstimated": null, "fiscalDateEnding": "2020-09-29", "updatedFromDate": "2023-05-17"}, {"date": "2020-11-16", "symbol": "102710.KQ", "eps": 1124, "epsEstimated": 1348, "time": "bmo", "revenue": null, "revenueEstimated": null, "fiscalDateEnding": "2020-09-30", "updatedFromDate": "2023-05-17"}, {"date": "2020-11-16", "symbol": "GDS", "eps": -0.21, "epsEstimated": -0.11, "time": "amc", "revenue": 1524749000, "revenueEstimated": 1871282863, "fiscalDateEnding": "2020-09-30", "updatedFromDate": "2023-09-29"}, {"date": "2020-11-16", "symbol": "CXDC", "eps": -0.56, "epsEstimated": null, "time": "bmo", "revenue": 593785201, "revenueEstimated": null, "fiscalDateEnding": "2020-08-16", "updatedFromDate": "2023-09-29"}, {"date": "2020-11-16", "symbol": "SKH.WA", "eps": 3.55, "epsEstimated": null, "time": "bmo", "revenue": 44248000, "revenueEstimated": null, "fiscalDateEnding": "2020-08-16", "updatedFromDate": "2023-10-16"}, {"date": "2020-11-16", "symbol": "004980.KS", "eps": -321, "epsEstimated": null, "time": "bmo", "revenue": 157676775480, "revenueEstimated": null, "fiscalDateEnding": "2020-09-29", "updatedFromDate": "2023-05-17"}, {"date": "2020-11-16", "symbol": "002310.KS", "eps": 858.58, "epsEstimated": null, "time": "bmo", "revenue": 175058943080, "revenueEstimated": null, "fiscalDateEnding": "2020-09-29", "updatedFromDate": "2023-08-16"}, {"date": "2020-11-16", "symbol": "241820.KQ", "eps": 1231, "epsEstimated": null, "time": "bmo", "revenue": null, "revenueEstimated": null, "fiscalDateEnding": "2020-09-30", "updatedFromDate": "2023-05-17"}, {"date": "2020-11-16", "symbol": "OMEX", "eps": -0.51, "epsEstimated": null, "time": "bmo", "revenue": 211538, "revenueEstimated": null, "fiscalDateEnding": "2020-09-29", "updatedFromDate": "2023-09-29"}, {"date": "2020-11-16", "symbol": "001520.KS", "eps": -1, "epsEstimated": null, "time": "bmo", "revenue": 167109069170, "revenueEstimated": null, "fiscalDateEnding": "2020-08-16", "updatedFromDate": "2023-05-17"}, {"date": "2020-11-16", "symbol": "DYA.TO", "eps": -0.01849, "epsEstimated": null, "time": "bmo", "revenue": 36973, "revenueEstimated": null, "fiscalDateEnding": "2020-09-30", "updatedFromDate": "2023-10-16"}, {"date": "2020-11-16", "symbol": "GLGLF", "eps": -0.01, "epsEstimated": null, "time": "amc", "revenue": 3966030, "revenueEstimated": null, "fiscalDateEnding": "2020-09-30", "updatedFromDate": "2023-09-29"}, {"date": "2020-11-16", "symbol": "MARPS", "eps": 0.02, "epsEstimated": null, "time": "bmo", "revenue": 148970, "revenueEstimated": null, "fiscalDateEnding": "2020-08-16", "updatedFromDate": "2023-10-16"}, {"date": "2020-11-16", "symbol": "REMI", "eps": 0.00307, "epsEstimated": null, "time": "bmo", "revenue": 321922, "revenueEstimated": null, "fiscalDateEnding": "2020-09-29", "updatedFromDate": "2023-09-29"}, {"date": "2020-11-16", "symbol": "CAR.WA", "eps": 6.23, "epsEstimated": 5.6, "time": "bmo", "revenue": 2491779000, "revenueEstimated": null, "fiscalDateEnding": "2020-09-29", "updatedFromDate": "2023-08-16"}, {"date": "2020-11-16", "symbol": "BYOC", "eps": -0.00264, "epsEstimated": null, "time": "bmo", "revenue": 983155, "revenueEstimated": null, "fiscalDateEnding": "2020-09-29", "updatedFromDate": "2023-09-29"}, {"date": "2020-11-16", "symbol": "PCYG", "eps": 0.02, "epsEstimated": 0.015, "time": "amc", "revenue": 5225402, "revenueEstimated": 5225402, "fiscalDateEnding": "2020-09-29", "updatedFromDate": "2023-10-16"}, {"date": "2020-11-16", "symbol": "ITD.BK", "eps": -0.09, "epsEstimated": -0.00796, "time": "bmo", "revenue": 12910938000, "revenueEstimated": null, "fiscalDateEnding": "2020-09-29", "updatedFromDate": "2023-05-17"}, {"date": "2020-11-16", "symbol": "PPCBD", "eps": null, "epsEstimated": null, "time": "bmo", "revenue": null, "revenueEstimated": null, "fiscalDateEnding": "2020-09-30", "updatedFromDate": "2023-10-16"}, {"date": "2020-11-16", "symbol": "101490.KQ", "eps": 88, "epsEstimated": null, "time": "bmo", "revenue": null, "revenueEstimated": null, "fiscalDateEnding": "2020-09-30", "updatedFromDate": "2023-05-17"}, {"date": "2020-11-16", "symbol": "CYTR", "eps": -0.07883, "epsEstimated": null, "time": "bmo", "revenue": null, "revenueEstimated": null, "fiscalDateEnding": "2020-09-29", "updatedFromDate": "2023-05-17"}, {"date": "2020-11-16", "symbol": "005740.KS", "eps": 282, "epsEstimated": null, "time": "bmo", "revenue": 221765118980, "revenueEstimated": null, "fiscalDateEnding": "2020-09-29", "updatedFromDate": "2023-05-17"}, {"date": "2020-11-16", "symbol": "145990.KS", "eps": 2361, "epsEstimated": null, "time": "bmo", "revenue": 521763331080, "revenueEstimated": null, "fiscalDateEnding": "2020-08-16", "updatedFromDate": "2023-05-17"}, {"date": "2020-11-16", "symbol": "005300.KS", "eps": 3774, "epsEstimated": 2895.5, "time": "bmo", "revenue": 507358738680, "revenueEstimated": null, "fiscalDateEnding": "2020-08-16", "updatedFromDate": "2023-05-17"}, {"date": "2020-11-16", "symbol": "KNOS.L", "eps": null, "epsEstimated": null, "time": "bmo", "revenue": null, "revenueEstimated": null, "fiscalDateEnding": "2020-08-16", "updatedFromDate": "2023-10-17"}, {"date": "2020-11-16", "symbol": "VIRX", "eps": 1.01, "epsEstimated": 1.18, "time": "bmo", "revenue": null, "revenueEstimated": null, "fiscalDateEnding": "2020-09-29", "updatedFromDate": "2023-09-29"}, {"date": "2020-11-16", "symbol": "DM", "eps": -0.08662, "epsEstimated": null, "time": "amc", "revenue": 2527000, "revenueEstimated": null, "fiscalDateEnding": "2020-09-29", "updatedFromDate": "2023-09-29"}, {"date": "2020-11-16", "symbol": "TGA", "eps": -0.08212, "epsEstimated": null, "time": "bmo", "revenue": 16846000, "revenueEstimated": null, "fiscalDateEnding": "2020-09-29", "updatedFromDate": "2023-05-17"}, {"date": "2020-11-16", "symbol": "2923.TW", "eps": 0.65, "epsEstimated": null, "time": "bmo", "revenue": 6815374000, "revenueEstimated": null, "fiscalDateEnding": "2020-09-29", "updatedFromDate": "2023-05-17"}, {"date": "2020-11-16", "symbol": "RGCO", "eps": -0.04, "epsEstimated": 0.05, "time": "bmo", "revenue": 9780289, "revenueEstimated": null, "fiscalDateEnding": "2020-09-29", "updatedFromDate": "2023-09-29"}, {"date": "2020-11-16", "symbol": "034730.KS", "eps": 9766, "epsEstimated": 4241.74, "time": "bmo", "revenue": 20003901000000, "revenueEstimated": null, "fiscalDateEnding": "2020-09-29", "updatedFromDate": "2023-05-17"}, {"date": "2020-11-16", "symbol": "AMHPF", "eps": null, "epsEstimated": null, "time": "bmo", "revenue": null, "revenueEstimated": null, "fiscalDateEnding": "2020-09-30", "updatedFromDate": "2023-05-17"}, {"date": "2020-11-16", "symbol": "CDOR", "eps": -0.42, "epsEstimated": -0.46, "time": "bmo", "revenue": 8841000, "revenueEstimated": 9609782, "fiscalDateEnding": "2020-09-29", "updatedFromDate": "2023-05-17"}, {"date": "2020-11-16", "symbol": "2867.TW", "eps": -0.44272, "epsEstimated": null, "time": "bmo", "revenue": 36200446000, "revenueEstimated": null, "fiscalDateEnding": "2020-09-29", "updatedFromDate": "2023-05-17"}, {"date": "2020-11-16", "symbol": "4536.TW", "eps": 2.38, "epsEstimated": 3.06, "time": "bmo", "revenue": 2038564000, "revenueEstimated": null, "fiscalDateEnding": "2020-09-29", "updatedFromDate": "2023-05-17"}, {"date": "2020-11-16", "symbol": "PNADF", "eps": null, "epsEstimated": null, "time": "bmo", "revenue": null, "revenueEstimated": null, "fiscalDateEnding": "2020-09-30", "updatedFromDate": "2023-05-17"}, {"date": "2020-11-16", "symbol": "SDC", "eps": -0.11, "epsEstimated": -0.15, "time": "amc", "revenue": 180185000, "revenueEstimated": 218796071, "fiscalDateEnding": "2020-09-29", "updatedFromDate": "2023-09-29"}, {"date": "2020-11-16", "symbol": "EBC", "eps": 0.17, "epsEstimated": 0.14, "time": "bmo", "revenue": 144897000, "revenueEstimated": 115068642, "fiscalDateEnding": "2020-09-29", "updatedFromDate": "2023-09-29"}, {"date": "2020-11-16", "symbol": "WIZP", "eps": -446.76475, "epsEstimated": null, "time": "bmo", "revenue": null, "revenueEstimated": null, "fiscalDateEnding": "2020-09-29", "updatedFromDate": "2023-05-17"}, {"date": "2020-11-16", "symbol": "IBIO", "eps": -1.25, "epsEstimated": -2, "time": "amc", "revenue": 410000, "revenueEstimated": 563750, "fiscalDateEnding": "2020-09-29", "updatedFromDate": "2023-09-29"}, {"date": "2020-11-16", "symbol": "LTUM", "eps": -0.00048, "epsEstimated": null, "time": "bmo", "revenue": null, "revenueEstimated": null, "fiscalDateEnding": "2020-09-29", "updatedFromDate": "2023-09-29"}, {"date": "2020-11-16", "symbol": "FENC", "eps": -0.24, "epsEstimated": -0.18, "time": "bmo", "revenue": null, "revenueEstimated": null, "fiscalDateEnding": "2020-09-29", "updatedFromDate": "2023-09-29"}, {"date": "2020-11-16", "symbol": "DVL.WA", "eps": 0.03177, "epsEstimated": null, "time": "bmo", "revenue": 98382000, "revenueEstimated": null, "fiscalDateEnding": "2020-09-29", "updatedFromDate": "2023-05-17"}, {"date": "2020-11-16", "symbol": "FF.TO", "eps": -0.02, "epsEstimated": null, "time": "bmo", "revenue": null, "revenueEstimated": null, "fiscalDateEnding": "2020-08-16", "updatedFromDate": "2023-05-17"}, {"date": "2020-11-16", "symbol": "023160.KQ", "eps": 13, "epsEstimated": -5, "time": "bmo", "revenue": null, "revenueEstimated": null, "fiscalDateEnding": "2020-09-30", "updatedFromDate": "2023-08-16"}, {"date": "2020-11-16", "symbol": "DMYT", "eps": null, "epsEstimated": null, "time": "bmo", "revenue": null, "revenueEstimated": null, "fiscalDateEnding": "2020-09-29", "updatedFromDate": "2023-05-17"}, {"date": "2020-11-16", "symbol": "000220.KS", "eps": 53, "epsEstimated": null, "time": "bmo", "revenue": 25500555090, "revenueEstimated": null, "fiscalDateEnding": "2020-09-30", "updatedFromDate": "2023-10-16"}, {"date": "2020-11-16", "symbol": "PREB.BK", "eps": 0.1146, "epsEstimated": null, "time": "bmo", "revenue": 969638776.37, "revenueEstimated": null, "fiscalDateEnding": "2020-09-29", "updatedFromDate": "2023-08-16"}, {"date": "2020-11-16", "symbol": "BMC.WA", "eps": 0.505, "epsEstimated": null, "time": "bmo", "revenue": 21615000, "revenueEstimated": null, "fiscalDateEnding": "2020-08-16", "updatedFromDate": "2023-05-17"}, {"date": "2020-11-16", "symbol": "015860.KS", "eps": 98, "epsEstimated": null, "time": "bmo", "revenue": 253950713080, "revenueEstimated": null, "fiscalDateEnding": "2020-09-29", "updatedFromDate": "2023-05-17"}, {"date": "2020-11-16", "symbol": "4989.TW", "eps": 0.1, "epsEstimated": null, "time": "bmo", "revenue": 665101000, "revenueEstimated": null, "fiscalDateEnding": "2020-09-29", "updatedFromDate": "2023-05-17"}, {"date": "2020-11-16", "symbol": "6115.TW", "eps": 0.71, "epsEstimated": null, "time": "bmo", "revenue": 1801714000, "revenueEstimated": null, "fiscalDateEnding": "2020-09-29", "updatedFromDate": "2023-05-17"}, {"date": "2020-11-16", "symbol": "SEYMF", "eps": 0.08, "epsEstimated": 0.05, "time": "bmo", "revenue": null, "revenueEstimated": null, "fiscalDateEnding": "2020-09-30", "updatedFromDate": "2023-05-17"}, {"date": "2020-11-16", "symbol": "NNVC", "eps": -0.22, "epsEstimated": -0.17, "time": "bmo", "revenue": null, "revenueEstimated": null, "fiscalDateEnding": "2020-09-29", "updatedFromDate": "2023-09-29"}, {"date": "2020-11-16", "symbol": "DEN", "eps": -1.62671, "epsEstimated": null, "time": "bmo", "revenue": 162939000, "revenueEstimated": null, "fiscalDateEnding": "2020-09-29", "updatedFromDate": "2023-09-29"}, {"date": "2020-11-16", "symbol": "POAI", "eps": -5.2, "epsEstimated": null, "time": "amc", "revenue": 480757, "revenueEstimated": null, "fiscalDateEnding": "2020-09-29", "updatedFromDate": "2023-09-29"}, {"date": "2020-11-16", "symbol": "ATEX", "eps": -0.94, "epsEstimated": -0.54, "time": "bmo", "revenue": 248000, "revenueEstimated": 197291.25, "fiscalDateEnding": "2020-09-29", "updatedFromDate": "2023-09-29"}, {"date": "2020-11-16", "symbol": "003720.KS", "eps": -17.77897, "epsEstimated": null, "time": "bmo", "revenue": 31321892700, "revenueEstimated": null, "fiscalDateEnding": "2020-08-16", "updatedFromDate": "2023-05-17"}, {"date": "2020-11-16", "symbol": "EUZOF", "eps": null, "epsEstimated": null, "time": "bmo", "revenue": null, "revenueEstimated": null, "fiscalDateEnding": "2020-09-30", "updatedFromDate": "2023-05-17"}, {"date": "2020-11-16", "symbol": "005390.KS", "eps": -22, "epsEstimated": null, "time": "bmo", "revenue": 300430195160, "revenueEstimated": null, "fiscalDateEnding": "2020-08-16", "updatedFromDate": "2023-10-16"}, {"date": "2020-11-16", "symbol": "VYEY", "eps": -0.01, "epsEstimated": null, "time": "bmo", "revenue": 130564, "revenueEstimated": null, "fiscalDateEnding": "2020-09-29", "updatedFromDate": "2023-09-29"}, {"date": "2020-11-16", "symbol": "006730.KQ", "eps": -119.18, "epsEstimated": null, "time": "bmo", "revenue": null, "revenueEstimated": null, "fiscalDateEnding": "2020-09-30", "updatedFromDate": "2023-05-17"}, {"date": "2020-11-16", "symbol": "000910.KS", "eps": 535, "epsEstimated": null, "time": "bmo", "revenue": 47101507890, "revenueEstimated": null, "fiscalDateEnding": "2020-09-29", "updatedFromDate": "2023-05-17"}, {"date": "2020-11-16", "symbol": "KB", "eps": 2.35, "epsEstimated": null, "time": "bmo", "revenue": 3740892000000, "revenueEstimated": null, "fiscalDateEnding": "2020-09-30", "updatedFromDate": "2023-09-29"}, {"date": "2020-11-16", "symbol": "VERO", "eps": -2.7, "epsEstimated": -3.6, "time": "bmo", "revenue": 20680000, "revenueEstimated": 24440000, "fiscalDateEnding": "2020-09-29", "updatedFromDate": "2023-09-29"}, {"date": "2020-11-16", "symbol": "EFRTF", "eps": null, "epsEstimated": null, "time": "bmo", "revenue": null, "revenueEstimated": null, "fiscalDateEnding": "2020-09-30", "updatedFromDate": "2023-05-17"}, {"date": "2020-11-16", "symbol": "009290.KS", "eps": 742, "epsEstimated": null, "time": "bmo", "revenue": 304643736930, "revenueEstimated": null, "fiscalDateEnding": "2020-08-16", "updatedFromDate": "2023-05-17"}, {"date": "2020-11-16", "symbol": "TNMCF", "eps": -0.01, "epsEstimated": -0.01, "time": "bmo", "revenue": null, "revenueEstimated": null, "fiscalDateEnding": "2020-09-30", "updatedFromDate": "2023-05-17"}, {"date": "2020-11-16", "symbol": "IOIOF", "eps": 0.04, "epsEstimated": 0.03636, "time": "bmo", "revenue": null, "revenueEstimated": null, "fiscalDateEnding": "2020-12-31", "updatedFromDate": "2023-05-17"}, {"date": "2020-11-16", "symbol": "ATDS", "eps": -62.18197, "epsEstimated": null, "time": "bmo", "revenue": 700275, "revenueEstimated": null, "fiscalDateEnding": "2020-09-29", "updatedFromDate": "2023-09-29"}, {"date": "2020-11-16", "symbol": "PAND", "eps": -0.51, "epsEstimated": -0.44, "time": "bmo", "revenue": 2191000, "revenueEstimated": null, "fiscalDateEnding": "2020-08-16", "updatedFromDate": "2023-05-17"}, {"date": "2020-11-16", "symbol": "RSCF", "eps": 0.00241, "epsEstimated": null, "time": "bmo", "revenue": 610085, "revenueEstimated": null, "fiscalDateEnding": "2020-09-30", "updatedFromDate": "2023-05-17"}, {"date": "2020-11-16", "symbol": "036570.KS", "eps": 7432, "epsEstimated": 7922.54, "time": "bmo", "revenue": 561336269630, "revenueEstimated": null, "fiscalDateEnding": "2020-08-16", "updatedFromDate": "2023-05-17"}, {"date": "2020-11-16", "symbol": "IPHA", "eps": null, "epsEstimated": null, "time": "bmo", "revenue": null, "revenueEstimated": null, "fiscalDateEnding": "2020-08-16", "updatedFromDate": "2023-05-17"}, {"date": "2020-11-16", "symbol": "KEWL", "eps": null, "epsEstimated": null, "time": "bmo", "revenue": null, "revenueEstimated": null, "fiscalDateEnding": "2020-09-30", "updatedFromDate": "2023-05-17"}, {"date": "2020-11-16", "symbol": "019170.KS", "eps": 20.87, "epsEstimated": null, "time": "bmo", "revenue": 48104570620, "revenueEstimated": null, "fiscalDateEnding": "2020-09-29", "updatedFromDate": "2023-05-17"}, {"date": "2020-11-16", "symbol": "TAOIF", "eps": null, "epsEstimated": null, "time": "bmo", "revenue": null, "revenueEstimated": null, "fiscalDateEnding": "2021-03-31", "updatedFromDate": "2023-05-17"}, {"date": "2020-11-16", "symbol": "ACES.JK", "eps": 14.55, "epsEstimated": 11.08, "time": "bmo", "revenue": 1828843157743, "revenueEstimated": null, "fiscalDateEnding": "2020-09-30", "updatedFromDate": "2023-08-25"}, {"date": "2020-11-16", "symbol": "API", "eps": -0.01, "epsEstimated": -0.01, "time": "amc", "revenue": 30847000, "revenueEstimated": 30847000, "fiscalDateEnding": "2020-09-30", "updatedFromDate": "2023-09-29"}, {"date": "2020-11-16", "symbol": "CBLAQ", "eps": -0.36, "epsEstimated": -0.23, "time": "bmo", "revenue": 129897000, "revenueEstimated": 93186978, "fiscalDateEnding": "2020-09-29", "updatedFromDate": "2023-05-17"}, {"date": "2020-11-16", "symbol": "IPIX", "eps": -0.00348, "epsEstimated": null, "time": "bmo", "revenue": null, "revenueEstimated": null, "fiscalDateEnding": "2020-09-29", "updatedFromDate": "2023-05-17"}, {"date": "2020-11-16", "symbol": "AYLA", "eps": -0.59, "epsEstimated": -0.55, "time": "bmo", "revenue": 658000, "revenueEstimated": null, "fiscalDateEnding": "2020-09-29", "updatedFromDate": "2023-05-17"}, {"date": "2020-11-16", "symbol": "CRTD", "eps": -3.2, "epsEstimated": -0.66, "time": "amc", "revenue": 172374, "revenueEstimated": 1089068, "fiscalDateEnding": "2020-08-16", "updatedFromDate": "2023-05-17"}, {"date": "2020-11-16", "symbol": "105630.KS", "eps": 1075, "epsEstimated": 534.38, "time": "bmo", "revenue": 636081441730, "revenueEstimated": null, "fiscalDateEnding": "2020-09-29", "updatedFromDate": "2023-05-17"}, {"date": "2020-11-16", "symbol": "183190.KS", "eps": 201.7, "epsEstimated": 117.6, "time": "bmo", "revenue": 184653428420, "revenueEstimated": null, "fiscalDateEnding": "2020-09-29", "updatedFromDate": "2023-08-16"}, {"date": "2020-11-16", "symbol": "AZRX", "eps": -4.7, "epsEstimated": -1.36, "time": "bmo", "revenue": null, "revenueEstimated": null, "fiscalDateEnding": "2020-09-29", "updatedFromDate": "2023-05-17"}, {"date": "2020-11-16", "symbol": "MDLM", "eps": -0.16, "epsEstimated": null, "time": "bmo", "revenue": null, "revenueEstimated": null, "fiscalDateEnding": "2020-09-30", "updatedFromDate": "2023-05-17"}, {"date": "2020-11-16", "symbol": "6223.TWO", "eps": 2.41, "epsEstimated": null, "time": "bmo", "revenue": 1505440000, "revenueEstimated": null, "fiscalDateEnding": "2020-09-29", "updatedFromDate": "2023-08-16"}, {"date": "2020-11-16", "symbol": "ESP", "eps": 0.08, "epsEstimated": null, "time": "bmo", "revenue": 7265515, "revenueEstimated": null, "fiscalDateEnding": "2020-09-29", "updatedFromDate": "2023-09-29"}, {"date": "2020-11-16", "symbol": "GNFT.PA", "eps": null, "epsEstimated": null, "time": "bmo", "revenue": null, "revenueEstimated": null, "fiscalDateEnding": "2020-08-16", "updatedFromDate": "2023-08-16"}, {"date": "2020-11-16", "symbol": "016450.KS", "eps": 418, "epsEstimated": 229.49, "time": "bmo", "revenue": 674679852740, "revenueEstimated": null, "fiscalDateEnding": "2020-08-16", "updatedFromDate": "2023-05-17"}, {"date": "2020-11-16", "symbol": "LMRXF", "eps": null, "epsEstimated": null, "time": "bmo", "revenue": null, "revenueEstimated": null, "fiscalDateEnding": "2020-09-30", "updatedFromDate": "2023-05-17"}, {"date": "2020-11-16", "symbol": "COSM", "eps": 1.43, "epsEstimated": null, "time": "bmo", "revenue": 14352098, "revenueEstimated": null, "fiscalDateEnding": "2020-09-29", "updatedFromDate": "2023-09-29"}, {"date": "2020-11-16", "symbol": "CLSN", "eps": -3.6, "epsEstimated": -1.9, "time": "bmo", "revenue": 125000, "revenueEstimated": 107087.0625, "fiscalDateEnding": "2020-09-29", "updatedFromDate": "2023-08-16"}, {"date": "2020-11-16", "symbol": "007310.KS", "eps": 2751, "epsEstimated": 10262.5, "time": "bmo", "revenue": 681299438420, "revenueEstimated": null, "fiscalDateEnding": "2020-09-29", "updatedFromDate": "2023-05-17"}, {"date": "2020-11-16", "symbol": "BLMIF", "eps": 0.51, "epsEstimated": 0.34, "time": "bmo", "revenue": null, "revenueEstimated": null, "fiscalDateEnding": "2020-09-30", "updatedFromDate": "2023-05-17"}, {"date": "2020-11-16", "symbol": "028300.KQ", "eps": 35.29, "epsEstimated": null, "time": "bmo", "revenue": null, "revenueEstimated": null, "fiscalDateEnding": "2020-09-30", "updatedFromDate": "2023-05-17"}, {"date": "2020-11-16", "symbol": "LIVX", "eps": -0.13, "epsEstimated": -0.12, "time": "amc", "revenue": 14559000, "revenueEstimated": 13345750, "fiscalDateEnding": "2020-09-29", "updatedFromDate": "2023-05-17"}, {"date": "2020-11-16", "symbol": "4526.T", "eps": -30.59, "epsEstimated": null, "time": "bmo", "revenue": 19500000000, "revenueEstimated": null, "fiscalDateEnding": "2020-08-16", "updatedFromDate": "2023-10-17"}, {"date": "2020-11-16", "symbol": "FZMD", "eps": 0.00107, "epsEstimated": null, "time": "amc", "revenue": 5738662, "revenueEstimated": null, "fiscalDateEnding": "2020-09-29", "updatedFromDate": "2023-09-29"}, {"date": "2020-11-16", "symbol": "CVLBD", "eps": -1.4053, "epsEstimated": null, "time": "bmo", "revenue": 11005763, "revenueEstimated": null, "fiscalDateEnding": "2020-09-29", "updatedFromDate": "2023-05-17"}, {"date": "2020-11-16", "symbol": "TTCL.BK", "eps": 0.1486, "epsEstimated": null, "time": "bmo", "revenue": 1492361000, "revenueEstimated": null, "fiscalDateEnding": "2020-09-29", "updatedFromDate": "2023-05-17"}, {"date": "2020-11-16", "symbol": "MEDXF", "eps": -0.10477, "epsEstimated": null, "time": "bmo", "revenue": 17654046.139135, "revenueEstimated": null, "fiscalDateEnding": "2020-09-30", "updatedFromDate": "2023-11-28"}, {"date": "2020-11-16", "symbol": "CASH3.SA", "eps": 0.06474, "epsEstimated": null, "time": "bmo", "revenue": 25644000, "revenueEstimated": null, "fiscalDateEnding": "2020-09-30", "updatedFromDate": "2023-08-17"}, {"date": "2020-11-16", "symbol": "NCAUF", "eps": -0.01, "epsEstimated": null, "time": "bmo", "revenue": null, "revenueEstimated": null, "fiscalDateEnding": "2020-09-30", "updatedFromDate": "2023-05-17"}, {"date": "2020-11-16", "symbol": "2393.TW", "eps": 1.03, "epsEstimated": 0.82, "time": "bmo", "revenue": 5852832000, "revenueEstimated": null, "fiscalDateEnding": "2020-09-29", "updatedFromDate": "2023-05-17"}, {"date": "2020-11-16", "symbol": "WINT", "eps": -27, "epsEstimated": -24.5, "time": "bmo", "revenue": null, "revenueEstimated": null, "fiscalDateEnding": "2020-09-29", "updatedFromDate": "2023-09-29"}, {"date": "2020-11-16", "symbol": "RDTCF", "eps": null, "epsEstimated": null, "time": "bmo", "revenue": null, "revenueEstimated": null, "fiscalDateEnding": "2021-03-31", "updatedFromDate": "2023-05-17"}, {"date": "2020-11-16", "symbol": "023350.KS", "eps": 34, "epsEstimated": null, "time": "bmo", "revenue": 95253725340, "revenueEstimated": null, "fiscalDateEnding": "2020-09-29", "updatedFromDate": "2023-05-17"}, {"date": "2020-11-16", "symbol": "TAO.V", "eps": -0.01192, "epsEstimated": null, "time": "bmo", "revenue": null, "revenueEstimated": null, "fiscalDateEnding": "2020-08-16", "updatedFromDate": "2023-10-17"}, {"date": "2020-11-16", "symbol": "QUAL3.SA", "eps": 0.46, "epsEstimated": 0.4, "time": "bmo", "revenue": null, "revenueEstimated": null, "fiscalDateEnding": "2020-09-30", "updatedFromDate": "2023-05-17"}, {"date": "2020-11-16", "symbol": "FORTH.BK", "eps": 0.2015, "epsEstimated": null, "time": "bmo", "revenue": 2019165651, "revenueEstimated": null, "fiscalDateEnding": "2020-08-16", "updatedFromDate": "2023-05-17"}, {"date": "2020-11-16", "symbol": "2312.TW", "eps": 0.11, "epsEstimated": null, "time": "bmo", "revenue": 37500268000, "revenueEstimated": null, "fiscalDateEnding": "2020-08-16", "updatedFromDate": "2023-05-17"}, {"date": "2020-11-16", "symbol": "034120.KS", "eps": -3616, "epsEstimated": -38, "time": "bmo", "revenue": 221849974860, "revenueEstimated": null, "fiscalDateEnding": "2020-09-29", "updatedFromDate": "2023-08-16"}, {"date": "2020-11-16", "symbol": "KLYG", "eps": null, "epsEstimated": null, "time": "bmo", "revenue": null, "revenueEstimated": null, "fiscalDateEnding": "2020-09-30", "updatedFromDate": "2023-05-17"}, {"date": "2020-11-16", "symbol": "OVO.WA", "eps": -0.19783, "epsEstimated": null, "time": "bmo", "revenue": 31083000, "revenueEstimated": null, "fiscalDateEnding": "2020-12-30", "updatedFromDate": "2023-05-17"}, {"date": "2020-11-16", "symbol": "016800.KS", "eps": 1244, "epsEstimated": null, "time": "bmo", "revenue": 79976783190, "revenueEstimated": null, "fiscalDateEnding": "2020-08-16", "updatedFromDate": "2023-05-17"}, {"date": "2020-11-16", "symbol": "2884.TW", "eps": 0.3, "epsEstimated": 0.34, "time": "bmo", "revenue": 13644426000, "revenueEstimated": null, "fiscalDateEnding": "2020-09-29", "updatedFromDate": "2023-05-17"}, {"date": "2020-11-16", "symbol": "HMMR", "eps": -0.00194, "epsEstimated": null, "time": "bmo", "revenue": 484842, "revenueEstimated": null, "fiscalDateEnding": "2020-10-30", "updatedFromDate": "2023-05-17"}, {"date": "2020-11-16", "symbol": "2004.T", "eps": 158.65, "epsEstimated": null, "time": "bmo", "revenue": 68875000000, "revenueEstimated": null, "fiscalDateEnding": "2020-08-16", "updatedFromDate": "2023-10-17"}, {"date": "2020-11-16", "symbol": "TIXC", "eps": -0.06, "epsEstimated": null, "time": "bmo", "revenue": null, "revenueEstimated": null, "fiscalDateEnding": "2020-09-30", "updatedFromDate": "2023-09-29"}, {"date": "2020-11-16", "symbol": "GBR", "eps": 0.02, "epsEstimated": null, "time": "amc", "revenue": 25000, "revenueEstimated": null, "fiscalDateEnding": "2020-09-29", "updatedFromDate": "2023-09-29"}, {"date": "2020-11-16", "symbol": "084990.KQ", "eps": null, "epsEstimated": null, "time": "bmo", "revenue": null, "revenueEstimated": null, "fiscalDateEnding": "2020-09-30", "updatedFromDate": "2023-08-16"}, {"date": "2020-11-16", "symbol": "008060.KS", "eps": 2777, "epsEstimated": null, "time": "bmo", "revenue": 1439881960, "revenueEstimated": null, "fiscalDateEnding": "2020-09-29", "updatedFromDate": "2023-05-17"}, {"date": "2020-11-16", "symbol": "NGS", "eps": -0.04, "epsEstimated": -0.07, "time": "amc", "revenue": 15765000, "revenueEstimated": 20269285, "fiscalDateEnding": "2020-09-29", "updatedFromDate": "2023-09-29"}, {"date": "2020-11-16", "symbol": "MIMZF", "eps": null, "epsEstimated": null, "time": "bmo", "revenue": null, "revenueEstimated": null, "fiscalDateEnding": "2020-09-30", "updatedFromDate": "2023-05-17"}, {"date": "2020-11-16", "symbol": "NHK.TO", "eps": -0.01062, "epsEstimated": null, "time": "bmo", "revenue": null, "revenueEstimated": null, "fiscalDateEnding": "2020-09-30", "updatedFromDate": "2023-10-16"}, {"date": "2020-11-16", "symbol": "017800.KS", "eps": 1274, "epsEstimated": null, "time": "bmo", "revenue": 455989060370, "revenueEstimated": null, "fiscalDateEnding": "2020-09-29", "updatedFromDate": "2023-05-17"}, {"date": "2020-11-16", "symbol": "1757.T", "eps": -0.63, "epsEstimated": null, "time": "bmo", "revenue": 78770000, "revenueEstimated": null, "fiscalDateEnding": "2020-08-16", "updatedFromDate": "2023-10-17"}, {"date": "2020-11-16", "symbol": "VERB", "eps": -7.2, "epsEstimated": -0.08, "time": "amc", "revenue": 2860000, "revenueEstimated": 2654434.125, "fiscalDateEnding": "2020-09-29", "updatedFromDate": "2023-09-29"}, {"date": "2020-11-16", "symbol": "JD", "eps": 0.5, "epsEstimated": 0.43, "time": "bmo", "revenue": 174214464000, "revenueEstimated": null, "fiscalDateEnding": "2020-09-30", "updatedFromDate": "2023-09-29"}, {"date": "2020-11-16", "symbol": "VELXF", "eps": null, "epsEstimated": null, "time": "amc", "revenue": null, "revenueEstimated": null, "fiscalDateEnding": "2020-09-30", "updatedFromDate": "2023-05-17"}, {"date": "2020-11-16", "symbol": "CVLB", "eps": null, "epsEstimated": null, "time": "amc", "revenue": 11005763, "revenueEstimated": null, "fiscalDateEnding": "2020-09-29", "updatedFromDate": "2023-05-17"}, {"date": "2020-11-16", "symbol": "2845.TW", "eps": 0.1983, "epsEstimated": null, "time": "bmo", "revenue": 2857364000, "revenueEstimated": null, "fiscalDateEnding": "2020-09-29", "updatedFromDate": "2023-05-17"}, {"date": "2020-11-16", "symbol": "BEKE", "eps": 0.2, "epsEstimated": 0.13, "time": "amc", "revenue": 20548915000, "revenueEstimated": 15318282090, "fiscalDateEnding": "2020-09-30", "updatedFromDate": "2023-09-29"}, {"date": "2020-11-16", "symbol": "027360.KQ", "eps": 119, "epsEstimated": null, "time": "bmo", "revenue": null, "revenueEstimated": null, "fiscalDateEnding": "2020-09-30", "updatedFromDate": "2023-05-17"}, {"date": "2020-11-16", "symbol": "000240.KS", "eps": 669, "epsEstimated": 414.89, "time": "bmo", "revenue": 221034286780, "revenueEstimated": null, "fiscalDateEnding": "2020-09-29", "updatedFromDate": "2023-08-16"}, {"date": "2020-11-16", "symbol": "DSGT", "eps": -0.04211, "epsEstimated": null, "time": "bmo", "revenue": 900482, "revenueEstimated": null, "fiscalDateEnding": "2020-08-16", "updatedFromDate": "2023-05-17"}, {"date": "2020-11-16", "symbol": "004690.KS", "eps": -2873, "epsEstimated": -977, "time": "bmo", "revenue": 518835137350, "revenueEstimated": null, "fiscalDateEnding": "2020-09-29", "updatedFromDate": "2023-08-16"}, {"date": "2020-11-16", "symbol": "WYY", "eps": 0.13, "epsEstimated": 0.05, "time": "amc", "revenue": 57506561, "revenueEstimated": 56931495, "fiscalDateEnding": "2020-09-29", "updatedFromDate": "2023-09-29"}, {"date": "2020-11-16", "symbol": "BTS.BK", "eps": 0.06, "epsEstimated": 0.06, "time": "bmo", "revenue": 7754874000, "revenueEstimated": null, "fiscalDateEnding": "2020-08-16", "updatedFromDate": "2023-10-17"}, {"date": "2020-11-16", "symbol": "GMBL", "eps": -15, "epsEstimated": -23, "time": "amc", "revenue": 222392, "revenueEstimated": 293153, "fiscalDateEnding": "2020-09-29", "updatedFromDate": "2023-10-16"}, {"date": "2020-11-16", "symbol": "BRFH", "eps": -0.13, "epsEstimated": -0.13, "time": "bmo", "revenue": 707610, "revenueEstimated": 707610, "fiscalDateEnding": "2020-09-29", "updatedFromDate": "2023-09-29"}, {"date": "2020-11-16", "symbol": "SHWZ", "eps": -0.07011, "epsEstimated": null, "time": "amc", "revenue": 7430374, "revenueEstimated": null, "fiscalDateEnding": "2020-09-29", "updatedFromDate": "2023-08-16"}, {"date": "2020-11-16", "symbol": "ENVB", "eps": -8.19876, "epsEstimated": null, "time": "bmo", "revenue": 8483030, "revenueEstimated": null, "fiscalDateEnding": "2020-09-29", "updatedFromDate": "2023-09-29"}, {"date": "2020-11-16", "symbol": "LMFA", "eps": -1.4, "epsEstimated": null, "time": "bmo", "revenue": 254013, "revenueEstimated": null, "fiscalDateEnding": "2020-09-29", "updatedFromDate": "2023-09-29"}, {"date": "2020-11-16", "symbol": "CVUA", "eps": -0.05, "epsEstimated": 0.06, "time": "bmo", "revenue": 25576718, "revenueEstimated": null, "fiscalDateEnding": "2020-09-29", "updatedFromDate": "2023-08-16"}, {"date": "2020-11-16", "symbol": "FLT.V", "eps": -0.01, "epsEstimated": -0.0075, "time": "bmo", "revenue": 36068, "revenueEstimated": null, "fiscalDateEnding": "2020-09-29", "updatedFromDate": "2023-08-16"}, {"date": "2020-11-16", "symbol": "RKNEF", "eps": -5.5, "epsEstimated": -0.34, "time": "bmo", "revenue": null, "revenueEstimated": null, "fiscalDateEnding": "2020-09-30", "updatedFromDate": "2023-08-16"}, {"date": "2020-11-16", "symbol": "ELEMF", "eps": null, "epsEstimated": null, "time": "bmo", "revenue": null, "revenueEstimated": null, "fiscalDateEnding": "2020-09-30", "updatedFromDate": "2023-08-16"}, {"date": "2020-11-16", "symbol": "BMGB4.SA", "eps": 0.15, "epsEstimated": 0.14, "time": "bmo", "revenue": 950455000, "revenueEstimated": null, "fiscalDateEnding": "2020-09-29", "updatedFromDate": "2023-08-16"}, {"date": "2020-11-16", "symbol": "BQ", "eps": -1.4, "epsEstimated": -1.4, "time": "bmo", "revenue": 229190000, "revenueEstimated": 163707142, "fiscalDateEnding": "2020-09-30", "updatedFromDate": "2023-09-29"}, {"date": "2020-11-16", "symbol": "LGIQ", "eps": -0.23, "epsEstimated": null, "time": "amc", "revenue": 7030305, "revenueEstimated": null, "fiscalDateEnding": "2020-09-29", "updatedFromDate": "2023-09-29"}, {"date": "2020-11-16", "symbol": "FOJCF", "eps": 0.06, "epsEstimated": 0.13, "time": "bmo", "revenue": null, "revenueEstimated": null, "fiscalDateEnding": "2020-09-30", "updatedFromDate": "2023-08-16"}, {"date": "2020-11-16", "symbol": "030190.KQ", "eps": 182, "epsEstimated": 199.11, "time": "bmo", "revenue": 109877288360, "revenueEstimated": null, "fiscalDateEnding": "2020-09-30", "updatedFromDate": "2023-08-16"}, {"date": "2020-11-16", "symbol": "086900.KQ", "eps": -9.07, "epsEstimated": 246.27, "time": "bmo", "revenue": null, "revenueEstimated": null, "fiscalDateEnding": "2020-09-30", "updatedFromDate": "2023-08-16"}, {"date": "2020-11-16", "symbol": "RENE.LS", "eps": 0.04, "epsEstimated": null, "time": "bmo", "revenue": 176098000, "revenueEstimated": null, "fiscalDateEnding": "2020-09-29", "updatedFromDate": "2023-08-16"}, {"date": "2020-11-16", "symbol": "3552.TWO", "eps": 1.59, "epsEstimated": null, "time": "bmo", "revenue": 1941026000, "revenueEstimated": null, "fiscalDateEnding": "2020-09-29", "updatedFromDate": "2023-08-16"}, {"date": "2020-11-16", "symbol": "FRX.TO", "eps": -0.24, "epsEstimated": -0.19, "time": "bmo", "revenue": null, "revenueEstimated": null, "fiscalDateEnding": "2020-09-30", "updatedFromDate": "2023-10-16"}, {"date": "2020-11-16", "symbol": "POLA", "eps": -0.42, "epsEstimated": null, "time": "bmo", "revenue": 2501000, "revenueEstimated": null, "fiscalDateEnding": "2020-09-29", "updatedFromDate": "2023-09-29"}, {"date": "2020-11-16", "symbol": "MULN", "eps": -0.28, "epsEstimated": -0.09, "time": "amc", "revenue": null, "revenueEstimated": null, "fiscalDateEnding": "2020-08-16", "updatedFromDate": "2023-10-17"}, {"date": "2020-11-16", "symbol": "NOPMF", "eps": 0.03, "epsEstimated": 0.01, "time": "bmo", "revenue": null, "revenueEstimated": null, "fiscalDateEnding": "2020-09-30", "updatedFromDate": "2023-08-16"}, {"date": "2020-11-16", "symbol": "7244.T", "eps": 10, "epsEstimated": 8.32, "time": "bmo", "revenue": 27675000000, "revenueEstimated": null, "fiscalDateEnding": "2020-09-30", "updatedFromDate": "2023-10-16"}, {"date": "2020-11-16", "symbol": "000810.KS", "eps": 4655, "epsEstimated": null, "time": "bmo", "revenue": 5446758901760, "revenueEstimated": null, "fiscalDateEnding": "2020-09-30", "updatedFromDate": "2023-10-16"}, {"date": "2020-11-16", "symbol": "SMU.SN", "eps": 1.65, "epsEstimated": null, "time": "bmo", "revenue": null, "revenueEstimated": null, "fiscalDateEnding": "2020-09-30", "updatedFromDate": "2023-08-16"}, {"date": "2020-11-16", "symbol": "8442.TW", "eps": -0.69, "epsEstimated": null, "time": "bmo", "revenue": 842857000, "revenueEstimated": null, "fiscalDateEnding": "2020-09-29", "updatedFromDate": "2023-08-16"}, {"date": "2020-11-16", "symbol": "ABML", "eps": -0.0072, "epsEstimated": null, "time": "bmo", "revenue": null, "revenueEstimated": null, "fiscalDateEnding": "2020-09-29", "updatedFromDate": "2023-10-16"}, {"date": "2020-11-16", "symbol": "GEG", "eps": -0.14686, "epsEstimated": null, "time": "bmo", "revenue": 16655000, "revenueEstimated": null, "fiscalDateEnding": "2020-09-30", "updatedFromDate": "2023-09-29"}, {"date": "2020-11-16", "symbol": "DLPN", "eps": -0.05, "epsEstimated": -0.06, "time": "bmo", "revenue": 6390653, "revenueEstimated": 9527121, "fiscalDateEnding": "2020-09-29", "updatedFromDate": "2023-09-29"}, {"date": "2020-11-16", "symbol": "000150.KS", "eps": -1409, "epsEstimated": -959, "time": "bmo", "revenue": 4199464740230, "revenueEstimated": null, "fiscalDateEnding": "2020-09-29", "updatedFromDate": "2023-08-16"}, {"date": "2020-11-16", "symbol": "GNUS", "eps": -0.1, "epsEstimated": null, "time": "bmo", "revenue": 273992, "revenueEstimated": null, "fiscalDateEnding": "2020-09-29", "updatedFromDate": "2023-09-29"}, {"date": "2020-11-16", "symbol": "PSIX", "eps": 0.03, "epsEstimated": 0.01091, "time": "bmo", "revenue": 114450000, "revenueEstimated": 283263750, "fiscalDateEnding": "2020-09-29", "updatedFromDate": "2023-09-29"}, {"date": "2020-11-16", "symbol": "060250.KQ", "eps": 238.63, "epsEstimated": 257.21, "time": "bmo", "revenue": null, "revenueEstimated": null, "fiscalDateEnding": "2020-09-30", "updatedFromDate": "2023-08-16"}, {"date": "2020-11-16", "symbol": "HUMAN.BK", "eps": 0.0567, "epsEstimated": null, "time": "bmo", "revenue": 178164000, "revenueEstimated": null, "fiscalDateEnding": "2020-09-29", "updatedFromDate": "2023-08-16"}, {"date": "2020-11-16", "symbol": "039030.KQ", "eps": 1043, "epsEstimated": null, "time": "bmo", "revenue": null, "revenueEstimated": null, "fiscalDateEnding": "2020-09-30", "updatedFromDate": "2023-08-16"}, {"date": "2020-11-16", "symbol": "196170.KQ", "eps": null, "epsEstimated": null, "time": "bmo", "revenue": null, "revenueEstimated": null, "fiscalDateEnding": "2020-09-30", "updatedFromDate": "2023-08-16"}, {"date": "2020-11-16", "symbol": "ALPP", "eps": -0.08488, "epsEstimated": null, "time": "bmo", "revenue": 8729633, "revenueEstimated": null, "fiscalDateEnding": "2020-09-29", "updatedFromDate": "2023-09-29"}, {"date": "2020-11-16", "symbol": "ELE.V", "eps": -0.03199, "epsEstimated": null, "time": "bmo", "revenue": 1152922, "revenueEstimated": null, "fiscalDateEnding": "2020-09-29", "updatedFromDate": "2023-08-16"}, {"date": "2020-11-16", "symbol": "280360.KS", "eps": 4113, "epsEstimated": 2865.35, "time": "bmo", "revenue": 555937451800, "revenueEstimated": null, "fiscalDateEnding": "2020-09-29", "updatedFromDate": "2023-08-16"}, {"date": "2020-11-16", "symbol": "025900.KQ", "eps": 508, "epsEstimated": 265, "time": "bmo", "revenue": null, "revenueEstimated": null, "fiscalDateEnding": "2020-09-30", "updatedFromDate": "2023-08-16"}, {"date": "2020-11-16", "symbol": "BRCNF", "eps": 0.04, "epsEstimated": null, "time": "bmo", "revenue": 131, "revenueEstimated": null, "fiscalDateEnding": "2020-09-30", "updatedFromDate": "2023-09-29"}, {"date": "2020-11-16", "symbol": "TENX", "eps": -3.6, "epsEstimated": -2.6, "time": "bmo", "revenue": null, "revenueEstimated": null, "fiscalDateEnding": "2020-09-29", "updatedFromDate": "2023-09-29"}, {"date": "2020-11-16", "symbol": "009580.KS", "eps": -126, "epsEstimated": 71, "time": "bmo", "revenue": 109292171890, "revenueEstimated": null, "fiscalDateEnding": "2020-09-29", "updatedFromDate": "2023-08-16"}, {"date": "2020-11-16", "symbol": "LABS.TO", "eps": -0.11, "epsEstimated": -0.03, "time": "bmo", "revenue": 4947000, "revenueEstimated": null, "fiscalDateEnding": "2020-09-30", "updatedFromDate": "2023-10-16"}, {"date": "2020-11-16", "symbol": "FUV", "eps": -3, "epsEstimated": -2.4, "time": "amc", "revenue": 683895, "revenueEstimated": 578680, "fiscalDateEnding": "2020-09-29", "updatedFromDate": "2023-09-29"}, {"date": "2020-11-16", "symbol": "ACST", "eps": -2.4, "epsEstimated": -3.36, "time": "bmo", "revenue": null, "revenueEstimated": null, "fiscalDateEnding": "2020-08-16", "updatedFromDate": "2023-10-10"}, {"date": "2020-11-16", "symbol": "YMTX", "eps": -2.2, "epsEstimated": -3.6, "time": "bmo", "revenue": null, "revenueEstimated": null, "fiscalDateEnding": "2020-09-29", "updatedFromDate": "2023-08-16"}, {"date": "2020-11-16", "symbol": "122990.KQ", "eps": 199, "epsEstimated": 320.5, "time": "bmo", "revenue": null, "revenueEstimated": null, "fiscalDateEnding": "2020-09-30", "updatedFromDate": "2023-08-16"}, {"date": "2020-11-16", "symbol": "MRVFF", "eps": -0.25, "epsEstimated": 0.13, "time": "bmo", "revenue": null, "revenueEstimated": null, "fiscalDateEnding": "2020-09-30", "updatedFromDate": "2023-08-16"}, {"date": "2020-11-16", "symbol": "TPIPL.BK", "eps": 0.04, "epsEstimated": 0.03428, "time": "bmo", "revenue": 8388638000, "revenueEstimated": null, "fiscalDateEnding": "2020-09-30", "updatedFromDate": "2023-08-16"}, {"date": "2020-11-16", "symbol": "031440.KS", "eps": 377, "epsEstimated": 593, "time": "bmo", "revenue": 320950280000, "revenueEstimated": null, "fiscalDateEnding": "2020-09-29", "updatedFromDate": "2023-08-16"}, {"date": "2020-11-16", "symbol": "OEG", "eps": -0.19, "epsEstimated": -0.14, "time": "bmo", "revenue": null, "revenueEstimated": null, "fiscalDateEnding": "2020-09-29", "updatedFromDate": "2023-08-16"}, {"date": "2020-11-16", "symbol": "1513.TW", "eps": 0.78, "epsEstimated": 1.01, "time": "bmo", "revenue": 3544203000, "revenueEstimated": null, "fiscalDateEnding": "2020-09-29", "updatedFromDate": "2023-08-16"}, {"date": "2020-11-16", "symbol": "104700.KS", "eps": 224, "epsEstimated": 211, "time": "bmo", "revenue": 148482928920, "revenueEstimated": null, "fiscalDateEnding": "2020-09-29", "updatedFromDate": "2023-08-16"}, {"date": "2020-11-16", "symbol": "ROJNA.BK", "eps": 0.04627, "epsEstimated": null, "time": "bmo", "revenue": 2761138000, "revenueEstimated": null, "fiscalDateEnding": "2020-09-29", "updatedFromDate": "2023-08-16"}, {"date": "2020-11-16", "symbol": "TAKOF", "eps": -0.01, "epsEstimated": -0.0075, "time": "bmo", "revenue": null, "revenueEstimated": null, "fiscalDateEnding": "2020-09-30", "updatedFromDate": "2023-08-16"}, {"date": "2020-11-16", "symbol": "093370.KS", "eps": 29, "epsEstimated": null, "time": "bmo", "revenue": 70901101840, "revenueEstimated": null, "fiscalDateEnding": "2020-09-29", "updatedFromDate": "2023-08-16"}, {"date": "2020-11-16", "symbol": "SELF", "eps": 0.04, "epsEstimated": null, "time": "amc", "revenue": 2345909, "revenueEstimated": null, "fiscalDateEnding": "2020-09-29", "updatedFromDate": "2023-09-29"}, {"date": "2020-11-16", "symbol": "JDCMF", "eps": 1.71, "epsEstimated": 2.02, "time": "bmo", "revenue": 174214464000, "revenueEstimated": null, "fiscalDateEnding": "2020-09-30", "updatedFromDate": "2023-08-17"}, {"date": "2020-11-16", "symbol": "FWBI", "eps": 357, "epsEstimated": 285.6, "time": "bmo", "revenue": null, "revenueEstimated": null, "fiscalDateEnding": "2020-09-29", "updatedFromDate": "2023-09-29"}, {"date": "2020-11-16", "symbol": "JAS.BK", "eps": -0.09271, "epsEstimated": null, "time": "bmo", "revenue": 4696897000, "revenueEstimated": null, "fiscalDateEnding": "2020-09-30", "updatedFromDate": "2023-08-17"}, {"date": "2020-11-16", "symbol": "180640.KS", "eps": -1066, "epsEstimated": -628.37, "time": "bmo", "revenue": 83839037100, "revenueEstimated": null, "fiscalDateEnding": "2020-09-29", "updatedFromDate": "2023-08-16"}, {"date": "2020-11-16", "symbol": "NDM.TO", "eps": -0.05, "epsEstimated": -0.01, "time": "bmo", "revenue": null, "revenueEstimated": null, "fiscalDateEnding": "2020-09-29", "updatedFromDate": "2023-08-16"}, {"date": "2020-11-16", "symbol": "TMDI", "eps": -0.02774, "epsEstimated": null, "time": "bmo", "revenue": null, "revenueEstimated": null, "fiscalDateEnding": "2020-09-29", "updatedFromDate": "2023-08-16"}, {"date": "2020-11-16", "symbol": "KNTNF", "eps": 0.04, "epsEstimated": 0.08, "time": "bmo", "revenue": null, "revenueEstimated": null, "fiscalDateEnding": "2020-09-30", "updatedFromDate": "2023-08-16"}, {"date": "2020-11-16", "symbol": "ASRI.JK", "eps": -23.67, "epsEstimated": 1.9, "time": "bmo", "revenue": 183116263000, "revenueEstimated": null, "fiscalDateEnding": "2020-09-29", "updatedFromDate": "2023-08-16"}, {"date": "2020-11-16", "symbol": "4571.TW", "eps": 1.57, "epsEstimated": 1.49, "time": "bmo", "revenue": 585049000, "revenueEstimated": null, "fiscalDateEnding": "2020-09-29", "updatedFromDate": "2023-08-16"}, {"date": "2020-11-16", "symbol": "009420.KS", "eps": 73, "epsEstimated": null, "time": "bmo", "revenue": 22114339040, "revenueEstimated": null, "fiscalDateEnding": "2020-09-29", "updatedFromDate": "2023-08-16"}, {"date": "2020-11-16", "symbol": "MEDIF", "eps": -0.11, "epsEstimated": -0.03, "time": "amc", "revenue": null, "revenueEstimated": null, "fiscalDateEnding": "2020-09-30", "updatedFromDate": "2023-08-16"}, {"date": "2020-11-16", "symbol": "0KF3.L", "eps": -0.5, "epsEstimated": -0.25, "time": "bmo", "revenue": null, "revenueEstimated": null, "fiscalDateEnding": "2020-12-31", "updatedFromDate": "2023-08-16"}, {"date": "2020-11-16", "symbol": "1314.TW", "eps": -0.13, "epsEstimated": null, "time": "bmo", "revenue": null, "revenueEstimated": null, "fiscalDateEnding": "2020-09-30", "updatedFromDate": "2023-08-16"}, {"date": "2020-11-16", "symbol": "060980.KS", "eps": 3241, "epsEstimated": null, "time": "bmo", "revenue": 205754292890, "revenueEstimated": null, "fiscalDateEnding": "2020-09-29", "updatedFromDate": "2023-08-16"}, {"date": "2020-11-16", "symbol": "249420.KS", "eps": 38, "epsEstimated": null, "time": "bmo", "revenue": 146817091900, "revenueEstimated": null, "fiscalDateEnding": "2020-09-29", "updatedFromDate": "2023-08-16"}, {"date": "2020-11-16", "symbol": "JAGX", "eps": -47.37, "epsEstimated": -8.25, "time": "bmo", "revenue": 2773000, "revenueEstimated": 2105746.875, "fiscalDateEnding": "2020-09-29", "updatedFromDate": "2023-09-29"}, {"date": "2020-11-16", "symbol": "WKSP", "eps": -0.2, "epsEstimated": null, "time": "bmo", "revenue": 116491, "revenueEstimated": null, "fiscalDateEnding": "2020-09-29", "updatedFromDate": "2023-09-29"}, {"date": "2020-11-16", "symbol": "STGO.TO", "eps": -0.01, "epsEstimated": 0.12, "time": "bmo", "revenue": 19360000, "revenueEstimated": null, "fiscalDateEnding": "2020-09-30", "updatedFromDate": "2023-08-16"}, {"date": "2020-11-16", "symbol": "001230.KS", "eps": 395, "epsEstimated": 399, "time": "bmo", "revenue": 1297539663430, "revenueEstimated": null, "fiscalDateEnding": "2020-09-29", "updatedFromDate": "2023-08-16"}, {"date": "2020-11-16", "symbol": "075580.KS", "eps": 228, "epsEstimated": 42.67, "time": "bmo", "revenue": 55290176960, "revenueEstimated": null, "fiscalDateEnding": "2020-09-29", "updatedFromDate": "2023-08-16"}, {"date": "2020-11-16", "symbol": "017960.KS", "eps": 457, "epsEstimated": 230.57, "time": "bmo", "revenue": 123913419750, "revenueEstimated": null, "fiscalDateEnding": "2020-09-29", "updatedFromDate": "2023-08-16"}, {"date": "2020-11-16", "symbol": "001680.KS", "eps": 1050, "epsEstimated": 1019, "time": "bmo", "revenue": 836225535750, "revenueEstimated": null, "fiscalDateEnding": "2020-09-29", "updatedFromDate": "2023-08-16"}, {"date": "2020-11-16", "symbol": "SIRI.BK", "eps": 0.05146, "epsEstimated": null, "time": "bmo", "revenue": 8528712000, "revenueEstimated": null, "fiscalDateEnding": "2020-09-29", "updatedFromDate": "2023-08-16"}, {"date": "2020-11-16", "symbol": "LWAY", "eps": 0.12, "epsEstimated": null, "time": "bmo", "revenue": 26039000, "revenueEstimated": null, "fiscalDateEnding": "2020-09-29", "updatedFromDate": "2023-09-29"}, {"date": "2020-11-16", "symbol": "084010.KS", "eps": 2088, "epsEstimated": 394, "time": "bmo", "revenue": 268095087620, "revenueEstimated": null, "fiscalDateEnding": "2020-09-30", "updatedFromDate": "2023-08-16"}, {"date": "2020-11-16", "symbol": "BRCN", "eps": null, "epsEstimated": null, "time": "amc", "revenue": null, "revenueEstimated": null, "fiscalDateEnding": "2021-03-31", "updatedFromDate": "2023-08-17"}, {"date": "2020-11-16", "symbol": "TTNP", "eps": -1.5, "epsEstimated": -1.2, "time": "bmo", "revenue": 1120000, "revenueEstimated": 840000, "fiscalDateEnding": "2020-09-29", "updatedFromDate": "2023-09-29"}, {"date": "2020-11-16", "symbol": "CYRN", "eps": -1, "epsEstimated": -1.4, "time": "amc", "revenue": 9114000, "revenueEstimated": 11718000, "fiscalDateEnding": "2020-09-29", "updatedFromDate": "2023-08-16"}, {"date": "2020-11-16", "symbol": "267980.KQ", "eps": 1489.62, "epsEstimated": 2364.09, "time": "bmo", "revenue": null, "revenueEstimated": null, "fiscalDateEnding": "2020-09-30", "updatedFromDate": "2023-08-16"}, {"date": "2020-11-16", "symbol": "MRV.TO", "eps": -0.25, "epsEstimated": 0.13, "time": "bmo", "revenue": null, "revenueEstimated": null, "fiscalDateEnding": "2020-09-30", "updatedFromDate": "2023-08-16"}, {"date": "2020-11-16", "symbol": "6675.T", "eps": -181.32, "epsEstimated": null, "time": "bmo", "revenue": 7007000000, "revenueEstimated": null, "fiscalDateEnding": "2020-08-16", "updatedFromDate": "2023-10-17"}, {"date": "2020-11-16", "symbol": "GLAE", "eps": -131.13, "epsEstimated": null, "time": "bmo", "revenue": 400000, "revenueEstimated": null, "fiscalDateEnding": "2020-09-29", "updatedFromDate": "2023-09-29"}, {"date": "2020-11-16", "symbol": "001040.KS", "eps": 2336.49, "epsEstimated": 2401.56, "time": "bmo", "revenue": 8224388965000, "revenueEstimated": null, "fiscalDateEnding": "2020-09-29", "updatedFromDate": "2023-05-17"}, {"date": "2020-11-16", "symbol": "STEC.BK", "eps": 0.15, "epsEstimated": 0.13, "time": "bmo", "revenue": 8606222000, "revenueEstimated": null, "fiscalDateEnding": "2020-09-29", "updatedFromDate": "2023-05-17"}, {"date": "2020-11-16", "symbol": "075180.KS", "eps": 191, "epsEstimated": null, "time": "bmo", "revenue": 38084445370, "revenueEstimated": null, "fiscalDateEnding": "2020-09-29", "updatedFromDate": "2023-05-17"}, {"date": "2020-11-16", "symbol": "006260.KS", "eps": 1723, "epsEstimated": 1085.23, "time": "bmo", "revenue": 2569844000000, "revenueEstimated": null, "fiscalDateEnding": "2020-09-29", "updatedFromDate": "2023-05-17"}, {"date": "2020-11-16", "symbol": "AUVI", "eps": -0.85663, "epsEstimated": null, "time": "bmo", "revenue": 1560633, "revenueEstimated": null, "fiscalDateEnding": "2020-09-29", "updatedFromDate": "2023-09-29"}, {"date": "2020-11-16", "symbol": "PRCP", "eps": -0.04, "epsEstimated": -0.06, "time": "bmo", "revenue": 13933000, "revenueEstimated": 18577333, "fiscalDateEnding": "2020-09-29", "updatedFromDate": "2023-05-17"}, {"date": "2020-11-16", "symbol": "009970.KS", "eps": 3321, "epsEstimated": null, "time": "bmo", "revenue": 854424348830, "revenueEstimated": null, "fiscalDateEnding": "2020-09-29", "updatedFromDate": "2023-05-17"}, {"date": "2020-11-16", "symbol": "BRRGF", "eps": -0.77, "epsEstimated": -0.7, "time": "bmo", "revenue": null, "revenueEstimated": null, "fiscalDateEnding": "2020-09-30", "updatedFromDate": "2023-05-17"}, {"date": "2020-11-16", "symbol": "017550.KS", "eps": 1, "epsEstimated": null, "time": "bmo", "revenue": 30555840360, "revenueEstimated": null, "fiscalDateEnding": "2020-09-29", "updatedFromDate": "2023-05-17"}, {"date": "2020-11-16", "symbol": "090080.KS", "eps": -70, "epsEstimated": null, "time": "bmo", "revenue": 86198229180, "revenueEstimated": null, "fiscalDateEnding": "2020-09-29", "updatedFromDate": "2023-05-17"}, {"date": "2020-11-16", "symbol": "353810.KQ", "eps": null, "epsEstimated": null, "time": "bmo", "revenue": null, "revenueEstimated": null, "fiscalDateEnding": "2020-09-30", "updatedFromDate": "2023-05-17"}, {"date": "2020-11-16", "symbol": "MLSR.TA", "eps": -1.28059, "epsEstimated": null, "time": "bmo", "revenue": 1115000000, "revenueEstimated": null, "fiscalDateEnding": "2020-08-16", "updatedFromDate": "2023-05-17"}, {"date": "2020-11-16", "symbol": "000180.KS", "eps": 36.14, "epsEstimated": null, "time": "bmo", "revenue": 47789683900, "revenueEstimated": null, "fiscalDateEnding": "2020-08-16", "updatedFromDate": "2023-05-17"}, {"date": "2020-11-16", "symbol": "EMX", "eps": -0.01, "epsEstimated": null, "time": "bmo", "revenue": 262969.160889, "revenueEstimated": null, "fiscalDateEnding": "2020-09-30", "updatedFromDate": "2023-09-29"}, {"date": "2020-11-16", "symbol": "AERO", "eps": 0.03687, "epsEstimated": null, "time": "bmo", "revenue": 14310000, "revenueEstimated": null, "fiscalDateEnding": "2020-09-29", "updatedFromDate": "2023-05-17"}, {"date": "2020-11-16", "symbol": "SOHU", "eps": -0.39, "epsEstimated": -0.41, "time": "bmo", "revenue": 157894000, "revenueEstimated": 123234341, "fiscalDateEnding": "2020-09-30", "updatedFromDate": "2023-09-29"}, {"date": "2020-11-16", "symbol": "TAUG", "eps": -0.00437, "epsEstimated": null, "time": "bmo", "revenue": 75360, "revenueEstimated": null, "fiscalDateEnding": "2020-09-29", "updatedFromDate": "2023-09-29"}, {"date": "2020-11-16", "symbol": "BICX", "eps": -0.14, "epsEstimated": null, "time": "amc", "revenue": 29809, "revenueEstimated": null, "fiscalDateEnding": "2020-09-29", "updatedFromDate": "2023-09-29"}, {"date": "2020-11-16", "symbol": "QRHC", "eps": -0.01, "epsEstimated": -0.00167, "time": "amc", "revenue": 23701226, "revenueEstimated": 85324413, "fiscalDateEnding": "2020-09-29", "updatedFromDate": "2023-09-29"}, {"date": "2020-11-16", "symbol": "TRI.PA", "eps": null, "epsEstimated": null, "time": "bmo", "revenue": null, "revenueEstimated": null, "fiscalDateEnding": "2020-08-16", "updatedFromDate": "2023-05-17"}, {"date": "2020-11-16", "symbol": "1444.TW", "eps": -0.15, "epsEstimated": 0.06, "time": "bmo", "revenue": 1951061000, "revenueEstimated": null, "fiscalDateEnding": "2020-09-29", "updatedFromDate": "2023-05-17"}, {"date": "2020-11-16", "symbol": "MBOT", "eps": -0.35, "epsEstimated": -0.28, "time": "bmo", "revenue": null, "revenueEstimated": null, "fiscalDateEnding": "2020-09-29", "updatedFromDate": "2023-09-29"}, {"date": "2020-11-16", "symbol": "MDWT", "eps": -2.00154, "epsEstimated": null, "time": "amc", "revenue": -516257, "revenueEstimated": null, "fiscalDateEnding": "2020-09-29", "updatedFromDate": "2023-09-29"}, {"date": "2020-11-16", "symbol": "CWCO", "eps": 0.09, "epsEstimated": 0.15, "time": "bmo", "revenue": 17666257, "revenueEstimated": null, "fiscalDateEnding": "2020-09-29", "updatedFromDate": "2023-09-29"}, {"date": "2020-11-16", "symbol": "CREG", "eps": -0.25, "epsEstimated": null, "time": "bmo", "revenue": null, "revenueEstimated": null, "fiscalDateEnding": "2020-09-29", "updatedFromDate": "2023-09-29"}, {"date": "2020-11-16", "symbol": "KPD.WA", "eps": 1.58, "epsEstimated": null, "time": "bmo", "revenue": 80645000, "revenueEstimated": null, "fiscalDateEnding": "2020-08-16", "updatedFromDate": "2023-05-17"}, {"date": "2020-11-16", "symbol": "086450.KQ", "eps": 381, "epsEstimated": null, "time": "bmo", "revenue": null, "revenueEstimated": null, "fiscalDateEnding": "2020-09-30", "updatedFromDate": "2023-05-17"}, {"date": "2020-11-16", "symbol": "001500.KS", "eps": 1048, "epsEstimated": null, "time": "bmo", "revenue": 99930000000, "revenueEstimated": null, "fiscalDateEnding": "2020-09-30", "updatedFromDate": "2023-10-16"}, {"date": "2020-11-16", "symbol": "HEPA", "eps": -13.8, "epsEstimated": -10.2, "time": "bmo", "revenue": null, "revenueEstimated": null, "fiscalDateEnding": "2020-09-29", "updatedFromDate": "2023-09-29"}, {"date": "2020-11-16", "symbol": "007810.KS", "eps": 246.73, "epsEstimated": null, "time": "bmo", "revenue": 296796065190, "revenueEstimated": null, "fiscalDateEnding": "2020-09-29", "updatedFromDate": "2023-05-17"}, {"date": "2020-11-16", "symbol": "LEGH", "eps": 0.35, "epsEstimated": 0.32, "time": "bmo", "revenue": 43743000, "revenueEstimated": 39642093, "fiscalDateEnding": "2020-09-29", "updatedFromDate": "2023-09-29"}, {"date": "2020-11-16", "symbol": "AII.TO", "eps": -0.0114, "epsEstimated": null, "time": "amc", "revenue": 5128000, "revenueEstimated": null, "fiscalDateEnding": "2020-09-30", "updatedFromDate": "2023-10-16"}, {"date": "2020-11-16", "symbol": "000490.KS", "eps": 183, "epsEstimated": null, "time": "bmo", "revenue": 194597918010, "revenueEstimated": null, "fiscalDateEnding": "2020-09-29", "updatedFromDate": "2023-05-17"}, {"date": "2020-11-16", "symbol": "FTFT", "eps": -0.35, "epsEstimated": null, "time": "bmo", "revenue": 43657, "revenueEstimated": null, "fiscalDateEnding": "2020-09-29", "updatedFromDate": "2023-09-29"}, {"date": "2020-11-16", "symbol": "284740.KS", "eps": 821, "epsEstimated": 1360, "time": "bmo", "revenue": 204194069110, "revenueEstimated": null, "fiscalDateEnding": "2020-09-29", "updatedFromDate": "2023-05-17"}, {"date": "2020-11-16", "symbol": "NVUS", "eps": -5.51, "epsEstimated": -1.75, "time": "bmo", "revenue": null, "revenueEstimated": null, "fiscalDateEnding": "2020-09-29", "updatedFromDate": "2023-05-17"}, {"date": "2020-11-16", "symbol": "035810.KQ", "eps": 107, "epsEstimated": null, "time": "bmo", "revenue": null, "revenueEstimated": null, "fiscalDateEnding": "2020-09-30", "updatedFromDate": "2023-05-17"}, {"date": "2020-11-16", "symbol": "UAVS", "eps": -0.01, "epsEstimated": null, "time": "bmo", "revenue": 750325, "revenueEstimated": null, "fiscalDateEnding": "2020-09-29", "updatedFromDate": "2023-09-29"}, {"date": "2020-11-16", "symbol": "YY", "eps": 1.31, "epsEstimated": 1.02, "time": "amc", "revenue": 920878195.268439, "revenueEstimated": null, "fiscalDateEnding": "2020-09-30", "updatedFromDate": "2023-09-29"}, {"date": "2020-11-16", "symbol": "023800.KS", "eps": -373.84727, "epsEstimated": null, "time": "bmo", "revenue": 139792249690, "revenueEstimated": null, "fiscalDateEnding": "2020-08-16", "updatedFromDate": "2023-05-17"}, {"date": "2020-11-16", "symbol": "CERE", "eps": -0.3071, "epsEstimated": null, "time": "bmo", "revenue": null, "revenueEstimated": null, "fiscalDateEnding": "2020-09-29", "updatedFromDate": "2023-09-29"}, {"date": "2020-11-16", "symbol": "IQ", "eps": -0.24, "epsEstimated": -0.32, "time": "amc", "revenue": 7187692000, "revenueEstimated": 10024938842, "fiscalDateEnding": "2020-09-30", "updatedFromDate": "2023-09-29"}, {"date": "2020-11-16", "symbol": "009410.KS", "eps": 9157, "epsEstimated": null, "time": "bmo", "revenue": 602646308850, "revenueEstimated": null, "fiscalDateEnding": "2020-09-29", "updatedFromDate": "2023-05-17"}, {"date": "2020-11-16", "symbol": "KRUS", "eps": -0.82, "epsEstimated": -0.84, "time": "amc", "revenue": 5528000, "revenueEstimated": null, "fiscalDateEnding": "2020-08-30", "updatedFromDate": "2023-09-29"}, {"date": "2020-11-16", "symbol": "TGHI", "eps": -0.02, "epsEstimated": null, "time": "bmo", "revenue": 100000, "revenueEstimated": null, "fiscalDateEnding": "2020-09-29", "updatedFromDate": "2023-09-29"}, {"date": "2020-11-16", "symbol": "GCOR.ST", "eps": -0.11353, "epsEstimated": null, "time": "bmo", "revenue": 181888, "revenueEstimated": 6900000, "fiscalDateEnding": "2020-09-30", "updatedFromDate": "2023-05-17"}, {"date": "2020-11-16", "symbol": "007660.KS", "eps": -1.78, "epsEstimated": null, "time": "bmo", "revenue": 149538692570, "revenueEstimated": null, "fiscalDateEnding": "2020-09-29", "updatedFromDate": "2023-05-17"}, {"date": "2020-11-16", "symbol": "GURE", "eps": -0.3, "epsEstimated": null, "time": "amc", "revenue": 10482185, "revenueEstimated": null, "fiscalDateEnding": "2020-09-29", "updatedFromDate": "2023-09-29"}, {"date": "2020-11-16", "symbol": "035900.KQ", "eps": 181, "epsEstimated": 201.43, "time": "bmo", "revenue": null, "revenueEstimated": null, "fiscalDateEnding": "2020-09-30", "updatedFromDate": "2023-05-17"}, {"date": "2020-11-16", "symbol": "PBIP", "eps": 0.07, "epsEstimated": null, "time": "bmo", "revenue": 6207000, "revenueEstimated": null, "fiscalDateEnding": "2020-09-29", "updatedFromDate": "2023-05-17"}, {"date": "2020-11-16", "symbol": "8VI.AX", "eps": null, "epsEstimated": null, "time": "bmo", "revenue": 3086796.759525, "revenueEstimated": null, "fiscalDateEnding": "2020-08-16", "updatedFromDate": "2023-10-16"}, {"date": "2020-11-16", "symbol": "6098.T", "eps": 24.38, "epsEstimated": 16.03, "time": "bmo", "revenue": 664712000000, "revenueEstimated": null, "fiscalDateEnding": "2020-08-16", "updatedFromDate": "2023-10-17"}, {"date": "2020-11-16", "symbol": "NCAU.V", "eps": -0.01, "epsEstimated": null, "time": "bmo", "revenue": null, "revenueEstimated": null, "fiscalDateEnding": "2020-09-30", "updatedFromDate": "2023-05-17"}, {"date": "2020-11-16", "symbol": "CBAT", "eps": 0.00068, "epsEstimated": null, "time": "amc", "revenue": 10620656, "revenueEstimated": null, "fiscalDateEnding": "2020-09-29", "updatedFromDate": "2023-09-29"}, {"date": "2020-11-16", "symbol": "003380.KQ", "eps": 126, "epsEstimated": null, "time": "bmo", "revenue": null, "revenueEstimated": null, "fiscalDateEnding": "2020-09-30", "updatedFromDate": "2023-05-17"}, {"date": "2020-11-16", "symbol": "MGIC.TA", "eps": 0.19, "epsEstimated": 0.16, "time": "bmo", "revenue": null, "revenueEstimated": null, "fiscalDateEnding": "2020-09-30", "updatedFromDate": "2023-05-17"}, {"date": "2020-11-16", "symbol": "RSI", "eps": -0.59148, "epsEstimated": null, "time": "amc", "revenue": 78237000, "revenueEstimated": null, "fiscalDateEnding": "2020-09-29", "updatedFromDate": "2023-09-29"}, {"date": "2020-11-16", "symbol": "ALMTF", "eps": null, "epsEstimated": null, "time": "bmo", "revenue": null, "revenueEstimated": null, "fiscalDateEnding": "2020-09-30", "updatedFromDate": "2023-05-17"}, {"date": "2020-11-16", "symbol": "FCRIF", "eps": null, "epsEstimated": null, "time": "bmo", "revenue": null, "revenueEstimated": null, "fiscalDateEnding": "2020-09-30", "updatedFromDate": "2023-05-17"}, {"date": "2020-11-16", "symbol": "LVO", "eps": 0.13, "epsEstimated": 0.12, "time": "bmo", "revenue": 14559000, "revenueEstimated": null, "fiscalDateEnding": "2020-09-29", "updatedFromDate": "2023-09-29"}, {"date": "2020-11-16", "symbol": "6598.TW", "eps": -0.28, "epsEstimated": -0.34, "time": "bmo", "revenue": 97405000, "revenueEstimated": null, "fiscalDateEnding": "2020-09-30", "updatedFromDate": "2023-05-17"}, {"date": "2020-11-16", "symbol": "214420.KS", "eps": -210.76, "epsEstimated": null, "time": "bmo", "revenue": 27225437090, "revenueEstimated": null, "fiscalDateEnding": "2020-08-16", "updatedFromDate": "2023-05-17"}, {"date": "2020-11-16", "symbol": "069640.KS", "eps": -100.07, "epsEstimated": null, "time": "bmo", "revenue": 66040248140, "revenueEstimated": null, "fiscalDateEnding": "2020-08-16", "updatedFromDate": "2023-05-17"}, {"date": "2020-11-16", "symbol": "6121.TWO", "eps": 7.77, "epsEstimated": 6.52, "time": "bmo", "revenue": 22802191000, "revenueEstimated": null, "fiscalDateEnding": "2020-09-29", "updatedFromDate": "2023-05-17"}, {"date": "2020-11-16", "symbol": "TIMCF", "eps": -0.01, "epsEstimated": -0.01, "time": "bmo", "revenue": null, "revenueEstimated": null, "fiscalDateEnding": "2020-09-30", "updatedFromDate": "2023-05-17"}, {"date": "2020-11-16", "symbol": "6615.T", "eps": 17.98, "epsEstimated": null, "time": "bmo", "revenue": 34873000000, "revenueEstimated": null, "fiscalDateEnding": "2020-08-16", "updatedFromDate": "2023-10-17"}, {"date": "2020-11-16", "symbol": "JKN.BK", "eps": 0.1109, "epsEstimated": null, "time": "bmo", "revenue": 395767000, "revenueEstimated": null, "fiscalDateEnding": "2020-09-29", "updatedFromDate": "2023-05-17"}, {"date": "2020-11-16", "symbol": "TMD.TO", "eps": -0.02039, "epsEstimated": null, "time": "bmo", "revenue": null, "revenueEstimated": null, "fiscalDateEnding": "2020-09-30", "updatedFromDate": "2023-08-25"}, {"date": "2020-11-16", "symbol": "KNT.TO", "eps": 0.04, "epsEstimated": 0.08, "time": "bmo", "revenue": 35605000, "revenueEstimated": null, "fiscalDateEnding": "2020-09-30", "updatedFromDate": "2023-10-16"}, {"date": "2020-11-16", "symbol": "8304.T", "eps": 65.77, "epsEstimated": 58.24, "time": "bmo", "revenue": 32311000000, "revenueEstimated": null, "fiscalDateEnding": "2020-08-16", "updatedFromDate": "2023-10-17"}, {"date": "2020-11-16", "symbol": "070960.KS", "eps": 2, "epsEstimated": null, "time": "bmo", "revenue": 41103375670, "revenueEstimated": null, "fiscalDateEnding": "2020-09-29", "updatedFromDate": "2023-05-17"}, {"date": "2020-11-16", "symbol": "KAYS", "eps": -0.99736, "epsEstimated": null, "time": "amc", "revenue": 274985, "revenueEstimated": null, "fiscalDateEnding": "2020-09-29", "updatedFromDate": "2023-09-29"}, {"date": "2020-11-16", "symbol": "LAC.TO", "eps": -0.07, "epsEstimated": -0.09, "time": "bmo", "revenue": null, "revenueEstimated": null, "fiscalDateEnding": "2020-09-30", "updatedFromDate": "2023-10-16"}, {"date": "2020-11-16", "symbol": "GAHC", "eps": 0.0005, "epsEstimated": null, "time": "bmo", "revenue": 136035, "revenueEstimated": null, "fiscalDateEnding": "2020-09-29", "updatedFromDate": "2023-09-29"}, {"date": "2020-11-16", "symbol": "AGE", "eps": -0.07, "epsEstimated": null, "time": "amc", "revenue": 434000, "revenueEstimated": null, "fiscalDateEnding": "2020-09-29", "updatedFromDate": "2023-09-29"}, {"date": "2020-11-16", "symbol": "DTRC", "eps": -0.04467, "epsEstimated": null, "time": "bmo", "revenue": null, "revenueEstimated": null, "fiscalDateEnding": "2020-09-29", "updatedFromDate": "2023-09-29"}, {"date": "2020-11-16", "symbol": "UNIQ.BK", "eps": 0.00726, "epsEstimated": null, "time": "bmo", "revenue": 3190021285, "revenueEstimated": null, "fiscalDateEnding": "2020-08-16", "updatedFromDate": "2023-05-17"}, {"date": "2020-11-16", "symbol": "1525.TW", "eps": 1.28, "epsEstimated": 0.75, "time": "bmo", "revenue": 268562000, "revenueEstimated": null, "fiscalDateEnding": "2020-09-30", "updatedFromDate": "2023-08-25"}, {"date": "2020-11-16", "symbol": "ALRCF", "eps": null, "epsEstimated": null, "time": "bmo", "revenue": null, "revenueEstimated": null, "fiscalDateEnding": "2020-09-30", "updatedFromDate": "2023-05-17"}, {"date": "2020-11-16", "symbol": "MYMD", "eps": -0.0873, "epsEstimated": null, "time": "bmo", "revenue": 0.000420812, "revenueEstimated": null, "fiscalDateEnding": "2020-09-29", "updatedFromDate": "2023-09-29"}, {"date": "2020-11-16", "symbol": "PSV", "eps": null, "epsEstimated": null, "time": "bmo", "revenue": null, "revenueEstimated": null, "fiscalDateEnding": "2020-09-30", "updatedFromDate": "2023-05-17"}, {"date": "2020-11-16", "symbol": "005960.KS", "eps": 1226, "epsEstimated": 849, "time": "bmo", "revenue": 289980587740, "revenueEstimated": null, "fiscalDateEnding": "2020-09-29", "updatedFromDate": "2023-05-17"}, {"date": "2020-11-16", "symbol": "ABSOF", "eps": null, "epsEstimated": null, "time": "bmo", "revenue": null, "revenueEstimated": null, "fiscalDateEnding": "2020-09-30", "updatedFromDate": "2023-05-17"}, {"date": "2020-11-16", "symbol": "ATC.WA", "eps": 0.64, "epsEstimated": null, "time": "bmo", "revenue": 702836000, "revenueEstimated": null, "fiscalDateEnding": "2020-09-29", "updatedFromDate": "2023-05-17"}, {"date": "2020-11-16", "symbol": "SMDM", "eps": 0.06157, "epsEstimated": null, "time": "bmo", "revenue": 23187519, "revenueEstimated": null, "fiscalDateEnding": "2020-09-29", "updatedFromDate": "2023-05-17"}, {"date": "2020-11-16", "symbol": "XSPA", "eps": -0.09999, "epsEstimated": null, "time": "amc", "revenue": 201000, "revenueEstimated": null, "fiscalDateEnding": "2020-09-29", "updatedFromDate": "2023-08-25"}, {"date": "2020-11-16", "symbol": "MWE.L", "eps": 0.0119, "epsEstimated": null, "time": "bmo", "revenue": 11232000, "revenueEstimated": null, "fiscalDateEnding": "2020-08-16", "updatedFromDate": "2023-05-17"}, {"date": "2020-11-16", "symbol": "100220.KS", "eps": -308, "epsEstimated": null, "time": "bmo", "revenue": 67086327490, "revenueEstimated": null, "fiscalDateEnding": "2020-12-30", "updatedFromDate": "2023-05-17"}, {"date": "2020-11-16", "symbol": "042660.KS", "eps": -329, "epsEstimated": 229.84, "time": "bmo", "revenue": 1664823384100, "revenueEstimated": null, "fiscalDateEnding": "2020-08-16", "updatedFromDate": "2023-05-17"}, {"date": "2020-11-16", "symbol": "TKOI", "eps": -0.01, "epsEstimated": null, "time": "bmo", "revenue": 2239971, "revenueEstimated": null, "fiscalDateEnding": "2020-09-29", "updatedFromDate": "2023-09-29"}, {"date": "2020-11-16", "symbol": "CNRD", "eps": -0.72, "epsEstimated": null, "time": "amc", "revenue": null, "revenueEstimated": null, "fiscalDateEnding": "2020-08-16", "updatedFromDate": "2023-09-29"}, {"date": "2020-11-16", "symbol": "CAPC", "eps": -0.01, "epsEstimated": null, "time": "amc", "revenue": 709654, "revenueEstimated": null, "fiscalDateEnding": "2020-09-29", "updatedFromDate": "2023-09-29"}, {"date": "2020-11-16", "symbol": "3665.TW", "eps": 3.59, "epsEstimated": 4.38, "time": "bmo", "revenue": 6049454000, "revenueEstimated": null, "fiscalDateEnding": "2020-09-29", "updatedFromDate": "2023-05-17"}, {"date": "2020-11-16", "symbol": "PRT", "eps": 0.01, "epsEstimated": 0.01, "time": "bmo", "revenue": 327073, "revenueEstimated": null, "fiscalDateEnding": "2020-09-29", "updatedFromDate": "2023-09-29"}, {"date": "2020-11-16", "symbol": "NDRA", "eps": -3, "epsEstimated": -3.2, "time": "amc", "revenue": null, "revenueEstimated": null, "fiscalDateEnding": "2020-09-29", "updatedFromDate": "2023-09-29"}, {"date": "2020-11-16", "symbol": "GRIL", "eps": -0.09, "epsEstimated": null, "time": "bmo", "revenue": 1152545, "revenueEstimated": null, "fiscalDateEnding": "2020-09-29", "updatedFromDate": "2023-09-29"}, {"date": "2020-11-16", "symbol": "QS", "eps": -1.56656, "epsEstimated": null, "time": "amc", "revenue": null, "revenueEstimated": null, "fiscalDateEnding": "2020-09-29", "updatedFromDate": "2023-09-29"}, {"date": "2020-11-16", "symbol": "CWBR", "eps": -1.2, "epsEstimated": -1.5, "time": "amc", "revenue": null, "revenueEstimated": null, "fiscalDateEnding": "2020-09-29", "updatedFromDate": "2023-09-29"}, {"date": "2020-11-16", "symbol": "NEO.TO", "eps": 0.03, "epsEstimated": 0.01, "time": "bmo", "revenue": 77864000, "revenueEstimated": null, "fiscalDateEnding": "2020-09-30", "updatedFromDate": "2023-05-17"}, {"date": "2020-11-16", "symbol": "PRED", "eps": -0.03, "epsEstimated": null, "time": "bmo", "revenue": 5091004, "revenueEstimated": null, "fiscalDateEnding": "2020-09-29", "updatedFromDate": "2023-10-16"}, {"date": "2020-11-16", "symbol": "PED", "eps": -0.03, "epsEstimated": null, "time": "bmo", "revenue": 2417000, "revenueEstimated": null, "fiscalDateEnding": "2020-09-29", "updatedFromDate": "2023-09-29"}, {"date": "2020-11-16", "symbol": "ICON", "eps": 1.47, "epsEstimated": null, "time": "bmo", "revenue": 24462000, "revenueEstimated": null, "fiscalDateEnding": "2020-09-29", "updatedFromDate": "2023-05-17"}, {"date": "2020-11-16", "symbol": "AZUL4.SA", "eps": -3.58, "epsEstimated": -1.45, "time": "bmo", "revenue": 805300000, "revenueEstimated": null, "fiscalDateEnding": "2020-09-29", "updatedFromDate": "2023-05-17"}, {"date": "2020-11-16", "symbol": "ARN.MI", "eps": null, "epsEstimated": null, "time": "bmo", "revenue": null, "revenueEstimated": null, "fiscalDateEnding": "2020-09-30", "updatedFromDate": "2023-05-17"}, {"date": "2020-11-16", "symbol": "033530.KS", "eps": 75.83, "epsEstimated": null, "time": "bmo", "revenue": 371269633280, "revenueEstimated": null, "fiscalDateEnding": "2020-08-16", "updatedFromDate": "2023-05-17"}, {"date": "2020-11-16", "symbol": "082210.KQ", "eps": 159, "epsEstimated": null, "time": "bmo", "revenue": null, "revenueEstimated": null, "fiscalDateEnding": "2020-09-30", "updatedFromDate": "2023-05-17"}, {"date": "2020-11-16", "symbol": "GLSI", "eps": -0.02146, "epsEstimated": null, "time": "bmo", "revenue": null, "revenueEstimated": null, "fiscalDateEnding": "2020-09-29", "updatedFromDate": "2023-09-29"}, {"date": "2020-11-16", "symbol": "GAN", "eps": -0.14, "epsEstimated": -0.01586, "time": "amc", "revenue": 10266000, "revenueEstimated": 83154600, "fiscalDateEnding": "2020-09-30", "updatedFromDate": "2023-09-29"}, {"date": "2020-11-16", "symbol": "PCSGH.BK", "eps": 0.1026, "epsEstimated": null, "time": "bmo", "revenue": 1143661242, "revenueEstimated": null, "fiscalDateEnding": "2020-08-16", "updatedFromDate": "2023-05-17"}, {"date": "2020-11-16", "symbol": "WF", "eps": 1.63, "epsEstimated": null, "time": "bmo", "revenue": 1922923000000, "revenueEstimated": null, "fiscalDateEnding": "2020-09-30", "updatedFromDate": "2023-09-29"}, {"date": "2020-11-16", "symbol": "CYD", "eps": 2.65, "epsEstimated": 2.64, "time": "bmo", "revenue": 5311111500, "revenueEstimated": null, "fiscalDateEnding": "2020-08-16", "updatedFromDate": "2023-09-29"}, {"date": "2020-11-16", "symbol": "004440.KS", "eps": -158, "epsEstimated": null, "time": "bmo", "revenue": 51229283120, "revenueEstimated": null, "fiscalDateEnding": "2020-08-16", "updatedFromDate": "2023-05-17"}, {"date": "2020-11-16", "symbol": "079980.KS", "eps": 352, "epsEstimated": null, "time": "bmo", "revenue": 258683765330, "revenueEstimated": null, "fiscalDateEnding": "2020-09-29", "updatedFromDate": "2023-05-17"}, {"date": "2020-11-16", "symbol": "161890.KS", "eps": 548, "epsEstimated": 498.45, "time": "bmo", "revenue": 348937272040, "revenueEstimated": null, "fiscalDateEnding": "2020-08-16", "updatedFromDate": "2023-05-17"}, {"date": "2020-11-16", "symbol": "LBUY", "eps": -0.01, "epsEstimated": null, "time": "bmo", "revenue": 652723, "revenueEstimated": null, "fiscalDateEnding": "2020-09-29", "updatedFromDate": "2023-09-29"}, {"date": "2020-11-16", "symbol": "ANNX", "eps": -0.77, "epsEstimated": -0.34, "time": "bmo", "revenue": null, "revenueEstimated": null, "fiscalDateEnding": "2020-09-29", "updatedFromDate": "2023-09-29"}, {"date": "2020-11-16", "symbol": "000250.KQ", "eps": null, "epsEstimated": null, "time": "bmo", "revenue": null, "revenueEstimated": null, "fiscalDateEnding": "2020-09-30", "updatedFromDate": "2023-05-17"}, {"date": "2020-11-16", "symbol": "OPT.TO", "eps": -5.5, "epsEstimated": -0.34, "time": "bmo", "revenue": 18804220, "revenueEstimated": null, "fiscalDateEnding": "2020-09-30", "updatedFromDate": "2023-10-16"}, {"date": "2020-11-16", "symbol": "004360.KS", "eps": 251, "epsEstimated": null, "time": "bmo", "revenue": 213366395670, "revenueEstimated": null, "fiscalDateEnding": "2020-08-16", "updatedFromDate": "2023-05-17"}, {"date": "2020-11-16", "symbol": "002920.KS", "eps": -18, "epsEstimated": null, "time": "bmo", "revenue": 74417792450, "revenueEstimated": null, "fiscalDateEnding": "2020-08-16", "updatedFromDate": "2023-05-17"}, {"date": "2020-11-16", "symbol": "OBCI", "eps": 0.4922, "epsEstimated": null, "time": "bmo", "revenue": 19161372, "revenueEstimated": null, "fiscalDateEnding": "2020-09-29", "updatedFromDate": "2023-05-17"}, {"date": "2020-11-16", "symbol": "CHCI", "eps": 0.05, "epsEstimated": null, "time": "bmo", "revenue": 7330000, "revenueEstimated": null, "fiscalDateEnding": "2020-09-29", "updatedFromDate": "2023-09-29"}, {"date": "2020-11-16", "symbol": "293480.KS", "eps": 480, "epsEstimated": null, "time": "bmo", "revenue": 48644628610, "revenueEstimated": null, "fiscalDateEnding": "2020-08-16", "updatedFromDate": "2023-05-17"}, {"date": "2020-11-16", "symbol": "KEGX", "eps": -0.74, "epsEstimated": -2.21, "time": "bmo", "revenue": 42911000, "revenueEstimated": 63958748, "fiscalDateEnding": "2020-09-29", "updatedFromDate": "2023-09-29"}, {"date": "2020-11-16", "symbol": "NEPT", "eps": -209.79, "epsEstimated": -83.92, "time": "amc", "revenue": 21430853.305044, "revenueEstimated": 24588413, "fiscalDateEnding": "2020-09-30", "updatedFromDate": "2023-09-29"}, {"date": "2020-11-16", "symbol": "NETE", "eps": -0.28, "epsEstimated": -0.09, "time": "bmo", "revenue": 16734374, "revenueEstimated": null, "fiscalDateEnding": "2020-09-29", "updatedFromDate": "2023-05-17"}, {"date": "2020-11-16", "symbol": "INLX", "eps": 0.06, "epsEstimated": 0.01714, "time": "bmo", "revenue": 2511282, "revenueEstimated": 7910538, "fiscalDateEnding": "2020-09-29", "updatedFromDate": "2023-09-29"}, {"date": "2020-11-16", "symbol": "4845.T", "eps": 4.02, "epsEstimated": null, "time": "bmo", "revenue": 2140498000, "revenueEstimated": null, "fiscalDateEnding": "2020-08-16", "updatedFromDate": "2023-10-17"}, {"date": "2020-11-16", "symbol": "LFMD", "eps": -1.32774, "epsEstimated": null, "time": "amc", "revenue": 11005763, "revenueEstimated": null, "fiscalDateEnding": "2020-09-29", "updatedFromDate": "2023-09-29"}, {"date": "2020-11-16", "symbol": "COCP", "eps": -0.6, "epsEstimated": -0.6, "time": "bmo", "revenue": 489000, "revenueEstimated": 489000, "fiscalDateEnding": "2020-09-29", "updatedFromDate": "2023-09-29"}, {"date": "2020-11-16", "symbol": "PRKR", "eps": -0.03, "epsEstimated": null, "time": "amc", "revenue": null, "revenueEstimated": null, "fiscalDateEnding": "2020-09-29", "updatedFromDate": "2023-09-29"}, {"date": "2020-11-16", "symbol": "084670.KS", "eps": -1405.05, "epsEstimated": null, "time": "bmo", "revenue": 19465359230, "revenueEstimated": null, "fiscalDateEnding": "2020-09-29", "updatedFromDate": "2023-05-17"}, {"date": "2020-11-16", "symbol": "161000.KS", "eps": 464.58, "epsEstimated": null, "time": "bmo", "revenue": 243172705800, "revenueEstimated": null, "fiscalDateEnding": "2020-09-29", "updatedFromDate": "2023-05-17"}, {"date": "2020-11-16", "symbol": "FRD", "eps": -0.04, "epsEstimated": null, "time": "bmo", "revenue": 24861680, "revenueEstimated": null, "fiscalDateEnding": "2020-09-29", "updatedFromDate": "2023-09-29"}, {"date": "2020-11-16", "symbol": "056190.KQ", "eps": 723, "epsEstimated": 1231.61, "time": "bmo", "revenue": null, "revenueEstimated": null, "fiscalDateEnding": "2020-09-30", "updatedFromDate": "2023-05-17"}, {"date": "2020-11-16", "symbol": "020150.KS", "eps": 151, "epsEstimated": 320.51, "time": "bmo", "revenue": 132616871730, "revenueEstimated": null, "fiscalDateEnding": "2020-08-16", "updatedFromDate": "2023-05-17"}, {"date": "2020-11-16", "symbol": "353200.KS", "eps": 65, "epsEstimated": null, "time": "bmo", "revenue": 248986050860, "revenueEstimated": null, "fiscalDateEnding": "2020-09-29", "updatedFromDate": "2023-05-17"}, {"date": "2020-11-16", "symbol": "RIDE", "eps": -0.37, "epsEstimated": -0.02, "time": "bmo", "revenue": null, "revenueEstimated": null, "fiscalDateEnding": "2020-09-29", "updatedFromDate": "2023-09-29"}, {"date": "2020-11-16", "symbol": "FFMGF", "eps": -0.02, "epsEstimated": null, "time": "bmo", "revenue": null, "revenueEstimated": null, "fiscalDateEnding": "2020-09-29", "updatedFromDate": "2023-05-17"}, {"date": "2020-11-16", "symbol": "VTGDF", "eps": -5.15, "epsEstimated": null, "time": "bmo", "revenue": null, "revenueEstimated": null, "fiscalDateEnding": "2020-09-30", "updatedFromDate": "2023-09-29"}, {"date": "2020-11-16", "symbol": "TSN", "eps": 1.95, "epsEstimated": 1.19, "time": "bmo", "revenue": 11460000000, "revenueEstimated": 10248995796.75, "fiscalDateEnding": "2020-10-02", "updatedFromDate": "2023-09-29"}, {"date": "2020-11-16", "symbol": "KAKZF", "eps": null, "epsEstimated": null, "time": "bmo", "revenue": null, "revenueEstimated": null, "fiscalDateEnding": "2020-09-30", "updatedFromDate": "2023-05-17"}, {"date": "2020-11-16", "symbol": "NAK", "eps": -0.04, "epsEstimated": -0.008, "time": "bmo", "revenue": null, "revenueEstimated": null, "fiscalDateEnding": "2020-09-30", "updatedFromDate": "2023-09-29"}, {"date": "2020-11-16", "symbol": "VTDRF", "eps": -12.91094, "epsEstimated": null, "time": "bmo", "revenue": 20211000, "revenueEstimated": null, "fiscalDateEnding": "2020-09-29", "updatedFromDate": "2023-05-17"}, {"date": "2020-11-16", "symbol": "MSN", "eps": -0.05, "epsEstimated": null, "time": "bmo", "revenue": 2271000, "revenueEstimated": null, "fiscalDateEnding": "2020-09-29", "updatedFromDate": "2023-09-29"}, {"date": "2020-11-16", "symbol": "ADV", "eps": 0.2, "epsEstimated": null, "time": "amc", "revenue": 784345000, "revenueEstimated": null, "fiscalDateEnding": "2020-09-29", "updatedFromDate": "2023-09-29"}, {"date": "2020-11-16", "symbol": "030720.KS", "eps": -66, "epsEstimated": null, "time": "bmo", "revenue": 37060028710, "revenueEstimated": null, "fiscalDateEnding": "2020-12-30", "updatedFromDate": "2023-05-17"}, {"date": "2020-11-16", "symbol": "NTWK", "eps": 0.06, "epsEstimated": null, "time": "bmo", "revenue": 12647378, "revenueEstimated": null, "fiscalDateEnding": "2020-09-29", "updatedFromDate": "2023-09-29"}, {"date": "2020-11-16", "symbol": "CRMT", "eps": 3.05, "epsEstimated": 2.35, "time": "amc", "revenue": 280329000, "revenueEstimated": 156827234, "fiscalDateEnding": "2020-08-16", "updatedFromDate": "2023-10-10"}, {"date": "2020-11-16", "symbol": "SQBG", "eps": -3.56394, "epsEstimated": null, "time": "bmo", "revenue": -22594000, "revenueEstimated": null, "fiscalDateEnding": "2020-08-16", "updatedFromDate": "2023-05-17"}, {"date": "2020-11-16", "symbol": "CRNC", "eps": 0.61, "epsEstimated": 0.33, "time": "bmo", "revenue": 90882000, "revenueEstimated": 69464587.5, "fiscalDateEnding": "2020-09-29", "updatedFromDate": "2023-09-29"}, {"date": "2020-11-16", "symbol": "FEOVF", "eps": null, "epsEstimated": null, "time": "bmo", "revenue": null, "revenueEstimated": null, "fiscalDateEnding": "2020-09-30", "updatedFromDate": "2023-05-17"}, {"date": "2020-11-16", "symbol": "ZLPSF", "eps": null, "epsEstimated": null, "time": "bmo", "revenue": null, "revenueEstimated": null, "fiscalDateEnding": "2020-09-30", "updatedFromDate": "2023-05-17"}, {"date": "2020-11-16", "symbol": "300720.KS", "eps": 666.9, "epsEstimated": null, "time": "bmo", "revenue": 319448862170, "revenueEstimated": null, "fiscalDateEnding": "2020-08-16", "updatedFromDate": "2023-05-17"}, {"date": "2020-11-16", "symbol": "WICE.BK", "eps": 0.09, "epsEstimated": null, "time": "bmo", "revenue": 905640000, "revenueEstimated": null, "fiscalDateEnding": "2020-09-29", "updatedFromDate": "2023-05-17"}, {"date": "2020-11-16", "symbol": "AGRO.L", "eps": 199.05, "epsEstimated": 33.97, "time": "bmo", "revenue": 50208834000, "revenueEstimated": null, "fiscalDateEnding": "2020-08-16", "updatedFromDate": "2023-05-17"}, {"date": "2020-11-16", "symbol": "PPCB", "eps": -595.16783, "epsEstimated": null, "time": "bmo", "revenue": null, "revenueEstimated": null, "fiscalDateEnding": "2020-09-29", "updatedFromDate": "2023-09-29"}, {"date": "2020-11-16", "symbol": "ASL.DE", "eps": -0.17074, "epsEstimated": null, "time": "bmo", "revenue": 22315000, "revenueEstimated": null, "fiscalDateEnding": "2020-09-29", "updatedFromDate": "2023-05-17"}, {"date": "2020-11-16", "symbol": "UWHR", "eps": 0.1929, "epsEstimated": null, "time": "bmo", "revenue": 10993000, "revenueEstimated": null, "fiscalDateEnding": "2020-09-29", "updatedFromDate": "2023-05-17"}, {"date": "2020-11-16", "symbol": "TCLHF", "eps": null, "epsEstimated": null, "time": "bmo", "revenue": null, "revenueEstimated": null, "fiscalDateEnding": "2020-09-30", "updatedFromDate": "2023-05-17"}, {"date": "2020-11-16", "symbol": "AP+", "eps": 0.07, "epsEstimated": 0.06, "time": "bmo", "revenue": null, "revenueEstimated": null, "fiscalDateEnding": "2020-09-29", "updatedFromDate": "2023-05-17"}, {"date": "2020-11-16", "symbol": "LSYN", "eps": -0.07372, "epsEstimated": null, "time": "bmo", "revenue": 6511707, "revenueEstimated": null, "fiscalDateEnding": "2020-09-29", "updatedFromDate": "2023-05-17"}, {"date": "2020-11-16", "symbol": "CRCUF", "eps": null, "epsEstimated": null, "time": "bmo", "revenue": null, "revenueEstimated": null, "fiscalDateEnding": "2020-08-16", "updatedFromDate": "2023-05-17"}, {"date": "2020-11-16", "symbol": "KSPI.IL", "eps": 403.54, "epsEstimated": null, "time": "bmo", "revenue": 183313000000, "revenueEstimated": null, "fiscalDateEnding": "2020-08-16", "updatedFromDate": "2023-05-17"}, {"date": "2020-11-16", "symbol": "STCB", "eps": 0.0029, "epsEstimated": null, "time": "bmo", "revenue": 767808, "revenueEstimated": null, "fiscalDateEnding": "2020-09-29", "updatedFromDate": "2023-09-29"}, {"date": "2020-11-16", "symbol": "RADI", "eps": 0.66, "epsEstimated": null, "time": "bmo", "revenue": 17861000, "revenueEstimated": null, "fiscalDateEnding": "2020-09-29", "updatedFromDate": "2023-09-29"}, {"date": "2020-11-16", "symbol": "MNTR", "eps": -0.01, "epsEstimated": null, "time": "bmo", "revenue": 1231530, "revenueEstimated": null, "fiscalDateEnding": "2020-09-29", "updatedFromDate": "2023-09-29"}, {"date": "2020-11-16", "symbol": "RCRRF", "eps": 0.23, "epsEstimated": null, "time": "bmo", "revenue": 664712000000, "revenueEstimated": null, "fiscalDateEnding": "2020-08-16", "updatedFromDate": "2023-10-17"}, {"date": "2020-11-16", "symbol": "BTSGIF.BK", "eps": null, "epsEstimated": null, "time": "bmo", "revenue": null, "revenueEstimated": null, "fiscalDateEnding": "2020-09-30", "updatedFromDate": "2023-08-25"}, {"date": "2020-11-16", "symbol": "STPGF", "eps": 0.01, "epsEstimated": 0.12, "time": "bmo", "revenue": 19360000, "revenueEstimated": null, "fiscalDateEnding": "2020-09-30", "updatedFromDate": "2023-08-25"}, {"date": "2020-11-16", "symbol": "BUROF", "eps": null, "epsEstimated": null, "time": "bmo", "revenue": null, "revenueEstimated": null, "fiscalDateEnding": "2020-09-30", "updatedFromDate": "2023-05-17"}, {"date": "2020-11-16", "symbol": "OTLC", "eps": 0.02, "epsEstimated": null, "time": "bmo", "revenue": null, "revenueEstimated": null, "fiscalDateEnding": "2020-09-29", "updatedFromDate": "2023-09-29"}, {"date": "2020-11-16", "symbol": "MMAYF", "eps": null, "epsEstimated": null, "time": "bmo", "revenue": null, "revenueEstimated": null, "fiscalDateEnding": "2020-09-30", "updatedFromDate": "2023-05-17"}, {"date": "2020-11-16", "symbol": "ACST.V", "eps": -0.1, "epsEstimated": -0.64, "time": "bmo", "revenue": null, "revenueEstimated": null, "fiscalDateEnding": "2021-03-31", "updatedFromDate": "2023-08-25"}, {"date": "2020-11-16", "symbol": "3706.TW", "eps": 0.76, "epsEstimated": 0.75, "time": "bmo", "revenue": 11852050000, "revenueEstimated": null, "fiscalDateEnding": "2020-09-30", "updatedFromDate": "2023-08-25"}, {"date": "2020-11-16", "symbol": "MEAL3.SA", "eps": 0.01, "epsEstimated": 0.1, "time": "bmo", "revenue": 298669000, "revenueEstimated": null, "fiscalDateEnding": "2020-09-30", "updatedFromDate": "2023-08-25"}, {"date": "2020-11-16", "symbol": "3010.TW", "eps": 2.66, "epsEstimated": null, "time": "bmo", "revenue": 16160492000, "revenueEstimated": null, "fiscalDateEnding": "2020-09-30", "updatedFromDate": "2023-08-25"}, {"date": "2020-11-16", "symbol": "002350.KS", "eps": 117, "epsEstimated": 187.48, "time": "bmo", "revenue": 467277938550, "revenueEstimated": null, "fiscalDateEnding": "2020-09-30", "updatedFromDate": "2023-08-25"}, {"date": "2020-11-16", "symbol": "DNRCQ", "eps": null, "epsEstimated": null, "time": "bmo", "revenue": null, "revenueEstimated": null, "fiscalDateEnding": "2020-09-29", "updatedFromDate": "2023-05-17"}, {"date": "2020-11-16", "symbol": "VBLT", "eps": -0.12, "epsEstimated": -0.13, "time": "bmo", "revenue": 193000, "revenueEstimated": 207846, "fiscalDateEnding": "2020-09-30", "updatedFromDate": "2023-09-29"}, {"date": "2020-11-16", "symbol": "001820.KS", "eps": 726, "epsEstimated": 685, "time": "bmo", "revenue": 65408324370, "revenueEstimated": null, "fiscalDateEnding": "2020-09-29", "updatedFromDate": "2023-05-17"}, {"date": "2020-11-16", "symbol": "ALMOU.PA", "eps": null, "epsEstimated": null, "time": "bmo", "revenue": null, "revenueEstimated": null, "fiscalDateEnding": "2020-08-16", "updatedFromDate": "2023-05-17"}, {"date": "2020-11-16", "symbol": "LEAI", "eps": 0.2, "epsEstimated": null, "time": "amc", "revenue": 9181000, "revenueEstimated": null, "fiscalDateEnding": "2020-09-29", "updatedFromDate": "2023-09-29"}, {"date": "2020-11-16", "symbol": "034310.KS", "eps": 385, "epsEstimated": null, "time": "bmo", "revenue": 539372153930, "revenueEstimated": null, "fiscalDateEnding": "2020-09-29", "updatedFromDate": "2023-05-17"}, {"date": "2020-11-16", "symbol": "5439.TWO", "eps": 0.7, "epsEstimated": 0.93, "time": "bmo", "revenue": 592653000, "revenueEstimated": null, "fiscalDateEnding": "2020-09-29", "updatedFromDate": "2023-05-17"}, {"date": "2020-11-16", "symbol": "AP", "eps": 0.07, "epsEstimated": 0.06, "time": "amc", "revenue": 75674000, "revenueEstimated": null, "fiscalDateEnding": "2020-09-29", "updatedFromDate": "2023-09-29"}, {"date": "2020-11-16", "symbol": "010780.KS", "eps": 1239.11, "epsEstimated": 793.67, "time": "bmo", "revenue": 339390498090, "revenueEstimated": null, "fiscalDateEnding": "2020-09-30", "updatedFromDate": "2023-08-25"}, {"date": "2020-11-16", "symbol": "GEC", "eps": -0.14686, "epsEstimated": null, "time": "bmo", "revenue": 16655000, "revenueEstimated": null, "fiscalDateEnding": "2020-09-29", "updatedFromDate": "2023-05-17"}, {"date": "2020-11-16", "symbol": "APT.WA", "eps": 0.4219, "epsEstimated": null, "time": "bmo", "revenue": 228780000, "revenueEstimated": null, "fiscalDateEnding": "2020-08-16", "updatedFromDate": "2023-05-17"}, {"date": "2020-11-16", "symbol": "LBTI", "eps": -0.00047, "epsEstimated": null, "time": "bmo", "revenue": 2330292, "revenueEstimated": null, "fiscalDateEnding": "2020-09-29", "updatedFromDate": "2023-09-29"}, {"date": "2020-11-16", "symbol": "PETZF", "eps": null, "epsEstimated": null, "time": "bmo", "revenue": null, "revenueEstimated": null, "fiscalDateEnding": "2020-09-30", "updatedFromDate": "2023-05-17"}, {"date": "2020-11-16", "symbol": "071050.KS", "eps": 4271, "epsEstimated": 3834.72, "time": "bmo", "revenue": 669192316130, "revenueEstimated": null, "fiscalDateEnding": "2020-09-30", "updatedFromDate": "2023-10-16"}, {"date": "2020-11-16", "symbol": "MCF", "eps": -0.05168, "epsEstimated": null, "time": "amc", "revenue": 31348000, "revenueEstimated": null, "fiscalDateEnding": "2020-09-29", "updatedFromDate": "2023-05-17"}, {"date": "2020-11-16", "symbol": "260930.KQ", "eps": 9.5, "epsEstimated": null, "time": "bmo", "revenue": null, "revenueEstimated": null, "fiscalDateEnding": "2020-09-30", "updatedFromDate": "2023-05-17"}, {"date": "2020-11-16", "symbol": "RRRP3.SA", "eps": -0.40834, "epsEstimated": null, "time": "bmo", "revenue": 81682000, "revenueEstimated": null, "fiscalDateEnding": "2020-09-30", "updatedFromDate": "2023-05-17"}, {"date": "2020-11-16", "symbol": "5609.TWO", "eps": 1.98, "epsEstimated": null, "time": "bmo", "revenue": 5596015000, "revenueEstimated": null, "fiscalDateEnding": "2020-09-29", "updatedFromDate": "2023-05-17"}, {"date": "2020-11-16", "symbol": "SNT.WA", "eps": 0.34, "epsEstimated": null, "time": "bmo", "revenue": 28528940.95, "revenueEstimated": null, "fiscalDateEnding": "2020-09-30", "updatedFromDate": "2023-10-16"}, {"date": "2020-11-16", "symbol": "001340.KS", "eps": 19, "epsEstimated": 56, "time": "bmo", "revenue": 44414905310, "revenueEstimated": null, "fiscalDateEnding": "2020-09-29", "updatedFromDate": "2023-05-17"}, {"date": "2020-11-16", "symbol": "086390.KQ", "eps": -62, "epsEstimated": 359, "time": "bmo", "revenue": null, "revenueEstimated": null, "fiscalDateEnding": "2020-09-30", "updatedFromDate": "2023-05-17"}, {"date": "2020-11-16", "symbol": "AMNL", "eps": -0.01, "epsEstimated": null, "time": "bmo", "revenue": 222204, "revenueEstimated": null, "fiscalDateEnding": "2020-09-30", "updatedFromDate": "2023-09-29"}, {"date": "2020-11-16", "symbol": "306200.KS", "eps": 4354, "epsEstimated": null, "time": "bmo", "revenue": 279316440300, "revenueEstimated": null, "fiscalDateEnding": "2020-09-29", "updatedFromDate": "2023-05-17"}, {"date": "2020-11-16", "symbol": "9618.HK", "eps": 1.71, "epsEstimated": 2.02, "time": "bmo", "revenue": 174214464000, "revenueEstimated": null, "fiscalDateEnding": "2020-09-29", "updatedFromDate": "2023-05-17"}, {"date": "2020-11-16", "symbol": "MDLY", "eps": -0.16, "epsEstimated": null, "time": "bmo", "revenue": 8477000, "revenueEstimated": null, "fiscalDateEnding": "2020-08-16", "updatedFromDate": "2023-09-29"}, {"date": "2020-11-16", "symbol": "OBLG", "eps": -6, "epsEstimated": null, "time": "bmo", "revenue": 3266000, "revenueEstimated": null, "fiscalDateEnding": "2020-09-29", "updatedFromDate": "2023-09-29"}, {"date": "2020-11-16", "symbol": "CRJ.WA", "eps": 9.46, "epsEstimated": null, "time": "bmo", "revenue": 7039144.52, "revenueEstimated": null, "fiscalDateEnding": "2020-08-16", "updatedFromDate": "2023-05-17"}, {"date": "2020-11-16", "symbol": "170900.KS", "eps": 492, "epsEstimated": 496.45, "time": "bmo", "revenue": 128198949350, "revenueEstimated": null, "fiscalDateEnding": "2020-08-16", "updatedFromDate": "2023-05-17"}, {"date": "2020-11-16", "symbol": "KA", "eps": 15.4, "epsEstimated": 25.2, "time": "bmo", "revenue": null, "revenueEstimated": null, "fiscalDateEnding": "2020-09-29", "updatedFromDate": "2023-09-29"}, {"date": "2020-11-16", "symbol": "POROF", "eps": null, "epsEstimated": null, "time": "bmo", "revenue": null, "revenueEstimated": null, "fiscalDateEnding": "2020-09-30", "updatedFromDate": "2023-05-17"}, {"date": "2020-11-16", "symbol": "000400.KS", "eps": 22, "epsEstimated": null, "time": "bmo", "revenue": 588883765380, "revenueEstimated": null, "fiscalDateEnding": "2020-09-30", "updatedFromDate": "2023-10-16"}, {"date": "2020-11-16", "symbol": "BRAV", "eps": null, "epsEstimated": null, "time": "bmo", "revenue": null, "revenueEstimated": null, "fiscalDateEnding": "2020-09-30", "updatedFromDate": "2023-05-17"}, {"date": "2020-11-16", "symbol": "TAIT", "eps": 0.08, "epsEstimated": null, "time": "bmo", "revenue": 1991000, "revenueEstimated": null, "fiscalDateEnding": "2020-09-29", "updatedFromDate": "2023-09-29"}, {"date": "2020-11-16", "symbol": "009470.KS", "eps": 192.65, "epsEstimated": null, "time": "bmo", "revenue": 54839438140, "revenueEstimated": null, "fiscalDateEnding": "2020-09-29", "updatedFromDate": "2023-05-17"}, {"date": "2020-11-16", "symbol": "SBLK", "eps": 0.28, "epsEstimated": 0.28, "time": "amc", "revenue": 200222000, "revenueEstimated": 200222000, "fiscalDateEnding": "2020-09-30", "updatedFromDate": "2023-09-29"}, {"date": "2020-11-16", "symbol": "PRPH", "eps": -0.05, "epsEstimated": null, "time": "bmo", "revenue": 3840000, "revenueEstimated": null, "fiscalDateEnding": "2020-09-29", "updatedFromDate": "2023-09-29"}, {"date": "2020-11-16", "symbol": "088260.KS", "eps": 54, "epsEstimated": null, "time": "bmo", "revenue": 10577076060, "revenueEstimated": null, "fiscalDateEnding": "2020-09-30", "updatedFromDate": "2023-10-16"}, {"date": "2020-11-16", "symbol": "SLP", "eps": 0.11, "epsEstimated": 0.09, "time": "amc", "revenue": 9540081, "revenueEstimated": null, "fiscalDateEnding": "2020-08-30", "updatedFromDate": "2023-09-29"}, {"date": "2020-11-16", "symbol": "079550.KS", "eps": 609, "epsEstimated": 143, "time": "bmo", "revenue": 486914799120, "revenueEstimated": null, "fiscalDateEnding": "2020-08-16", "updatedFromDate": "2023-05-17"}, {"date": "2020-11-16", "symbol": "PTIX", "eps": -0.4, "epsEstimated": null, "time": "bmo", "revenue": null, "revenueEstimated": null, "fiscalDateEnding": "2020-09-29", "updatedFromDate": "2023-09-29"}, {"date": "2020-11-16", "symbol": "EGLX.TO", "eps": -0.07, "epsEstimated": -0.05, "time": "bmo", "revenue": 42471103, "revenueEstimated": null, "fiscalDateEnding": "2020-08-16", "updatedFromDate": "2023-05-17"}, {"date": "2020-11-16", "symbol": "BIDU", "eps": 3, "epsEstimated": 1.85, "time": "amc", "revenue": 28232000000, "revenueEstimated": 23411370418.5, "fiscalDateEnding": "2020-09-30", "updatedFromDate": "2023-09-29"}, {"date": "2020-11-16", "symbol": "XWEL", "eps": -0.09999, "epsEstimated": null, "time": "bmo", "revenue": 201000, "revenueEstimated": null, "fiscalDateEnding": "2020-09-30", "updatedFromDate": "2023-09-29"}, {"date": "2020-11-16", "symbol": "SKAS", "eps": 0.01, "epsEstimated": null, "time": "bmo", "revenue": 720787, "revenueEstimated": null, "fiscalDateEnding": "2020-09-29", "updatedFromDate": "2023-09-29"}, {"date": "2020-11-16", "symbol": "053690.KS", "eps": 329, "epsEstimated": null, "time": "bmo", "revenue": 71367112030, "revenueEstimated": null, "fiscalDateEnding": "2020-09-29", "updatedFromDate": "2023-05-17"}, {"date": "2020-11-16", "symbol": "SCPH", "eps": -0.33, "epsEstimated": -0.38, "time": "bmo", "revenue": null, "revenueEstimated": null, "fiscalDateEnding": "2020-09-29", "updatedFromDate": "2023-09-29"}, {"date": "2020-11-16", "symbol": "SRAX", "eps": -0.17, "epsEstimated": -0.12655, "time": "bmo", "revenue": 2609000, "revenueEstimated": null, "fiscalDateEnding": "2020-09-29", "updatedFromDate": "2023-09-29"}, {"date": "2020-11-16", "symbol": "GRNQ", "eps": -0.1, "epsEstimated": null, "time": "bmo", "revenue": 678917, "revenueEstimated": null, "fiscalDateEnding": "2020-09-29", "updatedFromDate": "2023-09-29"}, {"date": "2020-11-16", "symbol": "1504.TW", "eps": 0.41, "epsEstimated": 0.4, "time": "bmo", "revenue": 12474622000, "revenueEstimated": null, "fiscalDateEnding": "2020-08-16", "updatedFromDate": "2023-05-17"}, {"date": "2020-11-16", "symbol": "1447.T", "eps": -14.02, "epsEstimated": null, "time": "bmo", "revenue": 5701478000, "revenueEstimated": null, "fiscalDateEnding": "2020-08-16", "updatedFromDate": "2023-10-16"}, {"date": "2020-11-16", "symbol": "TSSI", "eps": 0.05, "epsEstimated": null, "time": "amc", "revenue": 20763000, "revenueEstimated": null, "fiscalDateEnding": "2020-09-29", "updatedFromDate": "2023-09-29"}, {"date": "2020-11-16", "symbol": "WSTRF", "eps": -0.01, "epsEstimated": null, "time": "bmo", "revenue": 11155, "revenueEstimated": null, "fiscalDateEnding": "2020-09-29", "updatedFromDate": "2023-09-29"}, {"date": "2020-11-16", "symbol": "MCCX", "eps": 0.01429, "epsEstimated": null, "time": "bmo", "revenue": null, "revenueEstimated": null, "fiscalDateEnding": "2020-09-29", "updatedFromDate": "2023-09-29"}, {"date": "2020-11-16", "symbol": "2524.TW", "eps": 1.45, "epsEstimated": 0.85, "time": "bmo", "revenue": 2290070000, "revenueEstimated": null, "fiscalDateEnding": "2020-08-16", "updatedFromDate": "2023-05-17"}, {"date": "2020-11-16", "symbol": "091990.KQ", "eps": 548.83, "epsEstimated": 435.47, "time": "bmo", "revenue": null, "revenueEstimated": null, "fiscalDateEnding": "2020-09-30", "updatedFromDate": "2023-05-17"}, {"date": "2020-11-16", "symbol": "SISI", "eps": -0.34787, "epsEstimated": null, "time": "bmo", "revenue": 4143383, "revenueEstimated": null, "fiscalDateEnding": "2020-09-29", "updatedFromDate": "2023-10-16"}, {"date": "2020-11-16", "symbol": "003540.KS", "eps": 1034, "epsEstimated": null, "time": "bmo", "revenue": 248673234000, "revenueEstimated": null, "fiscalDateEnding": "2020-09-30", "updatedFromDate": "2023-10-16"}, {"date": "2020-11-16", "symbol": "020760.KS", "eps": -214.92, "epsEstimated": null, "time": "bmo", "revenue": 23882840100, "revenueEstimated": null, "fiscalDateEnding": "2020-09-29", "updatedFromDate": "2023-05-17"}, {"date": "2020-11-16", "symbol": "ANGH", "eps": null, "epsEstimated": null, "time": "bmo", "revenue": null, "revenueEstimated": null, "fiscalDateEnding": "2020-09-30", "updatedFromDate": "2023-05-17"}, {"date": "2020-11-16", "symbol": "5391.T", "eps": -17.46, "epsEstimated": null, "time": "bmo", "revenue": 8100000000, "revenueEstimated": null, "fiscalDateEnding": "2020-08-16", "updatedFromDate": "2023-10-17"}, {"date": "2020-11-16", "symbol": "NXR-UN.TO", "eps": 0.3604, "epsEstimated": null, "time": "bmo", "revenue": 15648288, "revenueEstimated": null, "fiscalDateEnding": "2020-08-16", "updatedFromDate": "2023-05-17"}, {"date": "2020-11-16", "symbol": "TLMD", "eps": 0.02408, "epsEstimated": null, "time": "amc", "revenue": 15132000, "revenueEstimated": null, "fiscalDateEnding": "2020-09-29", "updatedFromDate": "2023-05-17"}, {"date": "2020-11-16", "symbol": "DSSI", "eps": -0.24, "epsEstimated": -0.21, "time": "bmo", "revenue": 112597000, "revenueEstimated": null, "fiscalDateEnding": "2020-09-29", "updatedFromDate": "2023-05-17"}, {"date": "2020-11-16", "symbol": "LEGN", "eps": 0.5, "epsEstimated": 0.31, "time": "bmo", "revenue": 11747000, "revenueEstimated": 11254383, "fiscalDateEnding": "2020-09-30", "updatedFromDate": "2023-09-29"}, {"date": "2020-11-16", "symbol": "VOD.JO", "eps": 2.46, "epsEstimated": null, "time": "bmo", "revenue": 24575500000, "revenueEstimated": null, "fiscalDateEnding": "2020-08-16", "updatedFromDate": "2023-10-17"}, {"date": "2020-11-16", "symbol": "2GB.DE", "eps": null, "epsEstimated": null, "time": "bmo", "revenue": null, "revenueEstimated": null, "fiscalDateEnding": "2020-09-30", "updatedFromDate": "2023-05-17"}, {"date": "2020-11-16", "symbol": "GNLN", "eps": -106, "epsEstimated": -18, "time": "bmo", "revenue": 35764000, "revenueEstimated": 35406360, "fiscalDateEnding": "2020-09-29", "updatedFromDate": "2023-09-29"}, {"date": "2020-11-16", "symbol": "IPHYF", "eps": null, "epsEstimated": -0.08, "time": "bmo", "revenue": null, "revenueEstimated": null, "fiscalDateEnding": "2020-09-30", "updatedFromDate": "2023-05-17"}, {"date": "2020-11-16", "symbol": "005090.KS", "eps": -664, "epsEstimated": null, "time": "bmo", "revenue": 68240280800, "revenueEstimated": null, "fiscalDateEnding": "2020-09-29", "updatedFromDate": "2023-08-16"}, {"date": "2020-11-16", "symbol": "ALMII.PA", "eps": null, "epsEstimated": null, "time": "bmo", "revenue": null, "revenueEstimated": null, "fiscalDateEnding": "2020-08-16", "updatedFromDate": "2023-05-17"}, {"date": "2020-11-16", "symbol": "MCEP", "eps": -0.25, "epsEstimated": 0.1, "time": "bmo", "revenue": 8750000, "revenueEstimated": 35437500, "fiscalDateEnding": "2020-09-29", "updatedFromDate": "2023-05-17"}, {"date": "2020-11-16", "symbol": "MGIC", "eps": 0.19, "epsEstimated": 0.17, "time": "bmo", "revenue": 94892000, "revenueEstimated": 83728235, "fiscalDateEnding": "2020-09-30", "updatedFromDate": "2023-09-29"}, {"date": "2020-11-16", "symbol": "ABMC", "eps": -0.01, "epsEstimated": null, "time": "amc", "revenue": 883000, "revenueEstimated": null, "fiscalDateEnding": "2020-09-29", "updatedFromDate": "2023-09-29"}, {"date": "2020-11-16", "symbol": "NSFDF", "eps": -0.02, "epsEstimated": null, "time": "amc", "revenue": null, "revenueEstimated": null, "fiscalDateEnding": "2020-09-30", "updatedFromDate": "2023-09-29"}, {"date": "2020-11-16", "symbol": "027970.KS", "eps": 15.05, "epsEstimated": null, "time": "bmo", "revenue": 47413068700, "revenueEstimated": null, "fiscalDateEnding": "2020-08-16", "updatedFromDate": "2023-05-17"}, {"date": "2020-11-16", "symbol": "INVO", "eps": -7.2, "epsEstimated": null, "time": "amc", "revenue": 336071, "revenueEstimated": null, "fiscalDateEnding": "2020-09-29", "updatedFromDate": "2023-09-29"}, {"date": "2020-11-16", "symbol": "GFASY", "eps": -1.35, "epsEstimated": null, "time": "amc", "revenue": 884045000, "revenueEstimated": null, "fiscalDateEnding": "2020-08-16", "updatedFromDate": "2023-09-29"}, {"date": "2020-11-16", "symbol": "004370.KS", "eps": 5098, "epsEstimated": 3817.75, "time": "bmo", "revenue": 632619619540, "revenueEstimated": null, "fiscalDateEnding": "2020-08-16", "updatedFromDate": "2023-05-17"}, {"date": "2020-11-16", "symbol": "IBEX", "eps": 0.31, "epsEstimated": 0.16, "time": "amc", "revenue": 108771000, "revenueEstimated": 85179162.09375, "fiscalDateEnding": "2020-09-30", "updatedFromDate": "2023-09-29"}, {"date": "2020-11-16", "symbol": "SHMP", "eps": -0.00511, "epsEstimated": null, "time": "bmo", "revenue": null, "revenueEstimated": null, "fiscalDateEnding": "2020-08-16", "updatedFromDate": "2023-10-10"}, {"date": "2020-11-16", "symbol": "JMDAD", "eps": -3.2, "epsEstimated": -0.66, "time": "bmo", "revenue": null, "revenueEstimated": null, "fiscalDateEnding": "2020-09-30", "updatedFromDate": "2023-05-17"}, {"date": "2020-11-16", "symbol": "SMMT", "eps": 1.24, "epsEstimated": 0.01112, "time": "bmo", "revenue": 181000, "revenueEstimated": 19873800, "fiscalDateEnding": "2020-09-29", "updatedFromDate": "2023-09-29"}, {"date": "2020-11-16", "symbol": "BAIDF", "eps": null, "epsEstimated": null, "time": "bmo", "revenue": null, "revenueEstimated": null, "fiscalDateEnding": "2020-09-30", "updatedFromDate": "2023-05-17"}, {"date": "2020-11-16", "symbol": "ACUR", "eps": -0.01098, "epsEstimated": null, "time": "amc", "revenue": 718000, "revenueEstimated": null, "fiscalDateEnding": "2020-08-16", "updatedFromDate": "2023-09-29"}, {"date": "2020-11-16", "symbol": "103590.KS", "eps": 12, "epsEstimated": null, "time": "bmo", "revenue": 193931844100, "revenueEstimated": null, "fiscalDateEnding": "2020-09-30", "updatedFromDate": "2023-08-25"}, {"date": "2020-11-16", "symbol": "HEWA", "eps": -0.00031, "epsEstimated": null, "time": "bmo", "revenue": 4004462, "revenueEstimated": null, "fiscalDateEnding": "2020-09-30", "updatedFromDate": "2023-09-29"}, {"date": "2020-11-16", "symbol": "PTI", "eps": -2.2, "epsEstimated": -3.6, "time": "bmo", "revenue": null, "revenueEstimated": null, "fiscalDateEnding": "2020-09-29", "updatedFromDate": "2023-05-17"}, {"date": "2020-11-16", "symbol": "143210.KS", "eps": -35, "epsEstimated": null, "time": "bmo", "revenue": 149097951910, "revenueEstimated": null, "fiscalDateEnding": "2020-08-16", "updatedFromDate": "2023-05-17"}, {"date": "2020-11-16", "symbol": "005500.KS", "eps": 443, "epsEstimated": null, "time": "bmo", "revenue": 59376143940, "revenueEstimated": null, "fiscalDateEnding": "2020-08-16", "updatedFromDate": "2023-05-17"}, {"date": "2020-11-16", "symbol": "TSR.BK", "eps": 0.07474, "epsEstimated": null, "time": "bmo", "revenue": 424570000, "revenueEstimated": null, "fiscalDateEnding": "2020-09-30", "updatedFromDate": "2023-05-17"}, {"date": "2020-11-16", "symbol": "SLR.MC", "eps": 0.08, "epsEstimated": 0.05, "time": "bmo", "revenue": 17842000, "revenueEstimated": null, "fiscalDateEnding": "2020-09-29", "updatedFromDate": "2023-05-17"}, {"date": "2020-11-16", "symbol": "BWMG", "eps": 0.00018, "epsEstimated": null, "time": "bmo", "revenue": 1670659, "revenueEstimated": null, "fiscalDateEnding": "2020-09-29", "updatedFromDate": "2023-05-17"}, {"date": "2020-11-16", "symbol": "MSGE", "eps": -3.04, "epsEstimated": -4.72, "time": "amc", "revenue": 14378000, "revenueEstimated": 16779742, "fiscalDateEnding": "2020-09-29", "updatedFromDate": "2023-09-29"}, {"date": "2020-11-16", "symbol": "GENI", "eps": -0.01015, "epsEstimated": null, "time": "bmo", "revenue": 40556000, "revenueEstimated": null, "fiscalDateEnding": "2020-09-30", "updatedFromDate": "2023-09-29"}, {"date": "2020-11-16", "symbol": "AZUL", "eps": -1.99, "epsEstimated": -1.05, "time": "bmo", "revenue": 805300000, "revenueEstimated": 1220339230, "fiscalDateEnding": "2020-09-30", "updatedFromDate": "2023-09-29"}, {"date": "2020-11-16", "symbol": "MIHDF", "eps": null, "epsEstimated": null, "time": "bmo", "revenue": null, "revenueEstimated": null, "fiscalDateEnding": "2020-09-30", "updatedFromDate": "2023-05-17"}, {"date": "2020-11-16", "symbol": "FGWLF", "eps": null, "epsEstimated": null, "time": "bmo", "revenue": null, "revenueEstimated": null, "fiscalDateEnding": "2020-09-30", "updatedFromDate": "2023-05-17"}, {"date": "2020-11-16", "symbol": "014280.KS", "eps": -526.4461, "epsEstimated": null, "time": "bmo", "revenue": 125689223640, "revenueEstimated": null, "fiscalDateEnding": "2020-08-16", "updatedFromDate": "2023-05-17"}, {"date": "2020-11-16", "symbol": "CSPR", "eps": -0.39, "epsEstimated": -0.33, "time": "bmo", "revenue": 123464000, "revenueEstimated": 101016000, "fiscalDateEnding": "2020-09-29", "updatedFromDate": "2023-05-17"}, {"date": "2020-11-16", "symbol": "USEG", "eps": -1.3, "epsEstimated": null, "time": "amc", "revenue": 401000, "revenueEstimated": null, "fiscalDateEnding": "2020-09-29", "updatedFromDate": "2023-09-29"}, {"date": "2020-11-16", "symbol": "017180.KS", "eps": -174, "epsEstimated": null, "time": "bmo", "revenue": 32151399780, "revenueEstimated": null, "fiscalDateEnding": "2020-09-29", "updatedFromDate": "2023-05-17"}, {"date": "2020-11-16", "symbol": "PIOE", "eps": null, "epsEstimated": null, "time": "bmo", "revenue": null, "revenueEstimated": null, "fiscalDateEnding": "2020-09-30", "updatedFromDate": "2023-09-29"}, {"date": "2020-11-16", "symbol": "MICR", "eps": 0.11, "epsEstimated": null, "time": "bmo", "revenue": 5636288, "revenueEstimated": null, "fiscalDateEnding": "2020-09-30", "updatedFromDate": "2023-09-29"}, {"date": "2020-11-16", "symbol": "033240.KS", "eps": 168, "epsEstimated": null, "time": "bmo", "revenue": 91946169140, "revenueEstimated": null, "fiscalDateEnding": "2020-08-16", "updatedFromDate": "2023-05-17"}, {"date": "2020-11-16", "symbol": "BU.TO", "eps": -0.02933, "epsEstimated": null, "time": "bmo", "revenue": 17965, "revenueEstimated": null, "fiscalDateEnding": "2020-08-16", "updatedFromDate": "2023-10-16"}, {"date": "2020-11-16", "symbol": "FDA.MI", "eps": null, "epsEstimated": null, "time": "bmo", "revenue": null, "revenueEstimated": null, "fiscalDateEnding": "2020-08-16", "updatedFromDate": "2023-05-17"}, {"date": "2020-11-16", "symbol": "XOP.CN", "eps": -0.01675, "epsEstimated": null, "time": "bmo", "revenue": null, "revenueEstimated": null, "fiscalDateEnding": "2020-08-16", "updatedFromDate": "2023-05-17"}, {"date": "2020-11-16", "symbol": "DRT.BK", "eps": 0.13, "epsEstimated": null, "time": "bmo", "revenue": 999553000, "revenueEstimated": null, "fiscalDateEnding": "2020-09-30", "updatedFromDate": "2023-08-16"}, {"date": "2020-11-16", "symbol": "PANW", "eps": 0.54, "epsEstimated": 0.45, "time": "bmo", "revenue": 946000000, "revenueEstimated": 739729323, "fiscalDateEnding": "2020-10-30", "updatedFromDate": "2023-09-29"}, {"date": "2020-11-16", "symbol": "025000.KS", "eps": 2378, "epsEstimated": null, "time": "bmo", "revenue": 229005944010, "revenueEstimated": null, "fiscalDateEnding": "2020-08-16", "updatedFromDate": "2023-05-17"}, {"date": "2020-11-16", "symbol": "004990.KS", "eps": 2000, "epsEstimated": 1009.8, "time": "bmo", "revenue": 2623912801600, "revenueEstimated": null, "fiscalDateEnding": "2020-09-29", "updatedFromDate": "2023-08-16"}, {"date": "2020-11-16", "symbol": "CCM.TO", "eps": 0.00039, "epsEstimated": null, "time": "bmo", "revenue": null, "revenueEstimated": null, "fiscalDateEnding": "2020-08-16", "updatedFromDate": "2023-05-17"}, {"date": "2020-11-16", "symbol": "028100.KS", "eps": 129, "epsEstimated": null, "time": "bmo", "revenue": 84829262110, "revenueEstimated": null, "fiscalDateEnding": "2020-12-30", "updatedFromDate": "2023-05-17"}, {"date": "2020-11-16", "symbol": "004540.KS", "eps": 160.4, "epsEstimated": null, "time": "bmo", "revenue": 146236094130, "revenueEstimated": null, "fiscalDateEnding": "2020-09-29", "updatedFromDate": "2023-05-17"}, {"date": "2020-11-16", "symbol": "002600.KS", "eps": 5157.41, "epsEstimated": null, "time": "bmo", "revenue": 57152990230, "revenueEstimated": null, "fiscalDateEnding": "2020-09-29", "updatedFromDate": "2023-05-17"}, {"date": "2020-11-16", "symbol": "000320.KS", "eps": 431, "epsEstimated": null, "time": "bmo", "revenue": 212762758460, "revenueEstimated": null, "fiscalDateEnding": "2020-09-29", "updatedFromDate": "2023-05-17"}, {"date": "2020-11-16", "symbol": "BOXL", "eps": -0.16, "epsEstimated": -0.02667, "time": "amc", "revenue": 9476956, "revenueEstimated": 59704822, "fiscalDateEnding": "2020-09-29", "updatedFromDate": "2023-09-29"}, {"date": "2020-11-16", "symbol": "000640.KS", "eps": 2100, "epsEstimated": 2210.24, "time": "bmo", "revenue": 207308253480, "revenueEstimated": null, "fiscalDateEnding": "2020-09-29", "updatedFromDate": "2023-08-16"}, {"date": "2020-11-16", "symbol": "SNMP", "eps": -38.44, "epsEstimated": -0.52, "time": "amc", "revenue": 12510000, "revenueEstimated": 29663134, "fiscalDateEnding": "2020-09-29", "updatedFromDate": "2023-09-29"}, {"date": "2020-11-16", "symbol": "078520.KS", "eps": -516, "epsEstimated": null, "time": "bmo", "revenue": 67012866970, "revenueEstimated": null, "fiscalDateEnding": "2020-09-29", "updatedFromDate": "2023-05-17"}, {"date": "2020-11-17", "symbol": "BGEO.L", "eps": 3.11, "epsEstimated": 2.46, "time": "bmo", "revenue": 276491000, "revenueEstimated": null, "fiscalDateEnding": "2020-09-30", "updatedFromDate": "2023-08-25"}, {"date": "2020-11-17", "symbol": "PGE.WA", "eps": 0.15, "epsEstimated": null, "time": "bmo", "revenue": 10320000000, "revenueEstimated": null, "fiscalDateEnding": "2020-09-29", "updatedFromDate": "2023-05-17"}, {"date": "2020-11-17", "symbol": "SHG", "eps": 1.91, "epsEstimated": null, "time": "bmo", "revenue": 5370164000000, "revenueEstimated": null, "fiscalDateEnding": "2020-09-30", "updatedFromDate": "2023-09-29"}, {"date": "2020-11-17", "symbol": "GRGSF", "eps": -1.47, "epsEstimated": -1.22, "time": "bmo", "revenue": null, "revenueEstimated": null, "fiscalDateEnding": "2020-09-30", "updatedFromDate": "2023-05-17"}, {"date": "2020-11-17", "symbol": "KSS", "eps": 0.01, "epsEstimated": -0.43, "time": "bmo", "revenue": 4447000000, "revenueEstimated": 7245481395, "fiscalDateEnding": "2020-08-17", "updatedFromDate": "2023-10-10"}, {"date": "2020-11-17", "symbol": "CZZ", "eps": 1, "epsEstimated": 1.15, "time": "bmo", "revenue": 5757379000, "revenueEstimated": 6558405643, "fiscalDateEnding": "2020-09-29", "updatedFromDate": "2023-05-17"}, {"date": "2020-11-17", "symbol": "LVWD", "eps": null, "epsEstimated": null, "time": "amc", "revenue": null, "revenueEstimated": null, "fiscalDateEnding": "2020-09-30", "updatedFromDate": "2023-09-29"}, {"date": "2020-11-17", "symbol": "NDRBF", "eps": 0.37, "epsEstimated": 0.34, "time": "bmo", "revenue": null, "revenueEstimated": null, "fiscalDateEnding": "2020-09-30", "updatedFromDate": "2023-05-17"}, {"date": "2020-11-17", "symbol": "016090.KS", "eps": 65.14, "epsEstimated": null, "time": "bmo", "revenue": 51058348570, "revenueEstimated": null, "fiscalDateEnding": "2020-09-29", "updatedFromDate": "2023-05-17"}, {"date": "2020-11-17", "symbol": "ATD.WA", "eps": 0.935, "epsEstimated": null, "time": "bmo", "revenue": 111835000, "revenueEstimated": null, "fiscalDateEnding": "2020-08-17", "updatedFromDate": "2023-05-17"}, {"date": "2020-11-17", "symbol": "WOLF.VI", "eps": null, "epsEstimated": null, "time": "bmo", "revenue": null, "revenueEstimated": null, "fiscalDateEnding": "2020-09-30", "updatedFromDate": "2023-05-17"}, {"date": "2020-11-17", "symbol": "ECC", "eps": 0.28, "epsEstimated": 0.26, "time": "bmo", "revenue": null, "revenueEstimated": null, "fiscalDateEnding": "2020-09-30", "updatedFromDate": "2023-05-17"}, {"date": "2020-11-17", "symbol": "3888.HK", "eps": 0.48, "epsEstimated": 0.08, "time": "bmo", "revenue": null, "revenueEstimated": null, "fiscalDateEnding": "2020-08-17", "updatedFromDate": "2023-05-17"}, {"date": "2020-11-17", "symbol": "MJNA", "eps": null, "epsEstimated": null, "time": "bmo", "revenue": null, "revenueEstimated": null, "fiscalDateEnding": "2020-09-30", "updatedFromDate": "2023-05-17"}, {"date": "2020-11-17", "symbol": "MMY.V", "eps": -0.07693, "epsEstimated": null, "time": "bmo", "revenue": 23236000, "revenueEstimated": null, "fiscalDateEnding": "2020-08-17", "updatedFromDate": "2023-10-16"}, {"date": "2020-11-17", "symbol": "UNI.AX", "eps": null, "epsEstimated": null, "time": "bmo", "revenue": null, "revenueEstimated": null, "fiscalDateEnding": "2020-12-31", "updatedFromDate": "2023-05-17"}, {"date": "2020-11-17", "symbol": "SPEQT.ST", "eps": 0.1734, "epsEstimated": null, "time": "bmo", "revenue": 44611000, "revenueEstimated": null, "fiscalDateEnding": "2020-08-17", "updatedFromDate": "2023-05-17"}, {"date": "2020-11-17", "symbol": "CUE", "eps": -0.34, "epsEstimated": -0.37, "time": "bmo", "revenue": 704000, "revenueEstimated": null, "fiscalDateEnding": "2020-09-29", "updatedFromDate": "2023-09-29"}, {"date": "2020-11-17", "symbol": "ARMK", "eps": -0.35, "epsEstimated": -0.31, "time": "bmo", "revenue": 2692150000, "revenueEstimated": 8551535293.125, "fiscalDateEnding": "2020-10-01", "updatedFromDate": "2023-09-29"}, {"date": "2020-11-17", "symbol": "SMEGF", "eps": 0.04, "epsEstimated": 0.19, "time": "bmo", "revenue": null, "revenueEstimated": null, "fiscalDateEnding": "2020-12-31", "updatedFromDate": "2023-05-17"}, {"date": "2020-11-17", "symbol": "NIOCF", "eps": null, "epsEstimated": null, "time": "bmo", "revenue": null, "revenueEstimated": null, "fiscalDateEnding": "2020-09-30", "updatedFromDate": "2023-05-17"}, {"date": "2020-11-17", "symbol": "AERO.ST", "eps": -0.10949, "epsEstimated": null, "time": "bmo", "revenue": 452000, "revenueEstimated": null, "fiscalDateEnding": "2020-12-30", "updatedFromDate": "2023-05-17"}, {"date": "2020-11-17", "symbol": "CRFQF", "eps": null, "epsEstimated": null, "time": "bmo", "revenue": null, "revenueEstimated": null, "fiscalDateEnding": "2020-09-30", "updatedFromDate": "2023-05-17"}, {"date": "2020-11-17", "symbol": "9993.HK", "eps": null, "epsEstimated": null, "time": "bmo", "revenue": null, "revenueEstimated": null, "fiscalDateEnding": "2020-09-30", "updatedFromDate": "2023-05-17"}, {"date": "2020-11-17", "symbol": "AMKAF", "eps": null, "epsEstimated": null, "time": "bmo", "revenue": null, "revenueEstimated": null, "fiscalDateEnding": "2020-09-30", "updatedFromDate": "2023-05-17"}, {"date": "2020-11-17", "symbol": "AGR.L", "eps": 0.01334, "epsEstimated": null, "time": "bmo", "revenue": 30200000, "revenueEstimated": null, "fiscalDateEnding": "2020-08-17", "updatedFromDate": "2023-10-16"}, {"date": "2020-11-17", "symbol": "KLKBF", "eps": 0.19, "epsEstimated": 0.18, "time": "bmo", "revenue": null, "revenueEstimated": null, "fiscalDateEnding": "2020-12-31", "updatedFromDate": "2023-08-25"}, {"date": "2020-11-17", "symbol": "VOXCF", "eps": null, "epsEstimated": null, "time": "bmo", "revenue": null, "revenueEstimated": null, "fiscalDateEnding": "2020-09-30", "updatedFromDate": "2023-08-16"}, {"date": "2020-11-17", "symbol": "ENRG.TA", "eps": 0.03882, "epsEstimated": null, "time": "bmo", "revenue": 63409000, "revenueEstimated": null, "fiscalDateEnding": "2020-09-30", "updatedFromDate": "2023-05-17"}, {"date": "2020-11-17", "symbol": "EIOF.OL", "eps": 0.3011, "epsEstimated": null, "time": "bmo", "revenue": 142721000, "revenueEstimated": null, "fiscalDateEnding": "2020-09-29", "updatedFromDate": "2023-05-17"}, {"date": "2020-11-17", "symbol": "SWDAF", "eps": 0.25, "epsEstimated": 0.37, "time": "bmo", "revenue": null, "revenueEstimated": null, "fiscalDateEnding": "2020-09-30", "updatedFromDate": "2023-05-17"}, {"date": "2020-11-17", "symbol": "SGPPF", "eps": null, "epsEstimated": null, "time": "bmo", "revenue": null, "revenueEstimated": null, "fiscalDateEnding": "2020-12-31", "updatedFromDate": "2023-05-17"}, {"date": "2020-11-17", "symbol": "MTLO.V", "eps": null, "epsEstimated": null, "time": "bmo", "revenue": null, "revenueEstimated": null, "fiscalDateEnding": "2021-03-31", "updatedFromDate": "2023-08-16"}, {"date": "2020-11-17", "symbol": "AMKBF", "eps": 48, "epsEstimated": 48.43, "time": "bmo", "revenue": null, "revenueEstimated": null, "fiscalDateEnding": "2020-09-30", "updatedFromDate": "2023-05-17"}, {"date": "2020-11-17", "symbol": "EQ.V", "eps": -0.01, "epsEstimated": -0.01, "time": "bmo", "revenue": 2851000, "revenueEstimated": null, "fiscalDateEnding": "2020-09-29", "updatedFromDate": "2023-08-16"}, {"date": "2020-11-17", "symbol": "TRUL.CN", "eps": 0.04, "epsEstimated": 0.22, "time": "bmo", "revenue": 136274321, "revenueEstimated": null, "fiscalDateEnding": "2020-09-29", "updatedFromDate": "2023-08-16"}, {"date": "2020-11-17", "symbol": "ALITL.PA", "eps": null, "epsEstimated": null, "time": "bmo", "revenue": null, "revenueEstimated": null, "fiscalDateEnding": "2020-09-30", "updatedFromDate": "2023-05-17"}, {"date": "2020-11-17", "symbol": "SIREF", "eps": null, "epsEstimated": null, "time": "bmo", "revenue": null, "revenueEstimated": null, "fiscalDateEnding": "2020-12-31", "updatedFromDate": "2023-05-17"}, {"date": "2020-11-17", "symbol": "EIC", "eps": null, "epsEstimated": null, "time": "bmo", "revenue": null, "revenueEstimated": null, "fiscalDateEnding": "2020-09-29", "updatedFromDate": "2023-05-17"}, {"date": "2020-11-17", "symbol": "BTCY", "eps": -0.48, "epsEstimated": null, "time": "bmo", "revenue": 744585, "revenueEstimated": null, "fiscalDateEnding": "2020-09-29", "updatedFromDate": "2023-11-28"}, {"date": "2020-11-17", "symbol": "FKWL", "eps": 0.64, "epsEstimated": 0.19, "time": "bmo", "revenue": 62569450, "revenueEstimated": 85621352, "fiscalDateEnding": "2020-09-29", "updatedFromDate": "2023-09-29"}, {"date": "2020-11-17", "symbol": "1440.TW", "eps": 0.2, "epsEstimated": null, "time": "bmo", "revenue": 3997598000, "revenueEstimated": null, "fiscalDateEnding": "2020-09-29", "updatedFromDate": "2023-05-17"}, {"date": "2020-11-17", "symbol": "FLU.VI", "eps": -0.27881, "epsEstimated": null, "time": "bmo", "revenue": 81214400, "revenueEstimated": null, "fiscalDateEnding": "2020-09-29", "updatedFromDate": "2023-05-17"}, {"date": "2020-11-17", "symbol": "LODE", "eps": 0.09, "epsEstimated": 0.51, "time": "bmo", "revenue": 49425, "revenueEstimated": 91581, "fiscalDateEnding": "2020-09-29", "updatedFromDate": "2023-09-29"}, {"date": "2020-11-17", "symbol": "ALZCUR.ST", "eps": -0.56201, "epsEstimated": null, "time": "bmo", "revenue": null, "revenueEstimated": null, "fiscalDateEnding": "2020-09-29", "updatedFromDate": "2023-05-17"}, {"date": "2020-11-17", "symbol": "RO.ST", "eps": -0.02874, "epsEstimated": null, "time": "bmo", "revenue": 7174000, "revenueEstimated": 24000000, "fiscalDateEnding": "2020-09-30", "updatedFromDate": "2023-10-16"}, {"date": "2020-11-17", "symbol": "FENG", "eps": -0.07822, "epsEstimated": null, "time": "amc", "revenue": 302989000, "revenueEstimated": null, "fiscalDateEnding": "2020-09-30", "updatedFromDate": "2023-09-29"}, {"date": "2020-11-17", "symbol": "CRKN", "eps": -0.67456, "epsEstimated": null, "time": "bmo", "revenue": null, "revenueEstimated": null, "fiscalDateEnding": "2020-09-29", "updatedFromDate": "2023-10-10"}, {"date": "2020-11-17", "symbol": "NVNO", "eps": 1.25, "epsEstimated": 1.25, "time": "bmo", "revenue": null, "revenueEstimated": null, "fiscalDateEnding": "2020-09-29", "updatedFromDate": "2023-09-29"}, {"date": "2020-11-17", "symbol": "LUMI.TA", "eps": 0.51, "epsEstimated": 0.34, "time": "bmo", "revenue": 3469000000, "revenueEstimated": null, "fiscalDateEnding": "2020-09-30", "updatedFromDate": "2023-08-17"}, {"date": "2020-11-17", "symbol": "MTSS.ME", "eps": 10.64, "epsEstimated": 7.99, "time": "bmo", "revenue": 129048000000, "revenueEstimated": null, "fiscalDateEnding": "2020-09-30", "updatedFromDate": "2023-08-25"}, {"date": "2020-11-17", "symbol": "FORTUM.HE", "eps": 0.06, "epsEstimated": 0.15, "time": "bmo", "revenue": 14049000000, "revenueEstimated": null, "fiscalDateEnding": "2020-09-29", "updatedFromDate": "2023-05-17"}, {"date": "2020-11-17", "symbol": "PAVM", "eps": -0.09, "epsEstimated": -0.1, "time": "amc", "revenue": null, "revenueEstimated": null, "fiscalDateEnding": "2020-09-29", "updatedFromDate": "2023-09-29"}, {"date": "2020-11-17", "symbol": "ROYUF", "eps": 9.81, "epsEstimated": 8.56, "time": "bmo", "revenue": null, "revenueEstimated": null, "fiscalDateEnding": "2020-09-30", "updatedFromDate": "2023-05-17"}, {"date": "2020-11-17", "symbol": "RIII", "eps": -0.00989, "epsEstimated": null, "time": "bmo", "revenue": 329004, "revenueEstimated": null, "fiscalDateEnding": "2020-09-29", "updatedFromDate": "2023-05-17"}, {"date": "2020-11-17", "symbol": "SMTTF", "eps": null, "epsEstimated": null, "time": "bmo", "revenue": null, "revenueEstimated": null, "fiscalDateEnding": "2020-09-30", "updatedFromDate": "2023-05-17"}, {"date": "2020-11-17", "symbol": "MREOF", "eps": null, "epsEstimated": null, "time": "bmo", "revenue": null, "revenueEstimated": null, "fiscalDateEnding": "2020-09-30", "updatedFromDate": "2023-05-17"}, {"date": "2020-11-17", "symbol": "GLXZ", "eps": -0.06, "epsEstimated": null, "time": "bmo", "revenue": 1797833, "revenueEstimated": null, "fiscalDateEnding": "2020-09-29", "updatedFromDate": "2023-09-29"}, {"date": "2020-11-17", "symbol": "TBCCF", "eps": 2.76, "epsEstimated": 2.3, "time": "bmo", "revenue": null, "revenueEstimated": null, "fiscalDateEnding": "2020-09-30", "updatedFromDate": "2023-08-16"}, {"date": "2020-11-17", "symbol": "FTMDF", "eps": null, "epsEstimated": null, "time": "amc", "revenue": null, "revenueEstimated": null, "fiscalDateEnding": "2020-09-30", "updatedFromDate": "2023-05-17"}, {"date": "2020-11-17", "symbol": "RBREW.CO", "eps": 9.81, "epsEstimated": 8.56, "time": "bmo", "revenue": 2258000000, "revenueEstimated": null, "fiscalDateEnding": "2020-09-29", "updatedFromDate": "2023-07-24"}, {"date": "2020-11-17", "symbol": "STHZF", "eps": null, "epsEstimated": null, "time": "bmo", "revenue": null, "revenueEstimated": null, "fiscalDateEnding": "2020-09-30", "updatedFromDate": "2023-08-16"}, {"date": "2020-11-17", "symbol": "FT.TO", "eps": -0.00051, "epsEstimated": null, "time": "bmo", "revenue": null, "revenueEstimated": null, "fiscalDateEnding": "2020-09-29", "updatedFromDate": "2023-05-17"}, {"date": "2020-11-17", "symbol": "BWEFF", "eps": null, "epsEstimated": null, "time": "bmo", "revenue": null, "revenueEstimated": null, "fiscalDateEnding": "2020-09-30", "updatedFromDate": "2023-08-16"}, {"date": "2020-11-17", "symbol": "8099.TWO", "eps": 0.4, "epsEstimated": null, "time": "bmo", "revenue": 1168442000, "revenueEstimated": null, "fiscalDateEnding": "2020-09-29", "updatedFromDate": "2023-05-17"}, {"date": "2020-11-17", "symbol": "COPL.L", "eps": -0.00045, "epsEstimated": null, "time": "bmo", "revenue": null, "revenueEstimated": null, "fiscalDateEnding": "2020-09-29", "updatedFromDate": "2023-05-17"}, {"date": "2020-11-17", "symbol": "AQUA", "eps": 0.29, "epsEstimated": 0.22, "time": "bmo", "revenue": 383861000, "revenueEstimated": 588877670.25, "fiscalDateEnding": "2020-09-29", "updatedFromDate": "2023-09-29"}, {"date": "2020-11-17", "symbol": "3576.TW", "eps": 0.09, "epsEstimated": null, "time": "bmo", "revenue": 3514863000, "revenueEstimated": null, "fiscalDateEnding": "2020-09-29", "updatedFromDate": "2023-08-16"}, {"date": "2020-11-17", "symbol": "GTXO", "eps": -0.00449, "epsEstimated": null, "time": "bmo", "revenue": 128180, "revenueEstimated": null, "fiscalDateEnding": "2020-12-30", "updatedFromDate": "2023-05-17"}, {"date": "2020-11-17", "symbol": "CURA.CN", "eps": 0.03, "epsEstimated": 0.02728, "time": "bmo", "revenue": 182408000, "revenueEstimated": null, "fiscalDateEnding": "2020-09-30", "updatedFromDate": "2023-08-25"}, {"date": "2020-11-17", "symbol": "PAYS", "eps": -0.11, "epsEstimated": -0.011, "time": "amc", "revenue": -152541, "revenueEstimated": -1235582, "fiscalDateEnding": "2020-09-29", "updatedFromDate": "2023-09-29"}, {"date": "2020-11-17", "symbol": "BSR.V", "eps": -0.06032, "epsEstimated": null, "time": "bmo", "revenue": null, "revenueEstimated": null, "fiscalDateEnding": "2020-09-30", "updatedFromDate": "2023-05-17"}, {"date": "2020-11-17", "symbol": "CRLBF", "eps": 0.03, "epsEstimated": 0.08, "time": "bmo", "revenue": 148987000, "revenueEstimated": 217893487, "fiscalDateEnding": "2020-09-30", "updatedFromDate": "2023-09-29"}, {"date": "2020-11-17", "symbol": "WNGRF", "eps": 1.76, "epsEstimated": null, "time": "bmo", "revenue": 16209000000, "revenueEstimated": null, "fiscalDateEnding": "2020-09-30", "updatedFromDate": "2023-09-29"}, {"date": "2020-11-17", "symbol": "SURG", "eps": -1.09086, "epsEstimated": null, "time": "bmo", "revenue": 12802172, "revenueEstimated": null, "fiscalDateEnding": "2020-09-29", "updatedFromDate": "2023-09-29"}, {"date": "2020-11-17", "symbol": "JEXYY", "eps": 0.81, "epsEstimated": null, "time": "bmo", "revenue": 2684446315.21, "revenueEstimated": null, "fiscalDateEnding": "2020-09-30", "updatedFromDate": "2023-09-29"}, {"date": "2020-11-17", "symbol": "MISC.KL", "eps": null, "epsEstimated": null, "time": "bmo", "revenue": null, "revenueEstimated": null, "fiscalDateEnding": "2020-09-30", "updatedFromDate": "2023-05-17"}, {"date": "2020-11-17", "symbol": "G4M.L", "eps": null, "epsEstimated": null, "time": "bmo", "revenue": null, "revenueEstimated": null, "fiscalDateEnding": "2021-03-31", "updatedFromDate": "2023-10-16"}, {"date": "2020-11-17", "symbol": "R22.WA", "eps": 0.4824, "epsEstimated": null, "time": "bmo", "revenue": 49444000, "revenueEstimated": null, "fiscalDateEnding": "2020-09-30", "updatedFromDate": "2023-10-16"}, {"date": "2020-11-17", "symbol": "VKIN", "eps": -0.09, "epsEstimated": null, "time": "bmo", "revenue": 10149387, "revenueEstimated": null, "fiscalDateEnding": "2020-09-29", "updatedFromDate": "2023-09-29"}, {"date": "2020-11-17", "symbol": "BYG.L", "eps": null, "epsEstimated": null, "time": "bmo", "revenue": 32328250, "revenueEstimated": null, "fiscalDateEnding": "2020-08-17", "updatedFromDate": "2023-10-17"}, {"date": "2020-11-17", "symbol": "ITMR", "eps": -0.2, "epsEstimated": -0.15, "time": "bmo", "revenue": 10999000, "revenueEstimated": 10998999, "fiscalDateEnding": "2020-09-29", "updatedFromDate": "2023-05-17"}, {"date": "2020-11-17", "symbol": "WMT", "eps": 1.34, "epsEstimated": 1.18, "time": "bmo", "revenue": 134708000000, "revenueEstimated": 116442508474, "fiscalDateEnding": "2020-10-30", "updatedFromDate": "2023-09-29"}, {"date": "2020-11-17", "symbol": "GREEN.BR", "eps": null, "epsEstimated": null, "time": "bmo", "revenue": null, "revenueEstimated": null, "fiscalDateEnding": "2020-08-17", "updatedFromDate": "2023-10-16"}, {"date": "2020-11-17", "symbol": "AGO.WA", "eps": -0.61858, "epsEstimated": null, "time": "bmo", "revenue": 224356000, "revenueEstimated": null, "fiscalDateEnding": "2020-08-17", "updatedFromDate": "2023-05-17"}, {"date": "2020-11-17", "symbol": "SGLJF", "eps": 1.37, "epsEstimated": 1.24, "time": "bmo", "revenue": null, "revenueEstimated": null, "fiscalDateEnding": "2020-09-30", "updatedFromDate": "2023-05-17"}, {"date": "2020-11-17", "symbol": "HLYK", "eps": -0.01177, "epsEstimated": null, "time": "bmo", "revenue": 2040155, "revenueEstimated": null, "fiscalDateEnding": "2020-09-29", "updatedFromDate": "2023-05-17"}, {"date": "2020-11-17", "symbol": "BRZL.ME", "eps": null, "epsEstimated": null, "time": "bmo", "revenue": null, "revenueEstimated": null, "fiscalDateEnding": "2020-09-30", "updatedFromDate": "2023-05-17"}, {"date": "2020-11-17", "symbol": "GNRRF", "eps": null, "epsEstimated": null, "time": "bmo", "revenue": null, "revenueEstimated": null, "fiscalDateEnding": "2020-09-30", "updatedFromDate": "2023-05-17"}, {"date": "2020-11-17", "symbol": "DFCO", "eps": -0.01, "epsEstimated": null, "time": "amc", "revenue": 759393, "revenueEstimated": null, "fiscalDateEnding": "2020-09-29", "updatedFromDate": "2023-09-29"}, {"date": "2020-11-17", "symbol": "THOXF", "eps": -0.09, "epsEstimated": -0.05, "time": "bmo", "revenue": null, "revenueEstimated": null, "fiscalDateEnding": "2020-09-30", "updatedFromDate": "2023-05-17"}, {"date": "2020-11-17", "symbol": "GRNWF", "eps": -0.01, "epsEstimated": null, "time": "bmo", "revenue": null, "revenueEstimated": null, "fiscalDateEnding": "2020-09-30", "updatedFromDate": "2023-08-16"}, {"date": "2020-11-17", "symbol": "ALELIO.ST", "eps": -0.13, "epsEstimated": null, "time": "bmo", "revenue": 1081000, "revenueEstimated": null, "fiscalDateEnding": "2020-09-29", "updatedFromDate": "2023-08-16"}, {"date": "2020-11-17", "symbol": "SUN.BK", "eps": 0.1333, "epsEstimated": null, "time": "bmo", "revenue": 739810121, "revenueEstimated": null, "fiscalDateEnding": "2020-09-30", "updatedFromDate": "2023-05-17"}, {"date": "2020-11-17", "symbol": "RLP.WA", "eps": 0.3213, "epsEstimated": null, "time": "bmo", "revenue": 30962000, "revenueEstimated": null, "fiscalDateEnding": "2020-09-29", "updatedFromDate": "2023-05-17"}, {"date": "2020-11-17", "symbol": "SERKF", "eps": null, "epsEstimated": null, "time": "bmo", "revenue": null, "revenueEstimated": null, "fiscalDateEnding": "2021-03-31", "updatedFromDate": "2023-05-17"}, {"date": "2020-11-17", "symbol": "WPL.WA", "eps": 0.86, "epsEstimated": null, "time": "bmo", "revenue": 218461000, "revenueEstimated": null, "fiscalDateEnding": "2020-08-17", "updatedFromDate": "2023-05-17"}, {"date": "2020-11-17", "symbol": "BBSRF", "eps": null, "epsEstimated": null, "time": "bmo", "revenue": null, "revenueEstimated": null, "fiscalDateEnding": "2020-09-30", "updatedFromDate": "2023-05-17"}, {"date": "2020-11-17", "symbol": "AS.BK", "eps": 0.2518, "epsEstimated": null, "time": "bmo", "revenue": 366290000, "revenueEstimated": null, "fiscalDateEnding": "2020-09-29", "updatedFromDate": "2023-05-17"}, {"date": "2020-11-17", "symbol": "HD", "eps": 3.18, "epsEstimated": 3.06, "time": "bmo", "revenue": 33536000000, "revenueEstimated": null, "fiscalDateEnding": "2020-10-31", "updatedFromDate": "2023-11-16"}, {"date": "2020-11-17", "symbol": "BYSI", "eps": -0.48, "epsEstimated": -0.54, "time": "bmo", "revenue": 180000, "revenueEstimated": null, "fiscalDateEnding": "2020-08-17", "updatedFromDate": "2023-09-29"}, {"date": "2020-11-17", "symbol": "9888.HK", "eps": 4.98, "epsEstimated": null, "time": "bmo", "revenue": 28232000000, "revenueEstimated": null, "fiscalDateEnding": "2020-09-29", "updatedFromDate": "2023-05-17"}, {"date": "2020-11-17", "symbol": "QTXB", "eps": -0.00083, "epsEstimated": null, "time": "bmo", "revenue": null, "revenueEstimated": null, "fiscalDateEnding": "2020-09-29", "updatedFromDate": "2023-09-29"}, {"date": "2020-11-17", "symbol": "ABVC", "eps": -0.9, "epsEstimated": null, "time": "bmo", "revenue": 115553, "revenueEstimated": null, "fiscalDateEnding": "2020-09-29", "updatedFromDate": "2023-09-29"}, {"date": "2020-11-17", "symbol": "GVXXF", "eps": null, "epsEstimated": null, "time": "bmo", "revenue": null, "revenueEstimated": null, "fiscalDateEnding": "2020-09-30", "updatedFromDate": "2023-05-17"}, {"date": "2020-11-17", "symbol": "ITMMF", "eps": -0.01, "epsEstimated": null, "time": "bmo", "revenue": null, "revenueEstimated": null, "fiscalDateEnding": "2020-09-30", "updatedFromDate": "2023-05-17"}, {"date": "2020-11-17", "symbol": "DCN.SW", "eps": null, "epsEstimated": null, "time": "bmo", "revenue": null, "revenueEstimated": null, "fiscalDateEnding": "2020-08-17", "updatedFromDate": "2023-05-17"}, {"date": "2020-11-17", "symbol": "TCNNF", "eps": 0.04, "epsEstimated": 0.23, "time": "bmo", "revenue": 136274321, "revenueEstimated": 223963884, "fiscalDateEnding": "2020-09-29", "updatedFromDate": "2023-05-17"}, {"date": "2020-11-17", "symbol": "PTN", "eps": -0.5, "epsEstimated": -0.75, "time": "bmo", "revenue": -288560, "revenueEstimated": -317416, "fiscalDateEnding": "2020-09-29", "updatedFromDate": "2023-09-29"}, {"date": "2020-11-17", "symbol": "CADLR.OL", "eps": null, "epsEstimated": null, "time": "bmo", "revenue": null, "revenueEstimated": null, "fiscalDateEnding": "2020-09-30", "updatedFromDate": "2023-08-16"}, {"date": "2020-11-17", "symbol": "WN.TO", "eps": 2.35, "epsEstimated": 2.19, "time": "bmo", "revenue": 16209000000, "revenueEstimated": null, "fiscalDateEnding": "2020-09-29", "updatedFromDate": "2023-05-17"}, {"date": "2020-11-17", "symbol": "2348.TW", "eps": 4.72, "epsEstimated": null, "time": "bmo", "revenue": 1401277000, "revenueEstimated": null, "fiscalDateEnding": "2020-08-17", "updatedFromDate": "2023-05-17"}, {"date": "2020-11-17", "symbol": "IVFH", "eps": -0.04661, "epsEstimated": null, "time": "bmo", "revenue": 11234626, "revenueEstimated": null, "fiscalDateEnding": "2020-09-29", "updatedFromDate": "2023-05-17"}, {"date": "2020-11-17", "symbol": "GNRO.PA", "eps": null, "epsEstimated": null, "time": "bmo", "revenue": null, "revenueEstimated": null, "fiscalDateEnding": "2020-08-17", "updatedFromDate": "2023-05-17"}, {"date": "2020-11-17", "symbol": "PBIO", "eps": -1.02, "epsEstimated": null, "time": "bmo", "revenue": 533862, "revenueEstimated": null, "fiscalDateEnding": "2020-09-29", "updatedFromDate": "2023-09-29"}, {"date": "2020-11-17", "symbol": "INIS", "eps": 0.00071, "epsEstimated": null, "time": "bmo", "revenue": 2864288, "revenueEstimated": null, "fiscalDateEnding": "2020-09-29", "updatedFromDate": "2023-09-29"}, {"date": "2020-11-17", "symbol": "VOX.V", "eps": -0.07085, "epsEstimated": null, "time": "bmo", "revenue": 10252, "revenueEstimated": null, "fiscalDateEnding": "2020-09-29", "updatedFromDate": "2023-08-16"}, {"date": "2020-11-17", "symbol": "SFHLF", "eps": null, "epsEstimated": null, "time": "bmo", "revenue": null, "revenueEstimated": null, "fiscalDateEnding": "2020-09-30", "updatedFromDate": "2023-08-16"}, {"date": "2020-11-17", "symbol": "BJSAF", "eps": null, "epsEstimated": null, "time": "bmo", "revenue": null, "revenueEstimated": null, "fiscalDateEnding": "2020-09-30", "updatedFromDate": "2023-05-17"}, {"date": "2020-11-17", "symbol": "HJLI", "eps": -1.25, "epsEstimated": -1.25, "time": "bmo", "revenue": null, "revenueEstimated": null, "fiscalDateEnding": "2020-09-29", "updatedFromDate": "2023-05-17"}, {"date": "2020-11-17", "symbol": "RSLBF", "eps": -0.76, "epsEstimated": -0.13, "time": "bmo", "revenue": null, "revenueEstimated": null, "fiscalDateEnding": "2020-09-30", "updatedFromDate": "2023-05-17"}, {"date": "2020-11-17", "symbol": "SOI.V", "eps": null, "epsEstimated": null, "time": "bmo", "revenue": null, "revenueEstimated": null, "fiscalDateEnding": "2020-12-31", "updatedFromDate": "2023-05-17"}, {"date": "2020-11-17", "symbol": "KPSHF", "eps": null, "epsEstimated": null, "time": "bmo", "revenue": null, "revenueEstimated": null, "fiscalDateEnding": "2020-09-30", "updatedFromDate": "2023-05-17"}, {"date": "2020-11-17", "symbol": "MON.WA", "eps": -0.19188, "epsEstimated": null, "time": "bmo", "revenue": 60043000, "revenueEstimated": null, "fiscalDateEnding": "2020-08-17", "updatedFromDate": "2023-05-17"}, {"date": "2020-11-17", "symbol": "FINV", "eps": 0.3, "epsEstimated": null, "time": "bmo", "revenue": 1793333000, "revenueEstimated": null, "fiscalDateEnding": "2020-09-30", "updatedFromDate": "2023-09-29"}, {"date": "2020-11-17", "symbol": "MMTMF", "eps": -0.07693, "epsEstimated": null, "time": "amc", "revenue": 23236000, "revenueEstimated": null, "fiscalDateEnding": "2020-08-17", "updatedFromDate": "2023-10-16"}, {"date": "2020-11-17", "symbol": "NVLPF", "eps": null, "epsEstimated": null, "time": "bmo", "revenue": null, "revenueEstimated": null, "fiscalDateEnding": "2020-09-30", "updatedFromDate": "2023-08-16"}, {"date": "2020-11-17", "symbol": "FLNG.OL", "eps": 0.02, "epsEstimated": 0.00811, "time": "bmo", "revenue": 33147000, "revenueEstimated": null, "fiscalDateEnding": "2020-09-29", "updatedFromDate": "2023-05-17"}, {"date": "2020-11-17", "symbol": "6732.TWO", "eps": 8.11, "epsEstimated": 8.57, "time": "bmo", "revenue": 1500516000, "revenueEstimated": null, "fiscalDateEnding": "2020-09-29", "updatedFromDate": "2023-05-17"}, {"date": "2020-11-17", "symbol": "LZB", "eps": 0.82, "epsEstimated": 0.5, "time": "amc", "revenue": 459120000, "revenueEstimated": 409075920, "fiscalDateEnding": "2020-10-23", "updatedFromDate": "2023-09-29"}, {"date": "2020-11-17", "symbol": "FLNG", "eps": 0.02, "epsEstimated": null, "time": "bmo", "revenue": 33147000, "revenueEstimated": null, "fiscalDateEnding": "2020-09-30", "updatedFromDate": "2023-09-29"}, {"date": "2020-11-17", "symbol": "VCOM.BK", "eps": 0.08, "epsEstimated": null, "time": "bmo", "revenue": 549311000, "revenueEstimated": null, "fiscalDateEnding": "2020-09-30", "updatedFromDate": "2023-05-17"}, {"date": "2020-11-17", "symbol": "GRN.TO", "eps": -0.01, "epsEstimated": null, "time": "bmo", "revenue": null, "revenueEstimated": null, "fiscalDateEnding": "2020-09-30", "updatedFromDate": "2023-08-16"}, {"date": "2020-11-17", "symbol": "CL.CN", "eps": 0.03, "epsEstimated": 0.08, "time": "bmo", "revenue": 148987000, "revenueEstimated": null, "fiscalDateEnding": "2020-09-30", "updatedFromDate": "2023-08-25"}, {"date": "2020-11-17", "symbol": "AVES.DE", "eps": -0.47399, "epsEstimated": null, "time": "bmo", "revenue": 30028000, "revenueEstimated": null, "fiscalDateEnding": "2020-09-30", "updatedFromDate": "2023-05-17"}, {"date": "2020-11-17", "symbol": "VOXR", "eps": -0.07085, "epsEstimated": null, "time": "bmo", "revenue": 10252, "revenueEstimated": null, "fiscalDateEnding": "2020-09-30", "updatedFromDate": "2023-09-29"}, {"date": "2020-11-17", "symbol": "APM.DE", "eps": 0.04225, "epsEstimated": null, "time": "bmo", "revenue": 23152000, "revenueEstimated": null, "fiscalDateEnding": "2020-09-29", "updatedFromDate": "2023-05-17"}, {"date": "2020-11-17", "symbol": "ZDC.V", "eps": null, "epsEstimated": null, "time": "bmo", "revenue": null, "revenueEstimated": null, "fiscalDateEnding": "2020-09-30", "updatedFromDate": "2023-05-17"}, {"date": "2020-11-17", "symbol": "WPHO.L", "eps": null, "epsEstimated": null, "time": "bmo", "revenue": null, "revenueEstimated": null, "fiscalDateEnding": "2020-08-17", "updatedFromDate": "2023-05-17"}, {"date": "2020-11-17", "symbol": "1070.HK", "eps": null, "epsEstimated": null, "time": "bmo", "revenue": null, "revenueEstimated": null, "fiscalDateEnding": "2020-08-17", "updatedFromDate": "2023-05-17"}, {"date": "2020-11-17", "symbol": "FLOT.ME", "eps": 0.03254, "epsEstimated": null, "time": "bmo", "revenue": 1652488000, "revenueEstimated": null, "fiscalDateEnding": "2020-08-17", "updatedFromDate": "2023-08-16"}, {"date": "2020-11-17", "symbol": "VRXWF", "eps": -0.04, "epsEstimated": -0.03, "time": "bmo", "revenue": null, "revenueEstimated": null, "fiscalDateEnding": "2020-09-30", "updatedFromDate": "2023-08-16"}, {"date": "2020-11-17", "symbol": "IPL.NZ", "eps": null, "epsEstimated": null, "time": "bmo", "revenue": null, "revenueEstimated": null, "fiscalDateEnding": "2020-09-30", "updatedFromDate": "2023-05-31"}, {"date": "2020-11-17", "symbol": "SING", "eps": -12.25473, "epsEstimated": null, "time": "bmo", "revenue": 1025129, "revenueEstimated": null, "fiscalDateEnding": "2020-09-29", "updatedFromDate": "2023-09-29"}, {"date": "2020-11-17", "symbol": "CMR.WA", "eps": 6.6, "epsEstimated": null, "time": "bmo", "revenue": 474294000, "revenueEstimated": null, "fiscalDateEnding": "2020-08-17", "updatedFromDate": "2023-05-17"}, {"date": "2020-11-17", "symbol": "KLIN.SW", "eps": null, "epsEstimated": null, "time": "bmo", "revenue": null, "revenueEstimated": null, "fiscalDateEnding": "2020-08-17", "updatedFromDate": "2023-10-17"}, {"date": "2020-11-17", "symbol": "RXMD", "eps": -0.1144, "epsEstimated": null, "time": "bmo", "revenue": 10471015, "revenueEstimated": null, "fiscalDateEnding": "2020-09-30", "updatedFromDate": "2023-09-29"}, {"date": "2020-11-17", "symbol": "MLSS", "eps": -0.02, "epsEstimated": -0.05, "time": "bmo", "revenue": 1246110, "revenueEstimated": 1682248, "fiscalDateEnding": "2020-09-29", "updatedFromDate": "2023-09-29"}, {"date": "2020-11-17", "symbol": "NAT", "eps": -0.07, "epsEstimated": -0.06, "time": "bmo", "revenue": 56044000, "revenueEstimated": 34606993.5, "fiscalDateEnding": "2020-09-30", "updatedFromDate": "2023-09-29"}, {"date": "2020-11-17", "symbol": "ISCDF", "eps": null, "epsEstimated": null, "time": "bmo", "revenue": null, "revenueEstimated": null, "fiscalDateEnding": "2020-09-30", "updatedFromDate": "2023-05-17"}, {"date": "2020-11-17", "symbol": "092200.KS", "eps": -343.93672, "epsEstimated": null, "time": "bmo", "revenue": 128072471560, "revenueEstimated": null, "fiscalDateEnding": "2020-09-29", "updatedFromDate": "2023-05-17"}, {"date": "2020-11-17", "symbol": "2328.TW", "eps": 0.57, "epsEstimated": null, "time": "bmo", "revenue": 5412622000, "revenueEstimated": null, "fiscalDateEnding": "2020-09-29", "updatedFromDate": "2023-08-16"}, {"date": "2020-11-17", "symbol": "11B.WA", "eps": 2.94, "epsEstimated": null, "time": "bmo", "revenue": 17990371, "revenueEstimated": null, "fiscalDateEnding": "2020-09-29", "updatedFromDate": "2023-05-17"}, {"date": "2020-11-17", "symbol": "STHZ.CN", "eps": -0.05639, "epsEstimated": null, "time": "bmo", "revenue": 18405627, "revenueEstimated": null, "fiscalDateEnding": "2020-09-30", "updatedFromDate": "2023-10-16"}, {"date": "2020-11-17", "symbol": "MBT", "eps": 21.28, "epsEstimated": 17.1, "time": "bmo", "revenue": 129048000000, "revenueEstimated": 97502933333, "fiscalDateEnding": "2020-09-29", "updatedFromDate": "2023-08-16"}, {"date": "2020-11-17", "symbol": "CURLF", "eps": 0.03, "epsEstimated": 0.02429, "time": "bmo", "revenue": 182408000, "revenueEstimated": 246250800, "fiscalDateEnding": "2020-09-30", "updatedFromDate": "2023-09-29"}, {"date": "2020-11-17", "symbol": "VESTUM.ST", "eps": -0.12143, "epsEstimated": null, "time": "bmo", "revenue": 2800000, "revenueEstimated": null, "fiscalDateEnding": "2020-09-30", "updatedFromDate": "2023-10-16"}, {"date": "2020-11-17", "symbol": "092220.KS", "eps": -7.8247, "epsEstimated": null, "time": "bmo", "revenue": 54145070590, "revenueEstimated": null, "fiscalDateEnding": "2020-09-29", "updatedFromDate": "2023-05-17"}, {"date": "2020-11-17", "symbol": "DTST", "eps": 0.01366, "epsEstimated": null, "time": "bmo", "revenue": 2723532, "revenueEstimated": null, "fiscalDateEnding": "2020-09-29", "updatedFromDate": "2023-09-29"}, {"date": "2020-11-17", "symbol": "NIO", "eps": -0.12, "epsEstimated": -0.15, "time": "amc", "revenue": 4525960000, "revenueEstimated": 5708418018, "fiscalDateEnding": "2020-09-30", "updatedFromDate": "2023-09-29"}, {"date": "2020-11-17", "symbol": "PHJMF", "eps": 17.05, "epsEstimated": 19.7, "time": "bmo", "revenue": null, "revenueEstimated": null, "fiscalDateEnding": "2020-09-30", "updatedFromDate": "2023-05-17"}, {"date": "2020-11-17", "symbol": "SNWV", "eps": -0.02, "epsEstimated": -0.01, "time": "bmo", "revenue": 1966896, "revenueEstimated": 2163585, "fiscalDateEnding": "2020-09-29", "updatedFromDate": "2023-09-29"}, {"date": "2020-11-17", "symbol": "9698.HK", "eps": -0.19517, "epsEstimated": null, "time": "amc", "revenue": 1631600000, "revenueEstimated": null, "fiscalDateEnding": "2020-08-17", "updatedFromDate": "2023-05-17"}, {"date": "2020-11-17", "symbol": "VREX", "eps": -0.04, "epsEstimated": -0.07, "time": "amc", "revenue": 170000000, "revenueEstimated": 244800000, "fiscalDateEnding": "2020-10-01", "updatedFromDate": "2023-09-29"}, {"date": "2020-11-17", "symbol": "NLH.V", "eps": 0.007, "epsEstimated": null, "time": "bmo", "revenue": 4231326, "revenueEstimated": null, "fiscalDateEnding": "2020-09-30", "updatedFromDate": "2023-08-16"}, {"date": "2020-11-17", "symbol": "GXU.V", "eps": -0.00261, "epsEstimated": null, "time": "bmo", "revenue": null, "revenueEstimated": null, "fiscalDateEnding": "2020-09-29", "updatedFromDate": "2023-05-17"}, {"date": "2020-11-17", "symbol": "SE", "eps": -0.69, "epsEstimated": -0.6, "time": "bmo", "revenue": 1212160000, "revenueEstimated": 846224905, "fiscalDateEnding": "2020-09-30", "updatedFromDate": "2023-09-29"}, {"date": "2020-11-17", "symbol": "HBIS", "eps": -0.01597, "epsEstimated": null, "time": "bmo", "revenue": 299178, "revenueEstimated": null, "fiscalDateEnding": "2020-09-29", "updatedFromDate": "2023-10-10"}, {"date": "2020-11-17", "symbol": "IVFZF", "eps": -0.01, "epsEstimated": null, "time": "bmo", "revenue": null, "revenueEstimated": null, "fiscalDateEnding": "2020-09-30", "updatedFromDate": "2023-09-29"}, {"date": "2020-11-17", "symbol": "138040.KS", "eps": 930, "epsEstimated": null, "time": "bmo", "revenue": 842147993870, "revenueEstimated": null, "fiscalDateEnding": "2020-09-30", "updatedFromDate": "2023-10-16"}, {"date": "2020-11-17", "symbol": "GEN.L", "eps": null, "epsEstimated": null, "time": "bmo", "revenue": null, "revenueEstimated": null, "fiscalDateEnding": "2020-09-30", "updatedFromDate": "2023-05-17"}, {"date": "2020-11-17", "symbol": "GSF.OL", "eps": -1.47, "epsEstimated": -1.22, "time": "bmo", "revenue": 1262769000, "revenueEstimated": null, "fiscalDateEnding": "2020-09-30", "updatedFromDate": "2023-05-17"}, {"date": "2020-11-17", "symbol": "TKIM.JK", "eps": 0.02527, "epsEstimated": null, "time": "bmo", "revenue": 200142000, "revenueEstimated": null, "fiscalDateEnding": "2020-09-29", "updatedFromDate": "2023-05-17"}, {"date": "2020-11-17", "symbol": "CBNT", "eps": 0.00238, "epsEstimated": 0.00119, "time": "bmo", "revenue": 252940, "revenueEstimated": 910584, "fiscalDateEnding": "2020-09-29", "updatedFromDate": "2023-09-29"}, {"date": "2020-11-17", "symbol": "BLBX", "eps": -0.03583, "epsEstimated": null, "time": "bmo", "revenue": 1100329, "revenueEstimated": null, "fiscalDateEnding": "2020-09-29", "updatedFromDate": "2023-09-29"}, {"date": "2020-11-17", "symbol": "DRKOF", "eps": -0.00354, "epsEstimated": null, "time": "bmo", "revenue": 4395098, "revenueEstimated": null, "fiscalDateEnding": "2020-09-30", "updatedFromDate": "2023-08-17"}, {"date": "2020-11-17", "symbol": "IRCP", "eps": 391.99, "epsEstimated": null, "time": "bmo", "revenue": 1301000000, "revenueEstimated": null, "fiscalDateEnding": "2020-09-29", "updatedFromDate": "2023-05-17"}, {"date": "2020-11-17", "symbol": "RF.PA", "eps": null, "epsEstimated": null, "time": "bmo", "revenue": null, "revenueEstimated": null, "fiscalDateEnding": "2020-08-17", "updatedFromDate": "2023-05-17"}, {"date": "2020-11-17", "symbol": "PDX.ST", "eps": 1.4, "epsEstimated": 0.89, "time": "bmo", "revenue": 494791000, "revenueEstimated": null, "fiscalDateEnding": "2020-09-29", "updatedFromDate": "2023-05-17"}, {"date": "2020-11-17", "symbol": "CYPXF", "eps": -0.01, "epsEstimated": -0.01, "time": "amc", "revenue": null, "revenueEstimated": null, "fiscalDateEnding": "2020-09-30", "updatedFromDate": "2023-08-16"}, {"date": "2020-11-17", "symbol": "TWEKA.AS", "eps": 0.2845, "epsEstimated": null, "time": "bmo", "revenue": 322342000, "revenueEstimated": null, "fiscalDateEnding": "2020-08-17", "updatedFromDate": "2023-10-16"}, {"date": "2020-11-17", "symbol": "2882.TW", "eps": 2.21, "epsEstimated": 1.5, "time": "amc", "revenue": 155324891000, "revenueEstimated": null, "fiscalDateEnding": "2020-08-17", "updatedFromDate": "2023-05-17"}, {"date": "2020-11-17", "symbol": "TRIB", "eps": 0.32, "epsEstimated": 0.1, "time": "bmo", "revenue": 32014000, "revenueEstimated": 38416799, "fiscalDateEnding": "2020-09-30", "updatedFromDate": "2023-09-29"}, {"date": "2020-11-17", "symbol": "PNVL3.SA", "eps": 0.11, "epsEstimated": null, "time": "bmo", "revenue": 699048000, "revenueEstimated": null, "fiscalDateEnding": "2020-09-29", "updatedFromDate": "2023-05-17"}, {"date": "2020-11-17", "symbol": "BGBIO.OL", "eps": 0.77, "epsEstimated": 0.7, "time": "bmo", "revenue": null, "revenueEstimated": null, "fiscalDateEnding": "2020-09-30", "updatedFromDate": "2023-08-25"}, {"date": "2020-11-17", "symbol": "ARLUF", "eps": null, "epsEstimated": null, "time": "bmo", "revenue": null, "revenueEstimated": null, "fiscalDateEnding": "2020-12-31", "updatedFromDate": "2023-05-17"}, {"date": "2020-11-17", "symbol": "IPH.PA", "eps": null, "epsEstimated": -0.08, "time": "bmo", "revenue": null, "revenueEstimated": null, "fiscalDateEnding": "2020-09-30", "updatedFromDate": "2023-05-17"}, {"date": "2020-11-17", "symbol": "MVP.TO", "eps": -0.04, "epsEstimated": -0.03, "time": "bmo", "revenue": null, "revenueEstimated": null, "fiscalDateEnding": "2020-09-30", "updatedFromDate": "2023-08-16"}, {"date": "2020-11-17", "symbol": "POS.VI", "eps": -0.36677, "epsEstimated": null, "time": "bmo", "revenue": 4651842000, "revenueEstimated": null, "fiscalDateEnding": "2020-08-17", "updatedFromDate": "2023-05-17"}, {"date": "2020-11-17", "symbol": "ROS.VI", "eps": 1.79, "epsEstimated": null, "time": "bmo", "revenue": 255926300, "revenueEstimated": null, "fiscalDateEnding": "2020-09-29", "updatedFromDate": "2023-08-16"}, {"date": "2020-11-17", "symbol": "5457.TWO", "eps": 1.09, "epsEstimated": 1.21, "time": "bmo", "revenue": 4056113000, "revenueEstimated": null, "fiscalDateEnding": "2020-09-29", "updatedFromDate": "2023-05-17"}, {"date": "2020-11-17", "symbol": "CADLF", "eps": null, "epsEstimated": null, "time": "bmo", "revenue": null, "revenueEstimated": null, "fiscalDateEnding": "2020-09-30", "updatedFromDate": "2023-08-16"}, {"date": "2020-11-18", "symbol": "ABSO.ST", "eps": -1.1, "epsEstimated": null, "time": "bmo", "revenue": 191098000, "revenueEstimated": null, "fiscalDateEnding": "2020-09-29", "updatedFromDate": "2023-08-16"}, {"date": "2020-11-18", "symbol": "GUARD.ST", "eps": -0.08, "epsEstimated": null, "time": "bmo", "revenue": null, "revenueEstimated": null, "fiscalDateEnding": "2020-09-30", "updatedFromDate": "2023-05-17"}, {"date": "2020-11-18", "symbol": "SPIFF.ST", "eps": -0.02042, "epsEstimated": null, "time": "bmo", "revenue": 2852000, "revenueEstimated": null, "fiscalDateEnding": "2020-09-30", "updatedFromDate": "2023-10-16"}, {"date": "2020-11-18", "symbol": "QIFTF", "eps": null, "epsEstimated": null, "time": "bmo", "revenue": null, "revenueEstimated": null, "fiscalDateEnding": "2020-09-30", "updatedFromDate": "2023-05-17"}, {"date": "2020-11-18", "symbol": "5243.TW", "eps": 0.9, "epsEstimated": null, "time": "bmo", "revenue": 2921523000, "revenueEstimated": null, "fiscalDateEnding": "2020-09-29", "updatedFromDate": "2023-08-16"}, {"date": "2020-11-18", "symbol": "SUPGF", "eps": -0.01, "epsEstimated": -0.00411, "time": "bmo", "revenue": null, "revenueEstimated": null, "fiscalDateEnding": "2020-09-30", "updatedFromDate": "2023-08-17"}, {"date": "2020-11-18", "symbol": "BRSYF", "eps": -0.04, "epsEstimated": -0.04, "time": "bmo", "revenue": null, "revenueEstimated": null, "fiscalDateEnding": "2020-09-30", "updatedFromDate": "2023-05-17"}, {"date": "2020-11-18", "symbol": "HCMC", "eps": null, "epsEstimated": null, "time": "amc", "revenue": null, "revenueEstimated": null, "fiscalDateEnding": "2020-09-29", "updatedFromDate": "2023-09-29"}, {"date": "2020-11-18", "symbol": "CD", "eps": -0.08, "epsEstimated": null, "time": "amc", "revenue": 467484000, "revenueEstimated": null, "fiscalDateEnding": "2020-09-30", "updatedFromDate": "2023-09-29"}, {"date": "2020-11-18", "symbol": "RVP", "eps": 0.33, "epsEstimated": null, "time": "bmo", "revenue": 27091064, "revenueEstimated": null, "fiscalDateEnding": "2020-09-29", "updatedFromDate": "2023-09-29"}, {"date": "2020-11-18", "symbol": "DILD.JK", "eps": -5.67, "epsEstimated": null, "time": "bmo", "revenue": 554192281256, "revenueEstimated": null, "fiscalDateEnding": "2020-09-29", "updatedFromDate": "2023-05-17"}, {"date": "2020-11-18", "symbol": "BWAY", "eps": -0.04, "epsEstimated": -0.06, "time": "bmo", "revenue": 6014000, "revenueEstimated": null, "fiscalDateEnding": "2020-09-30", "updatedFromDate": "2023-09-29"}, {"date": "2020-11-18", "symbol": "NILE", "eps": -1.69394, "epsEstimated": null, "time": "bmo", "revenue": 5675564, "revenueEstimated": null, "fiscalDateEnding": "2020-09-29", "updatedFromDate": "2023-08-16"}, {"date": "2020-11-18", "symbol": "VJBA.CO", "eps": 0.1, "epsEstimated": 0.08, "time": "bmo", "revenue": 228469000, "revenueEstimated": null, "fiscalDateEnding": "2020-09-30", "updatedFromDate": "2023-08-16"}, {"date": "2020-11-18", "symbol": "NVDA", "eps": 0.73, "epsEstimated": 0.64, "time": "amc", "revenue": 4726000000, "revenueEstimated": 4100770428, "fiscalDateEnding": "2020-10-24", "updatedFromDate": "2023-09-29"}, {"date": "2020-11-18", "symbol": "TFCCF", "eps": 0.2018, "epsEstimated": null, "time": "bmo", "revenue": 2308945, "revenueEstimated": null, "fiscalDateEnding": "2020-09-30", "updatedFromDate": "2023-08-17"}, {"date": "2020-11-18", "symbol": "CANB", "eps": -5.47815, "epsEstimated": null, "time": "bmo", "revenue": 459496, "revenueEstimated": null, "fiscalDateEnding": "2020-09-29", "updatedFromDate": "2023-09-29"}, {"date": "2020-11-18", "symbol": "NTQ.L", "eps": null, "epsEstimated": null, "time": "bmo", "revenue": null, "revenueEstimated": null, "fiscalDateEnding": "2020-08-18", "updatedFromDate": "2023-10-17"}, {"date": "2020-11-18", "symbol": "ALQ.AX", "eps": null, "epsEstimated": null, "time": "bmo", "revenue": 457975000, "revenueEstimated": null, "fiscalDateEnding": "2020-08-18", "updatedFromDate": "2023-10-17"}, {"date": "2020-11-18", "symbol": "BLND.L", "eps": -0.29113, "epsEstimated": null, "time": "bmo", "revenue": 117000000, "revenueEstimated": null, "fiscalDateEnding": "2020-08-18", "updatedFromDate": "2023-10-17"}, {"date": "2020-11-18", "symbol": "PFLT", "eps": 0.27, "epsEstimated": 0.26, "time": "amc", "revenue": 18052130, "revenueEstimated": 17357817, "fiscalDateEnding": "2020-09-29", "updatedFromDate": "2023-09-29"}, {"date": "2020-11-18", "symbol": "SBET", "eps": null, "epsEstimated": null, "time": "bmo", "revenue": null, "revenueEstimated": null, "fiscalDateEnding": "2020-09-29", "updatedFromDate": "2023-09-29"}, {"date": "2020-11-18", "symbol": "KGH.WA", "eps": 2.36, "epsEstimated": 2.88, "time": "bmo", "revenue": 7052000000, "revenueEstimated": null, "fiscalDateEnding": "2020-08-18", "updatedFromDate": "2023-05-17"}, {"date": "2020-11-18", "symbol": "PLAT.AT", "eps": 0.3418, "epsEstimated": null, "time": "bmo", "revenue": 98353000, "revenueEstimated": null, "fiscalDateEnding": "2020-09-29", "updatedFromDate": "2023-05-17"}, {"date": "2020-11-18", "symbol": "ARH.WA", "eps": 1.58, "epsEstimated": null, "time": "bmo", "revenue": 273280000, "revenueEstimated": null, "fiscalDateEnding": "2020-08-18", "updatedFromDate": "2023-05-17"}, {"date": "2020-11-18", "symbol": "TURN", "eps": null, "epsEstimated": null, "time": "bmo", "revenue": null, "revenueEstimated": null, "fiscalDateEnding": "2020-08-18", "updatedFromDate": "2023-05-17"}, {"date": "2020-11-18", "symbol": "UTI", "eps": 0.09, "epsEstimated": 0.09, "time": "amc", "revenue": 76327000, "revenueEstimated": 76327000, "fiscalDateEnding": "2020-09-29", "updatedFromDate": "2023-09-29"}, {"date": "2020-11-18", "symbol": "SHIP", "eps": 0.4, "epsEstimated": 1, "time": "bmo", "revenue": 19651000, "revenueEstimated": 29476500, "fiscalDateEnding": "2020-09-30", "updatedFromDate": "2023-09-29"}, {"date": "2020-11-18", "symbol": "STG", "eps": -1.63, "epsEstimated": null, "time": "bmo", "revenue": 541631000, "revenueEstimated": null, "fiscalDateEnding": "2020-09-30", "updatedFromDate": "2023-09-29"}, {"date": "2020-11-18", "symbol": "AYRWF", "eps": 0.96, "epsEstimated": 0.13, "time": "bmo", "revenue": 45486365, "revenueEstimated": null, "fiscalDateEnding": "2020-09-30", "updatedFromDate": "2023-09-29"}, {"date": "2020-11-18", "symbol": "CAAP", "eps": -0.61, "epsEstimated": -0.57, "time": "amc", "revenue": 97572000, "revenueEstimated": 70680201.75, "fiscalDateEnding": "2020-09-30", "updatedFromDate": "2023-09-29"}, {"date": "2020-11-18", "symbol": "PWZYF", "eps": 1.03, "epsEstimated": 0.94, "time": "bmo", "revenue": null, "revenueEstimated": null, "fiscalDateEnding": "2020-09-30", "updatedFromDate": "2023-05-17"}, {"date": "2020-11-18", "symbol": "LOW", "eps": 1.98, "epsEstimated": 1.97, "time": "bmo", "revenue": 27570000000, "revenueEstimated": 22421105527, "fiscalDateEnding": "2020-08-18", "updatedFromDate": "2023-10-10"}, {"date": "2020-11-18", "symbol": "GARO.ST", "eps": 0.57, "epsEstimated": 0.43, "time": "bmo", "revenue": 247000000, "revenueEstimated": null, "fiscalDateEnding": "2020-09-29", "updatedFromDate": "2023-05-17"}, {"date": "2020-11-18", "symbol": "BKHPF", "eps": 0.61, "epsEstimated": 0.3, "time": "bmo", "revenue": null, "revenueEstimated": null, "fiscalDateEnding": "2020-09-30", "updatedFromDate": "2023-05-17"}, {"date": "2020-11-18", "symbol": "NUAN", "eps": 0.18, "epsEstimated": 0.16, "time": "amc", "revenue": 352931000, "revenueEstimated": 1042249359.375, "fiscalDateEnding": "2020-09-29", "updatedFromDate": "2023-08-16"}, {"date": "2020-11-18", "symbol": "SGI.V", "eps": -0.01, "epsEstimated": -0.00412, "time": "bmo", "revenue": null, "revenueEstimated": null, "fiscalDateEnding": "2020-09-30", "updatedFromDate": "2023-08-16"}, {"date": "2020-11-18", "symbol": "STRS.TA", "eps": 1.37, "epsEstimated": 1.24, "time": "bmo", "revenue": 5873000000, "revenueEstimated": null, "fiscalDateEnding": "2020-08-18", "updatedFromDate": "2023-05-17"}, {"date": "2020-11-18", "symbol": "IRS", "eps": 2.76, "epsEstimated": null, "time": "bmo", "revenue": 1609000000, "revenueEstimated": null, "fiscalDateEnding": "2020-09-30", "updatedFromDate": "2023-09-29"}, {"date": "2020-11-18", "symbol": "ECRFF", "eps": null, "epsEstimated": null, "time": "bmo", "revenue": null, "revenueEstimated": null, "fiscalDateEnding": "2020-09-30", "updatedFromDate": "2023-05-17"}, {"date": "2020-11-18", "symbol": "EQS.PA", "eps": null, "epsEstimated": null, "time": "bmo", "revenue": null, "revenueEstimated": null, "fiscalDateEnding": "2020-09-30", "updatedFromDate": "2023-05-17"}, {"date": "2020-11-18", "symbol": "ALE.WA", "eps": -0.12766, "epsEstimated": null, "time": "bmo", "revenue": 928695000, "revenueEstimated": null, "fiscalDateEnding": "2020-09-29", "updatedFromDate": "2023-05-17"}, {"date": "2020-11-18", "symbol": "POET", "eps": 0.1, "epsEstimated": 0.1, "time": "bmo", "revenue": null, "revenueEstimated": null, "fiscalDateEnding": "2020-09-30", "updatedFromDate": "2023-09-29"}, {"date": "2020-11-18", "symbol": "BIOPOR.CO", "eps": 0.09, "epsEstimated": 0.05, "time": "bmo", "revenue": 4742000, "revenueEstimated": null, "fiscalDateEnding": "2020-09-30", "updatedFromDate": "2023-08-25"}, {"date": "2020-11-18", "symbol": "KNBHF", "eps": 0.82, "epsEstimated": 0.68, "time": "bmo", "revenue": null, "revenueEstimated": null, "fiscalDateEnding": "2020-09-30", "updatedFromDate": "2023-05-17"}, {"date": "2020-11-18", "symbol": "EMM.V", "eps": -0.00674, "epsEstimated": null, "time": "bmo", "revenue": null, "revenueEstimated": null, "fiscalDateEnding": "2020-09-30", "updatedFromDate": "2023-08-25"}, {"date": "2020-11-18", "symbol": "EVGN.TA", "eps": -0.2381, "epsEstimated": null, "time": "bmo", "revenue": 351000, "revenueEstimated": null, "fiscalDateEnding": "2020-08-18", "updatedFromDate": "2023-05-17"}, {"date": "2020-11-18", "symbol": "WLF.V", "eps": -0.01, "epsEstimated": -0.01, "time": "bmo", "revenue": null, "revenueEstimated": null, "fiscalDateEnding": "2020-09-30", "updatedFromDate": "2023-05-17"}, {"date": "2020-11-18", "symbol": "CATPF", "eps": null, "epsEstimated": null, "time": "bmo", "revenue": null, "revenueEstimated": null, "fiscalDateEnding": "2020-09-30", "updatedFromDate": "2023-08-16"}, {"date": "2020-11-18", "symbol": "DSY.V", "eps": null, "epsEstimated": null, "time": "bmo", "revenue": null, "revenueEstimated": null, "fiscalDateEnding": "2020-12-31", "updatedFromDate": "2023-05-17"}, {"date": "2020-11-18", "symbol": "ELTK", "eps": 0.14, "epsEstimated": null, "time": "bmo", "revenue": 9256000, "revenueEstimated": null, "fiscalDateEnding": "2020-09-30", "updatedFromDate": "2023-09-29"}, {"date": "2020-11-18", "symbol": "EMBRAC-B.ST", "eps": 0.3, "epsEstimated": 0.02143, "time": "bmo", "revenue": 3426600000, "revenueEstimated": null, "fiscalDateEnding": "2020-08-18", "updatedFromDate": "2023-10-16"}, {"date": "2020-11-18", "symbol": "TAM.L", "eps": null, "epsEstimated": null, "time": "bmo", "revenue": null, "revenueEstimated": null, "fiscalDateEnding": "2020-08-18", "updatedFromDate": "2023-10-17"}, {"date": "2020-11-18", "symbol": "AYRSF", "eps": -0.96, "epsEstimated": -0.13, "time": "bmo", "revenue": null, "revenueEstimated": null, "fiscalDateEnding": "2020-09-30", "updatedFromDate": "2023-05-17"}, {"date": "2020-11-18", "symbol": "NIBE-B.ST", "eps": 0.37, "epsEstimated": 0.34, "time": "bmo", "revenue": 27146000000, "revenueEstimated": null, "fiscalDateEnding": "2020-08-18", "updatedFromDate": "2023-05-17"}, {"date": "2020-11-18", "symbol": "DVRNF", "eps": null, "epsEstimated": null, "time": "bmo", "revenue": null, "revenueEstimated": null, "fiscalDateEnding": "2020-09-30", "updatedFromDate": "2023-08-16"}, {"date": "2020-11-18", "symbol": "CHEK", "eps": -1.8, "epsEstimated": -1.6, "time": "bmo", "revenue": null, "revenueEstimated": null, "fiscalDateEnding": "2020-09-30", "updatedFromDate": "2023-09-29"}, {"date": "2020-11-18", "symbol": "ENPL.L", "eps": 0.1226, "epsEstimated": null, "time": "bmo", "revenue": 10356000000, "revenueEstimated": null, "fiscalDateEnding": "2020-08-18", "updatedFromDate": "2023-05-17"}, {"date": "2020-11-18", "symbol": "CEVMF", "eps": -0.22, "epsEstimated": null, "time": "bmo", "revenue": null, "revenueEstimated": null, "fiscalDateEnding": "2020-09-30", "updatedFromDate": "2023-08-16"}, {"date": "2020-11-18", "symbol": "AMRQ.V", "eps": -0.03151, "epsEstimated": null, "time": "bmo", "revenue": null, "revenueEstimated": null, "fiscalDateEnding": "2020-09-29", "updatedFromDate": "2023-08-16"}, {"date": "2020-11-18", "symbol": "PFLT.TA", "eps": 0.27, "epsEstimated": 0.26, "time": "bmo", "revenue": 18052130, "revenueEstimated": null, "fiscalDateEnding": "2020-09-30", "updatedFromDate": "2023-08-16"}, {"date": "2020-11-18", "symbol": "BV", "eps": 0.37, "epsEstimated": 0.38, "time": "bmo", "revenue": 608100000, "revenueEstimated": 608100000, "fiscalDateEnding": "2020-09-29", "updatedFromDate": "2023-09-29"}, {"date": "2020-11-18", "symbol": "RAY-B.ST", "eps": -0.76, "epsEstimated": -0.13, "time": "bmo", "revenue": 159835000, "revenueEstimated": null, "fiscalDateEnding": "2020-08-18", "updatedFromDate": "2023-05-17"}, {"date": "2020-11-18", "symbol": "MAERSK-B.CO", "eps": 48, "epsEstimated": 47.87, "time": "bmo", "revenue": 9917000000, "revenueEstimated": null, "fiscalDateEnding": "2020-09-29", "updatedFromDate": "2023-07-24"}, {"date": "2020-11-18", "symbol": "AMKBY", "eps": 0.27, "epsEstimated": null, "time": "bmo", "revenue": 9917000000, "revenueEstimated": null, "fiscalDateEnding": "2020-09-30", "updatedFromDate": "2023-09-29"}, {"date": "2020-11-18", "symbol": "KEYS", "eps": 1.62, "epsEstimated": 1.46, "time": "amc", "revenue": 1220000000, "revenueEstimated": 1086301369, "fiscalDateEnding": "2020-10-30", "updatedFromDate": "2023-09-29"}, {"date": "2020-11-18", "symbol": "DPW", "eps": -1.69394, "epsEstimated": null, "time": "bmo", "revenue": 5675564, "revenueEstimated": null, "fiscalDateEnding": "2020-09-29", "updatedFromDate": "2023-05-17"}, {"date": "2020-11-18", "symbol": "ONPPF", "eps": -5.71, "epsEstimated": -6.06, "time": "bmo", "revenue": null, "revenueEstimated": null, "fiscalDateEnding": "2020-09-30", "updatedFromDate": "2023-08-16"}, {"date": "2020-11-18", "symbol": "MICT", "eps": -0.07, "epsEstimated": -0.1, "time": "bmo", "revenue": 349000, "revenueEstimated": null, "fiscalDateEnding": "2020-09-29", "updatedFromDate": "2023-08-16"}, {"date": "2020-11-18", "symbol": "PNAGF", "eps": null, "epsEstimated": null, "time": "bmo", "revenue": null, "revenueEstimated": null, "fiscalDateEnding": "2020-09-30", "updatedFromDate": "2023-05-17"}, {"date": "2020-11-18", "symbol": "SKO.NZ", "eps": null, "epsEstimated": null, "time": "bmo", "revenue": null, "revenueEstimated": null, "fiscalDateEnding": "2020-09-30", "updatedFromDate": "2023-05-31"}, {"date": "2020-11-18", "symbol": "SPP.JO", "eps": null, "epsEstimated": null, "time": "bmo", "revenue": null, "revenueEstimated": null, "fiscalDateEnding": "2020-12-31", "updatedFromDate": "2023-05-17"}, {"date": "2020-11-18", "symbol": "SCVL", "eps": 0.52, "epsEstimated": 0.32, "time": "amc", "revenue": 332230000, "revenueEstimated": 239472112.5, "fiscalDateEnding": "2020-08-18", "updatedFromDate": "2023-10-10"}, {"date": "2020-11-18", "symbol": "IDGXF", "eps": null, "epsEstimated": null, "time": "bmo", "revenue": null, "revenueEstimated": null, "fiscalDateEnding": "2020-09-30", "updatedFromDate": "2023-05-17"}, {"date": "2020-11-18", "symbol": "BOS.WA", "eps": 0.1167, "epsEstimated": null, "time": "bmo", "revenue": 143646000, "revenueEstimated": null, "fiscalDateEnding": "2020-09-29", "updatedFromDate": "2023-05-17"}, {"date": "2020-11-18", "symbol": "JCQ.PA", "eps": -0.16, "epsEstimated": null, "time": "bmo", "revenue": 312436000, "revenueEstimated": null, "fiscalDateEnding": "2020-09-29", "updatedFromDate": "2023-05-17"}, {"date": "2020-11-18", "symbol": "TLLTF", "eps": -0.01, "epsEstimated": -0.01, "time": "bmo", "revenue": 40439000, "revenueEstimated": null, "fiscalDateEnding": "2020-09-30", "updatedFromDate": "2023-08-16"}, {"date": "2020-11-18", "symbol": "DSNY", "eps": 0.01, "epsEstimated": null, "time": "bmo", "revenue": 1032107, "revenueEstimated": null, "fiscalDateEnding": "2020-08-30", "updatedFromDate": "2023-09-29"}, {"date": "2020-11-18", "symbol": "ORC-B.V", "eps": null, "epsEstimated": null, "time": "bmo", "revenue": null, "revenueEstimated": null, "fiscalDateEnding": "2020-09-30", "updatedFromDate": "2023-05-17"}, {"date": "2020-11-18", "symbol": "HMSP.JK", "eps": 17.05, "epsEstimated": 19.7, "time": "bmo", "revenue": 23045652000000, "revenueEstimated": null, "fiscalDateEnding": "2020-09-29", "updatedFromDate": "2023-08-16"}, {"date": "2020-11-18", "symbol": "VLOUF", "eps": -2.07, "epsEstimated": -1.8, "time": "bmo", "revenue": null, "revenueEstimated": null, "fiscalDateEnding": "2020-09-30", "updatedFromDate": "2023-08-16"}, {"date": "2020-11-18", "symbol": "MSADF", "eps": -0.12, "epsEstimated": 37.69, "time": "bmo", "revenue": null, "revenueEstimated": null, "fiscalDateEnding": "2021-03-31", "updatedFromDate": "2023-08-16"}, {"date": "2020-11-18", "symbol": "NHOLF", "eps": -20.6, "epsEstimated": 107.65, "time": "bmo", "revenue": null, "revenueEstimated": null, "fiscalDateEnding": "2020-09-30", "updatedFromDate": "2023-08-16"}, {"date": "2020-11-18", "symbol": "FACC.VI", "eps": -0.48111, "epsEstimated": null, "time": "bmo", "revenue": 100701000, "revenueEstimated": null, "fiscalDateEnding": "2020-09-30", "updatedFromDate": "2023-10-16"}, {"date": "2020-11-18", "symbol": "ORXGF", "eps": null, "epsEstimated": null, "time": "bmo", "revenue": null, "revenueEstimated": null, "fiscalDateEnding": "2020-09-30", "updatedFromDate": "2023-05-17"}, {"date": "2020-11-18", "symbol": "ALEGF", "eps": null, "epsEstimated": null, "time": "bmo", "revenue": null, "revenueEstimated": null, "fiscalDateEnding": "2020-09-30", "updatedFromDate": "2023-05-17"}, {"date": "2020-11-18", "symbol": "AULT", "eps": -508.19509, "epsEstimated": null, "time": "bmo", "revenue": 5675564, "revenueEstimated": null, "fiscalDateEnding": "2020-09-30", "updatedFromDate": "2023-09-29"}, {"date": "2020-11-18", "symbol": "BBWI", "eps": 1.13, "epsEstimated": 0.09, "time": "amc", "revenue": 3317573000, "revenueEstimated": 29022499999, "fiscalDateEnding": "2020-08-18", "updatedFromDate": "2023-10-10"}, {"date": "2020-11-18", "symbol": "KNOP", "eps": 0.77, "epsEstimated": 0.66, "time": "bmo", "revenue": 71280000, "revenueEstimated": 59400000, "fiscalDateEnding": "2020-09-30", "updatedFromDate": "2023-09-29"}, {"date": "2020-11-18", "symbol": "SPRB", "eps": -12.35, "epsEstimated": -0.51, "time": "bmo", "revenue": null, "revenueEstimated": null, "fiscalDateEnding": "2020-09-29", "updatedFromDate": "2023-09-29"}, {"date": "2020-11-18", "symbol": "POETF", "eps": -0.1, "epsEstimated": -0.1, "time": "bmo", "revenue": null, "revenueEstimated": null, "fiscalDateEnding": "2020-09-29", "updatedFromDate": "2023-08-16"}, {"date": "2020-11-18", "symbol": "TPE.WA", "eps": 0.2149, "epsEstimated": null, "time": "bmo", "revenue": 5055259000, "revenueEstimated": null, "fiscalDateEnding": "2020-09-29", "updatedFromDate": "2023-05-17"}, {"date": "2020-11-18", "symbol": "EFGZF", "eps": null, "epsEstimated": null, "time": "bmo", "revenue": null, "revenueEstimated": null, "fiscalDateEnding": "2020-09-30", "updatedFromDate": "2023-05-17"}, {"date": "2020-11-18", "symbol": "BTTR", "eps": -0.20747, "epsEstimated": null, "time": "bmo", "revenue": 11135000, "revenueEstimated": null, "fiscalDateEnding": "2020-09-29", "updatedFromDate": "2023-09-29"}, {"date": "2020-11-18", "symbol": "MRU.TO", "eps": 0.77, "epsEstimated": 0.79, "time": "bmo", "revenue": 4143600000, "revenueEstimated": null, "fiscalDateEnding": "2020-09-29", "updatedFromDate": "2023-05-17"}, {"date": "2020-11-18", "symbol": "ADVBOX.ST", "eps": -0.32682, "epsEstimated": null, "time": "bmo", "revenue": 86000, "revenueEstimated": null, "fiscalDateEnding": "2020-09-30", "updatedFromDate": "2023-10-16"}, {"date": "2020-11-18", "symbol": "SONO", "eps": 0.15, "epsEstimated": 0.00333, "time": "amc", "revenue": 339837000, "revenueEstimated": null, "fiscalDateEnding": "2020-10-02", "updatedFromDate": "2023-09-29"}, {"date": "2020-11-18", "symbol": "MAERSK-A.CO", "eps": 48, "epsEstimated": null, "time": "bmo", "revenue": 9917000000, "revenueEstimated": null, "fiscalDateEnding": "2020-09-29", "updatedFromDate": "2023-07-24"}, {"date": "2020-11-18", "symbol": "JACK", "eps": 1.61, "epsEstimated": 1.14, "time": "amc", "revenue": 255401000, "revenueEstimated": 247671759, "fiscalDateEnding": "2020-09-26", "updatedFromDate": "2023-09-29"}, {"date": "2020-11-18", "symbol": "AYR-A.CN", "eps": -0.96, "epsEstimated": 0.2, "time": "bmo", "revenue": 45486365, "revenueEstimated": null, "fiscalDateEnding": "2020-09-30", "updatedFromDate": "2023-10-16"}, {"date": "2020-11-18", "symbol": "SNDD", "eps": -0.00057, "epsEstimated": null, "time": "bmo", "revenue": 447339, "revenueEstimated": null, "fiscalDateEnding": "2020-09-29", "updatedFromDate": "2023-10-16"}, {"date": "2020-11-18", "symbol": "WLFFF", "eps": -0.01, "epsEstimated": -0.01, "time": "bmo", "revenue": null, "revenueEstimated": null, "fiscalDateEnding": "2020-09-30", "updatedFromDate": "2023-05-17"}, {"date": "2020-11-18", "symbol": "ISRMF", "eps": null, "epsEstimated": null, "time": "bmo", "revenue": null, "revenueEstimated": null, "fiscalDateEnding": "2020-09-30", "updatedFromDate": "2023-05-17"}, {"date": "2020-11-18", "symbol": "EDDRF", "eps": null, "epsEstimated": null, "time": "bmo", "revenue": null, "revenueEstimated": null, "fiscalDateEnding": "2021-03-31", "updatedFromDate": "2023-08-16"}, {"date": "2020-11-18", "symbol": "FORTY", "eps": 0.82, "epsEstimated": null, "time": "bmo", "revenue": 487344000, "revenueEstimated": null, "fiscalDateEnding": "2020-09-30", "updatedFromDate": "2023-09-29"}, {"date": "2020-11-18", "symbol": "LB", "eps": 1.13, "epsEstimated": 0.09, "time": "amc", "revenue": null, "revenueEstimated": null, "fiscalDateEnding": "2020-10-30", "updatedFromDate": "2023-05-17"}, {"date": "2020-11-18", "symbol": "VLOWY", "eps": -1.4, "epsEstimated": null, "time": "bmo", "revenue": 716000000, "revenueEstimated": null, "fiscalDateEnding": "2020-09-30", "updatedFromDate": "2023-09-29"}, {"date": "2020-11-18", "symbol": "MTRAF", "eps": 0.77, "epsEstimated": 0.79, "time": "bmo", "revenue": null, "revenueEstimated": null, "fiscalDateEnding": "2020-12-31", "updatedFromDate": "2023-05-17"}, {"date": "2020-11-18", "symbol": "POETD", "eps": -0.1, "epsEstimated": -0.1, "time": "bmo", "revenue": null, "revenueEstimated": null, "fiscalDateEnding": "2020-09-30", "updatedFromDate": "2023-05-17"}, {"date": "2020-11-18", "symbol": "UGI", "eps": -0.14, "epsEstimated": -0.33, "time": "amc", "revenue": 1124000000, "revenueEstimated": 5235961496.625, "fiscalDateEnding": "2020-09-29", "updatedFromDate": "2023-09-29"}, {"date": "2020-11-18", "symbol": "FWZ.V", "eps": -0.01106, "epsEstimated": null, "time": "bmo", "revenue": null, "revenueEstimated": null, "fiscalDateEnding": "2020-09-29", "updatedFromDate": "2023-05-17"}, {"date": "2020-11-18", "symbol": "BWE.OL", "eps": null, "epsEstimated": null, "time": "bmo", "revenue": null, "revenueEstimated": null, "fiscalDateEnding": "2020-08-18", "updatedFromDate": "2023-08-25"}, {"date": "2020-11-18", "symbol": "THQQF", "eps": 0.3, "epsEstimated": 0.02143, "time": "bmo", "revenue": null, "revenueEstimated": null, "fiscalDateEnding": "2021-03-31", "updatedFromDate": "2023-05-17"}, {"date": "2020-11-18", "symbol": "PHN.WA", "eps": 1.17, "epsEstimated": null, "time": "bmo", "revenue": 352100000, "revenueEstimated": null, "fiscalDateEnding": "2020-08-18", "updatedFromDate": "2023-05-17"}, {"date": "2020-11-18", "symbol": "TGT", "eps": 2.79, "epsEstimated": 1.6, "time": "bmo", "revenue": 25160000000, "revenueEstimated": 21530458125, "fiscalDateEnding": "2020-08-18", "updatedFromDate": "2023-10-10"}, {"date": "2020-11-18", "symbol": "BWAY.TA", "eps": -0.04, "epsEstimated": -0.04, "time": "bmo", "revenue": 6014000, "revenueEstimated": null, "fiscalDateEnding": "2020-09-29", "updatedFromDate": "2023-05-17"}, {"date": "2020-11-18", "symbol": "FWEDF", "eps": null, "epsEstimated": null, "time": "bmo", "revenue": null, "revenueEstimated": null, "fiscalDateEnding": "2020-09-30", "updatedFromDate": "2023-05-17"}, {"date": "2020-11-18", "symbol": "KTCG.VI", "eps": null, "epsEstimated": null, "time": "bmo", "revenue": null, "revenueEstimated": null, "fiscalDateEnding": "2020-08-18", "updatedFromDate": "2023-10-17"}, {"date": "2020-11-18", "symbol": "HBORF", "eps": null, "epsEstimated": null, "time": "bmo", "revenue": null, "revenueEstimated": null, "fiscalDateEnding": "2020-09-30", "updatedFromDate": "2023-08-16"}, {"date": "2020-11-18", "symbol": "TJX", "eps": 0.71, "epsEstimated": 0.4, "time": "bmo", "revenue": 10117289000, "revenueEstimated": 8451097966.125, "fiscalDateEnding": "2020-10-30", "updatedFromDate": "2023-09-29"}, {"date": "2020-11-18", "symbol": "CPA", "eps": -2.86, "epsEstimated": -2.79, "time": "amc", "revenue": 32382000, "revenueEstimated": 30963810, "fiscalDateEnding": "2020-09-30", "updatedFromDate": "2023-09-29"}, {"date": "2020-11-18", "symbol": "ARCVF", "eps": null, "epsEstimated": 0.5, "time": "bmo", "revenue": null, "revenueEstimated": null, "fiscalDateEnding": "2020-08-18", "updatedFromDate": "2023-08-16"}, {"date": "2020-11-18", "symbol": "KC", "eps": -0.11, "epsEstimated": -0.16, "time": "bmo", "revenue": 1728843000, "revenueEstimated": null, "fiscalDateEnding": "2020-09-30", "updatedFromDate": "2023-09-29"}, {"date": "2020-11-18", "symbol": "ZTO", "eps": 0.23, "epsEstimated": 0.22, "time": "amc", "revenue": 6638836000, "revenueEstimated": null, "fiscalDateEnding": "2020-09-30", "updatedFromDate": "2023-09-29"}, {"date": "2020-11-18", "symbol": "CIE.WA", "eps": 0.989, "epsEstimated": null, "time": "bmo", "revenue": 807287000, "revenueEstimated": null, "fiscalDateEnding": "2020-08-18", "updatedFromDate": "2023-05-17"}, {"date": "2020-11-18", "symbol": "CTTMF", "eps": 0.03, "epsEstimated": null, "time": "bmo", "revenue": null, "revenueEstimated": null, "fiscalDateEnding": "2020-09-30", "updatedFromDate": "2023-05-17"}, {"date": "2020-11-18", "symbol": "DIZTF", "eps": null, "epsEstimated": null, "time": "bmo", "revenue": null, "revenueEstimated": null, "fiscalDateEnding": "2020-09-30", "updatedFromDate": "2023-05-17"}, {"date": "2020-11-18", "symbol": "ATRX", "eps": -1.8, "epsEstimated": null, "time": "bmo", "revenue": null, "revenueEstimated": null, "fiscalDateEnding": "2020-09-29", "updatedFromDate": "2023-09-29"}, {"date": "2020-11-18", "symbol": "PTK.V", "eps": -0.1, "epsEstimated": -0.1, "time": "bmo", "revenue": null, "revenueEstimated": null, "fiscalDateEnding": "2020-09-29", "updatedFromDate": "2023-08-16"}, {"date": "2020-11-18", "symbol": "SUIC", "eps": 0.00099, "epsEstimated": null, "time": "bmo", "revenue": 30000, "revenueEstimated": null, "fiscalDateEnding": "2020-09-29", "updatedFromDate": "2023-09-29"}, {"date": "2020-11-18", "symbol": "SR", "eps": -0.37, "epsEstimated": -0.41, "time": "bmo", "revenue": 251900000, "revenueEstimated": 276475609, "fiscalDateEnding": "2020-09-29", "updatedFromDate": "2023-09-29"}, {"date": "2020-11-18", "symbol": "QIS.V", "eps": -0.00657, "epsEstimated": null, "time": "bmo", "revenue": 8316891, "revenueEstimated": null, "fiscalDateEnding": "2020-08-18", "updatedFromDate": "2023-05-17"}, {"date": "2020-11-18", "symbol": "PAGS", "eps": 0.19, "epsEstimated": 0.18, "time": "amc", "revenue": 1211971000, "revenueEstimated": 1856163320, "fiscalDateEnding": "2020-09-30", "updatedFromDate": "2023-09-29"}, {"date": "2020-11-18", "symbol": "TIO", "eps": 0.07, "epsEstimated": 0.1, "time": "bmo", "revenue": 349000, "revenueEstimated": null, "fiscalDateEnding": "2020-09-30", "updatedFromDate": "2023-09-29"}, {"date": "2020-11-18", "symbol": "TBCG.L", "eps": 2.76, "epsEstimated": 2.3, "time": "bmo", "revenue": 294452000, "revenueEstimated": null, "fiscalDateEnding": "2020-09-29", "updatedFromDate": "2023-08-16"}, {"date": "2020-11-18", "symbol": "PECGF", "eps": 0.06, "epsEstimated": 0.05, "time": "bmo", "revenue": null, "revenueEstimated": null, "fiscalDateEnding": "2020-09-30", "updatedFromDate": "2023-05-17"}, {"date": "2020-11-18", "symbol": "ISCD.TA", "eps": null, "epsEstimated": null, "time": "bmo", "revenue": null, "revenueEstimated": null, "fiscalDateEnding": "2020-09-30", "updatedFromDate": "2023-05-17"}, {"date": "2020-11-18", "symbol": "ITRN", "eps": 0.45, "epsEstimated": 0.32, "time": "bmo", "revenue": 60329000, "revenueEstimated": 59103567, "fiscalDateEnding": "2020-09-30", "updatedFromDate": "2023-09-29"}, {"date": "2020-11-18", "symbol": "KCC.OL", "eps": null, "epsEstimated": null, "time": "bmo", "revenue": null, "revenueEstimated": null, "fiscalDateEnding": "2020-09-30", "updatedFromDate": "2023-08-28"}, {"date": "2020-11-18", "symbol": "SQM", "eps": 0.28, "epsEstimated": 0.24, "time": "amc", "revenue": 452874000, "revenueEstimated": 796646536, "fiscalDateEnding": "2020-09-30", "updatedFromDate": "2023-09-29"}, {"date": "2020-11-18", "symbol": "AVYA", "eps": 1.29, "epsEstimated": 1.2, "time": "bmo", "revenue": 755000000, "revenueEstimated": 698375000, "fiscalDateEnding": "2020-09-29", "updatedFromDate": "2023-05-17"}, {"date": "2020-11-18", "symbol": "MP", "eps": 0.2033, "epsEstimated": null, "time": "amc", "revenue": 41022000, "revenueEstimated": null, "fiscalDateEnding": "2020-09-29", "updatedFromDate": "2023-09-29"}, {"date": "2020-11-18", "symbol": "EFGD.IL", "eps": 0.915, "epsEstimated": null, "time": "bmo", "revenue": 1779230584, "revenueEstimated": null, "fiscalDateEnding": "2020-09-29", "updatedFromDate": "2023-05-17"}, {"date": "2020-11-18", "symbol": "AVYAQ", "eps": 1.29, "epsEstimated": 1.2, "time": "bmo", "revenue": null, "revenueEstimated": null, "fiscalDateEnding": "2020-09-30", "updatedFromDate": "2023-08-25"}, {"date": "2020-11-18", "symbol": "226950.KQ", "eps": -319.5, "epsEstimated": null, "time": "bmo", "revenue": null, "revenueEstimated": null, "fiscalDateEnding": "2020-09-30", "updatedFromDate": "2023-05-17"}, {"date": "2020-11-18", "symbol": "SDXEF", "eps": null, "epsEstimated": null, "time": "bmo", "revenue": null, "revenueEstimated": null, "fiscalDateEnding": "2020-09-30", "updatedFromDate": "2023-05-17"}, {"date": "2020-11-18", "symbol": "ZIM", "eps": 1.42, "epsEstimated": null, "time": "bmo", "revenue": 1012505000, "revenueEstimated": null, "fiscalDateEnding": "2020-09-30", "updatedFromDate": "2023-09-29"}, {"date": "2020-11-18", "symbol": "SLSDF", "eps": -0.01, "epsEstimated": null, "time": "amc", "revenue": 2942727, "revenueEstimated": null, "fiscalDateEnding": "2020-09-30", "updatedFromDate": "2023-09-29"}, {"date": "2020-11-18", "symbol": "AEWU.L", "eps": null, "epsEstimated": null, "time": "bmo", "revenue": null, "revenueEstimated": null, "fiscalDateEnding": "2021-03-31", "updatedFromDate": "2023-10-16"}, {"date": "2020-11-18", "symbol": "KRON", "eps": 4, "epsEstimated": 1.47, "time": "bmo", "revenue": null, "revenueEstimated": null, "fiscalDateEnding": "2020-09-29", "updatedFromDate": "2023-09-29"}, {"date": "2020-11-18", "symbol": "VK.PA", "eps": -2.07, "epsEstimated": -1.8, "time": "bmo", "revenue": 716000000, "revenueEstimated": null, "fiscalDateEnding": "2020-09-29", "updatedFromDate": "2023-08-16"}, {"date": "2020-11-18", "symbol": "YYYH", "eps": null, "epsEstimated": null, "time": "bmo", "revenue": null, "revenueEstimated": null, "fiscalDateEnding": "2020-09-30", "updatedFromDate": "2023-05-17"}, {"date": "2020-11-18", "symbol": "UNIR", "eps": -0.49, "epsEstimated": null, "time": "amc", "revenue": 15171898, "revenueEstimated": null, "fiscalDateEnding": "2020-10-03", "updatedFromDate": "2023-09-29"}, {"date": "2020-11-18", "symbol": "ISRA.TA", "eps": null, "epsEstimated": null, "time": "bmo", "revenue": null, "revenueEstimated": null, "fiscalDateEnding": "2020-09-30", "updatedFromDate": "2023-08-02"}, {"date": "2020-11-18", "symbol": "CUB", "eps": 2.82, "epsEstimated": 2.04, "time": "amc", "revenue": 475475000, "revenueEstimated": 440513602.5, "fiscalDateEnding": "2020-09-29", "updatedFromDate": "2023-05-17"}, {"date": "2020-11-18", "symbol": "KGHPF", "eps": 2.36, "epsEstimated": 2.88, "time": "bmo", "revenue": null, "revenueEstimated": null, "fiscalDateEnding": "2020-09-30", "updatedFromDate": "2023-05-17"}, {"date": "2020-11-18", "symbol": "ECR.V", "eps": null, "epsEstimated": null, "time": "bmo", "revenue": null, "revenueEstimated": null, "fiscalDateEnding": "2020-09-30", "updatedFromDate": "2023-05-17"}, {"date": "2020-11-18", "symbol": "WLT.WA", "eps": 0.3071, "epsEstimated": null, "time": "bmo", "revenue": 514555000, "revenueEstimated": null, "fiscalDateEnding": "2020-08-18", "updatedFromDate": "2023-05-17"}, {"date": "2020-11-18", "symbol": "BILI", "eps": -0.41, "epsEstimated": -0.37, "time": "amc", "revenue": 3225713000, "revenueEstimated": 2832333365, "fiscalDateEnding": "2020-09-30", "updatedFromDate": "2023-09-29"}, {"date": "2020-11-18", "symbol": "EDAP", "eps": -0.04, "epsEstimated": -0.02, "time": "amc", "revenue": 9433000, "revenueEstimated": 9432999, "fiscalDateEnding": "2020-09-30", "updatedFromDate": "2023-09-29"}, {"date": "2020-11-18", "symbol": "TALK.ST", "eps": 0.00585, "epsEstimated": null, "time": "bmo", "revenue": 5112371, "revenueEstimated": null, "fiscalDateEnding": "2020-09-29", "updatedFromDate": "2023-05-17"}, {"date": "2020-11-18", "symbol": "CPRT", "eps": 0.2, "epsEstimated": 0.17, "time": "amc", "revenue": 617031000, "revenueEstimated": 526129859, "fiscalDateEnding": "2020-08-18", "updatedFromDate": "2023-09-29"}, {"date": "2020-11-18", "symbol": "FARM.V", "eps": null, "epsEstimated": null, "time": "bmo", "revenue": null, "revenueEstimated": null, "fiscalDateEnding": "2020-09-30", "updatedFromDate": "2023-08-16"}, {"date": "2020-11-18", "symbol": "NETTF", "eps": 1.07, "epsEstimated": 0.88, "time": "bmo", "revenue": null, "revenueEstimated": null, "fiscalDateEnding": "2020-09-30", "updatedFromDate": "2023-05-17"}, {"date": "2020-11-18", "symbol": "KLIC", "eps": 0.29, "epsEstimated": 0.31, "time": "amc", "revenue": 177688000, "revenueEstimated": 425591417.25, "fiscalDateEnding": "2020-10-02", "updatedFromDate": "2023-09-29"}, {"date": "2020-11-18", "symbol": "TKOMF", "eps": -17.59, "epsEstimated": 34.87, "time": "bmo", "revenue": null, "revenueEstimated": null, "fiscalDateEnding": "2021-03-31", "updatedFromDate": "2023-08-16"}, {"date": "2020-11-18", "symbol": "NPH.NZ", "eps": null, "epsEstimated": null, "time": "bmo", "revenue": null, "revenueEstimated": null, "fiscalDateEnding": "2020-12-31", "updatedFromDate": "2023-05-17"}, {"date": "2020-11-18", "symbol": "EVGN", "eps": -0.17, "epsEstimated": null, "time": "bmo", "revenue": 316000, "revenueEstimated": null, "fiscalDateEnding": "2020-09-30", "updatedFromDate": "2023-09-29"}, {"date": "2020-11-18", "symbol": "ALL.AX", "eps": null, "epsEstimated": null, "time": "bmo", "revenue": 1034775000, "revenueEstimated": null, "fiscalDateEnding": "2020-08-18", "updatedFromDate": "2023-10-16"}, {"date": "2020-11-18", "symbol": "HART.CO", "eps": 8.4, "epsEstimated": null, "time": "bmo", "revenue": 607900000, "revenueEstimated": null, "fiscalDateEnding": "2020-09-30", "updatedFromDate": "2023-08-25"}, {"date": "2020-11-18", "symbol": "TILT.NE", "eps": -0.01, "epsEstimated": -0.01, "time": "bmo", "revenue": 40439000, "revenueEstimated": null, "fiscalDateEnding": "2020-09-30", "updatedFromDate": "2023-10-16"}]}