{"result": [{"date": "2021-04-15", "symbol": "NGXXF", "eps": null, "epsEstimated": null, "time": "amc", "revenue": null, "revenueEstimated": null, "fiscalDateEnding": "2021-03-31", "updatedFromDate": "2023-08-16"}, {"date": "2021-04-15", "symbol": "688286.SS", "eps": 0.1083, "epsEstimated": null, "time": "bmo", "revenue": 98691572.6, "revenueEstimated": null, "fiscalDateEnding": "2021-01-15", "updatedFromDate": "2023-05-17"}, {"date": "2021-04-15", "symbol": "ABMC", "eps": -0.01431, "epsEstimated": null, "time": "amc", "revenue": 566000, "revenueEstimated": null, "fiscalDateEnding": "2021-03-30", "updatedFromDate": "2023-09-29"}, {"date": "2021-04-15", "symbol": "002656.SZ", "eps": -0.0227, "epsEstimated": null, "time": "bmo", "revenue": 117564797.32, "revenueEstimated": 1125000000, "fiscalDateEnding": "2021-03-30", "updatedFromDate": "2023-05-17"}, {"date": "2021-04-15", "symbol": "002162.SZ", "eps": -0.0135, "epsEstimated": null, "time": "bmo", "revenue": 208808508.79, "revenueEstimated": 1070000000, "fiscalDateEnding": "2021-03-30", "updatedFromDate": "2023-05-17"}, {"date": "2021-04-15", "symbol": "PEP", "eps": 1.21, "epsEstimated": 1.12, "time": "bmo", "revenue": 14820000000, "revenueEstimated": 13629107142, "fiscalDateEnding": "2021-03-19", "updatedFromDate": "2023-10-23"}, {"date": "2021-04-15", "symbol": "BLK", "eps": 7.77, "epsEstimated": 7.64, "time": "bmo", "revenue": 4398000000, "revenueEstimated": 4275560000, "fiscalDateEnding": "2021-03-30", "updatedFromDate": "2023-09-29"}, {"date": "2021-04-15", "symbol": "002524.SZ", "eps": 0.08, "epsEstimated": null, "time": "bmo", "revenue": 191740938.17, "revenueEstimated": null, "fiscalDateEnding": "2021-03-30", "updatedFromDate": "2023-05-17"}, {"date": "2021-04-15", "symbol": "ALKLK.PA", "eps": null, "epsEstimated": null, "time": "bmo", "revenue": null, "revenueEstimated": null, "fiscalDateEnding": "2021-03-31", "updatedFromDate": "2023-05-17"}, {"date": "2021-04-15", "symbol": "605166.SS", "eps": 0.2686, "epsEstimated": null, "time": "bmo", "revenue": 1429605892.32, "revenueEstimated": null, "fiscalDateEnding": "2021-01-15", "updatedFromDate": "2023-05-17"}, {"date": "2021-04-15", "symbol": "603912.SS", "eps": 0.1, "epsEstimated": null, "time": "bmo", "revenue": 136691751.63, "revenueEstimated": 1025160000, "fiscalDateEnding": "2021-03-30", "updatedFromDate": "2023-05-17"}, {"date": "2021-04-15", "symbol": "HIPH", "eps": null, "epsEstimated": null, "time": "bmo", "revenue": null, "revenueEstimated": null, "fiscalDateEnding": "2021-03-31", "updatedFromDate": "2023-05-17"}, {"date": "2021-04-15", "symbol": "WIT", "eps": 0.07, "epsEstimated": 0.07, "time": "amc", "revenue": 162454000000, "revenueEstimated": 162454000000, "fiscalDateEnding": "2021-03-31", "updatedFromDate": "2023-09-29"}, {"date": "2021-04-15", "symbol": "PCLB", "eps": 0.93, "epsEstimated": null, "time": "amc", "revenue": null, "revenueEstimated": null, "fiscalDateEnding": "2021-03-30", "updatedFromDate": "2023-09-29"}, {"date": "2021-04-15", "symbol": "603466.SS", "eps": 0.3724, "epsEstimated": null, "time": "bmo", "revenue": 602616962.71, "revenueEstimated": 2653290000, "fiscalDateEnding": "2021-03-30", "updatedFromDate": "2023-05-17"}, {"date": "2021-04-15", "symbol": "AFMD", "eps": -0.2, "epsEstimated": -0.05264, "time": "bmo", "revenue": 11659000, "revenueEstimated": 23609475, "fiscalDateEnding": "2021-03-31", "updatedFromDate": "2023-09-29"}, {"date": "2021-04-15", "symbol": "300285.SZ", "eps": 0.19, "epsEstimated": 0.16, "time": "bmo", "revenue": 620675361.53, "revenueEstimated": null, "fiscalDateEnding": "2021-03-30", "updatedFromDate": "2023-05-17"}, {"date": "2021-04-15", "symbol": "ABQQ", "eps": -0.00257, "epsEstimated": null, "time": "bmo", "revenue": 774509, "revenueEstimated": null, "fiscalDateEnding": "2021-02-27", "updatedFromDate": "2023-05-17"}, {"date": "2021-04-15", "symbol": "NBDG.L", "eps": null, "epsEstimated": null, "time": "bmo", "revenue": null, "revenueEstimated": null, "fiscalDateEnding": "2021-03-31", "updatedFromDate": "2023-05-17"}, {"date": "2021-04-15", "symbol": "BAC", "eps": 0.86, "epsEstimated": 0.66, "time": "bmo", "revenue": 22822000000, "revenueEstimated": 15906242424, "fiscalDateEnding": "2021-03-30", "updatedFromDate": "2023-09-29"}, {"date": "2021-04-15", "symbol": "002296.SZ", "eps": 0.0723, "epsEstimated": null, "time": "bmo", "revenue": 109492234.3, "revenueEstimated": 786000000, "fiscalDateEnding": "2021-03-30", "updatedFromDate": "2023-05-17"}, {"date": "2021-04-15", "symbol": "GREENH.CO", "eps": -4.50241, "epsEstimated": null, "time": "bmo", "revenue": 1554000, "revenueEstimated": null, "fiscalDateEnding": "2021-01-15", "updatedFromDate": "2023-07-24"}, {"date": "2021-04-15", "symbol": "OMID", "eps": null, "epsEstimated": null, "time": "bmo", "revenue": null, "revenueEstimated": null, "fiscalDateEnding": "2021-03-31", "updatedFromDate": "2023-05-17"}, {"date": "2021-04-15", "symbol": "600422.SS", "eps": 0.1809, "epsEstimated": null, "time": "bmo", "revenue": 2197743272.04, "revenueEstimated": null, "fiscalDateEnding": "2021-01-15", "updatedFromDate": "2023-05-17"}, {"date": "2021-04-15", "symbol": "UNH", "eps": 5.31, "epsEstimated": 4.38, "time": "bmo", "revenue": 69744000000, "revenueEstimated": 69257600000, "fiscalDateEnding": "2021-03-30", "updatedFromDate": "2023-09-29"}, {"date": "2021-04-15", "symbol": "603053.SS", "eps": 0.21, "epsEstimated": null, "time": "bmo", "revenue": 1350218481.13, "revenueEstimated": null, "fiscalDateEnding": "2021-03-30", "updatedFromDate": "2023-05-17"}, {"date": "2021-04-15", "symbol": "601678.SS", "eps": 0.26, "epsEstimated": null, "time": "bmo", "revenue": 2118994260.92, "revenueEstimated": null, "fiscalDateEnding": "2021-03-30", "updatedFromDate": "2023-05-17"}, {"date": "2021-04-15", "symbol": "ITE.PA", "eps": null, "epsEstimated": null, "time": "bmo", "revenue": null, "revenueEstimated": null, "fiscalDateEnding": "2021-01-15", "updatedFromDate": "2023-05-17"}, {"date": "2021-04-15", "symbol": "CVU", "eps": 0.11, "epsEstimated": 0.06, "time": "bmo", "revenue": 30818746, "revenueEstimated": null, "fiscalDateEnding": "2021-03-31", "updatedFromDate": "2023-09-29"}, {"date": "2021-04-15", "symbol": "601116.SS", "eps": 0.0491, "epsEstimated": null, "time": "bmo", "revenue": 1111365634.45, "revenueEstimated": null, "fiscalDateEnding": "2021-03-30", "updatedFromDate": "2023-05-17"}, {"date": "2021-04-15", "symbol": "DAL", "eps": -3.55, "epsEstimated": -3.08, "time": "bmo", "revenue": 4150000000, "revenueEstimated": 4060490000, "fiscalDateEnding": "2021-03-30", "updatedFromDate": "2023-09-29"}, {"date": "2021-04-15", "symbol": "QTXB", "eps": -0.00075, "epsEstimated": null, "time": "bmo", "revenue": null, "revenueEstimated": null, "fiscalDateEnding": "2021-03-30", "updatedFromDate": "2023-09-29"}, {"date": "2021-04-15", "symbol": "DDAIF", "eps": 4.01, "epsEstimated": 1.28, "time": "bmo", "revenue": null, "revenueEstimated": null, "fiscalDateEnding": "2021-03-31", "updatedFromDate": "2023-05-17"}, {"date": "2021-04-15", "symbol": "600976.SS", "eps": 0.46, "epsEstimated": null, "time": "bmo", "revenue": 841378502.19, "revenueEstimated": 4273650000, "fiscalDateEnding": "2021-03-30", "updatedFromDate": "2023-05-17"}, {"date": "2021-04-15", "symbol": "688018.SS", "eps": 0.43, "epsEstimated": null, "time": "bmo", "revenue": 270513645.17, "revenueEstimated": null, "fiscalDateEnding": "2021-03-30", "updatedFromDate": "2023-05-17"}, {"date": "2021-04-15", "symbol": "FMBL", "eps": 197.51, "epsEstimated": null, "time": "bmo", "revenue": 75576000, "revenueEstimated": null, "fiscalDateEnding": "2021-03-31", "updatedFromDate": "2023-09-29"}, {"date": "2021-04-15", "symbol": "C", "eps": 3.62, "epsEstimated": 2.6, "time": "bmo", "revenue": 19338000000, "revenueEstimated": 17627330769, "fiscalDateEnding": "2021-03-30", "updatedFromDate": "2023-09-29"}, {"date": "2021-04-15", "symbol": "MCX.V", "eps": null, "epsEstimated": null, "time": "bmo", "revenue": null, "revenueEstimated": null, "fiscalDateEnding": "2021-03-31", "updatedFromDate": "2023-05-17"}, {"date": "2021-04-15", "symbol": "TSM", "eps": 0.96, "epsEstimated": 0.91, "time": "bmo", "revenue": 362474441000, "revenueEstimated": 354762218851, "fiscalDateEnding": "2021-03-31", "updatedFromDate": "2023-09-29"}, {"date": "2021-04-15", "symbol": "THEP.PA", "eps": null, "epsEstimated": null, "time": "bmo", "revenue": null, "revenueEstimated": null, "fiscalDateEnding": "2021-01-15", "updatedFromDate": "2023-05-17"}, {"date": "2021-04-15", "symbol": "TGVSF", "eps": 2.5, "epsEstimated": 1.36, "time": "bmo", "revenue": null, "revenueEstimated": null, "fiscalDateEnding": "2021-03-31", "updatedFromDate": "2023-05-17"}, {"date": "2021-04-15", "symbol": "CAWW", "eps": 0.01, "epsEstimated": null, "time": "amc", "revenue": null, "revenueEstimated": null, "fiscalDateEnding": "2021-01-15", "updatedFromDate": "2023-09-29"}, {"date": "2021-04-15", "symbol": "300673.SZ", "eps": null, "epsEstimated": null, "time": "bmo", "revenue": null, "revenueEstimated": null, "fiscalDateEnding": "2021-03-31", "updatedFromDate": "2023-05-17"}, {"date": "2021-04-15", "symbol": "002724.SZ", "eps": 0.2, "epsEstimated": null, "time": "bmo", "revenue": 315384856.13, "revenueEstimated": null, "fiscalDateEnding": "2021-03-30", "updatedFromDate": "2023-05-17"}, {"date": "2021-04-15", "symbol": "688388.SS", "eps": 0.58, "epsEstimated": null, "time": "bmo", "revenue": 674767694.68, "revenueEstimated": null, "fiscalDateEnding": "2021-01-15", "updatedFromDate": "2023-05-17"}, {"date": "2021-04-15", "symbol": "EQR.AX", "eps": null, "epsEstimated": null, "time": "bmo", "revenue": null, "revenueEstimated": null, "fiscalDateEnding": "2021-06-30", "updatedFromDate": "2023-05-17"}, {"date": "2021-04-15", "symbol": "3091.T", "eps": 12.8, "epsEstimated": null, "time": "bmo", "revenue": 3495628000, "revenueEstimated": null, "fiscalDateEnding": "2021-03-30", "updatedFromDate": "2023-05-17"}, {"date": "2021-04-15", "symbol": "GRUPF", "eps": null, "epsEstimated": null, "time": "bmo", "revenue": null, "revenueEstimated": null, "fiscalDateEnding": "2021-03-31", "updatedFromDate": "2023-05-17"}, {"date": "2021-04-15", "symbol": "2330.TW", "eps": 5.39, "epsEstimated": 5.18, "time": "bmo", "revenue": 362474441000, "revenueEstimated": null, "fiscalDateEnding": "2021-03-30", "updatedFromDate": "2023-05-17"}, {"date": "2021-04-15", "symbol": "WABC", "eps": 0.73, "epsEstimated": 0.74, "time": "bmo", "revenue": 52030000, "revenueEstimated": 50970000, "fiscalDateEnding": "2021-03-30", "updatedFromDate": "2023-09-29"}, {"date": "2021-04-15", "symbol": "FNAC.PA", "eps": null, "epsEstimated": null, "time": "bmo", "revenue": null, "revenueEstimated": null, "fiscalDateEnding": "2021-01-15", "updatedFromDate": "2023-05-17"}, {"date": "2021-04-15", "symbol": "LAKE", "eps": 0.95, "epsEstimated": 0.66, "time": "amc", "revenue": 36946000, "revenueEstimated": null, "fiscalDateEnding": "2021-01-30", "updatedFromDate": "2023-09-29"}, {"date": "2021-04-15", "symbol": "RAD", "eps": -0.78, "epsEstimated": -0.79, "time": "bmo", "revenue": 5916856000, "revenueEstimated": 19443878762.625, "fiscalDateEnding": "2021-02-26", "updatedFromDate": "2023-09-29"}, {"date": "2021-04-15", "symbol": "TNX.TO", "eps": 0.00296, "epsEstimated": 0.00148, "time": "bmo", "revenue": null, "revenueEstimated": null, "fiscalDateEnding": "2021-02-27", "updatedFromDate": "2023-08-16"}, {"date": "2021-04-15", "symbol": "ALWIT.PA", "eps": null, "epsEstimated": null, "time": "bmo", "revenue": null, "revenueEstimated": null, "fiscalDateEnding": "2021-03-31", "updatedFromDate": "2023-05-17"}, {"date": "2021-04-15", "symbol": "OVS.MI", "eps": null, "epsEstimated": null, "time": "bmo", "revenue": null, "revenueEstimated": null, "fiscalDateEnding": "2021-09-30", "updatedFromDate": "2023-05-17"}, {"date": "2021-04-15", "symbol": "HYPE.CO", "eps": null, "epsEstimated": null, "time": "bmo", "revenue": null, "revenueEstimated": null, "fiscalDateEnding": "2021-03-31", "updatedFromDate": "2023-07-24"}, {"date": "2021-04-15", "symbol": "002664.SZ", "eps": 0.1381, "epsEstimated": null, "time": "bmo", "revenue": 754263139.93, "revenueEstimated": null, "fiscalDateEnding": "2021-03-30", "updatedFromDate": "2023-05-17"}, {"date": "2021-04-15", "symbol": "ACROUD.ST", "eps": 0.00622, "epsEstimated": null, "time": "bmo", "revenue": 5579000, "revenueEstimated": null, "fiscalDateEnding": "2021-03-30", "updatedFromDate": "2023-05-17"}, {"date": "2021-04-15", "symbol": "SKVI", "eps": -0.06, "epsEstimated": null, "time": "bmo", "revenue": 12051, "revenueEstimated": null, "fiscalDateEnding": "2021-03-30", "updatedFromDate": "2023-09-29"}, {"date": "2021-04-15", "symbol": "603138.SS", "eps": 0.02, "epsEstimated": null, "time": "bmo", "revenue": 102196650.83, "revenueEstimated": 405000000, "fiscalDateEnding": "2021-03-30", "updatedFromDate": "2023-05-17"}, {"date": "2021-04-15", "symbol": "603808.SS", "eps": 0.28, "epsEstimated": null, "time": "bmo", "revenue": 535778062.96, "revenueEstimated": null, "fiscalDateEnding": "2021-03-30", "updatedFromDate": "2023-05-17"}, {"date": "2021-04-15", "symbol": "AA", "eps": 0.79, "epsEstimated": 0.46, "time": "amc", "revenue": 2870000000, "revenueEstimated": 2007440217, "fiscalDateEnding": "2021-03-30", "updatedFromDate": "2023-09-29"}, {"date": "2021-04-15", "symbol": "300624.SZ", "eps": null, "epsEstimated": null, "time": "bmo", "revenue": null, "revenueEstimated": null, "fiscalDateEnding": "2021-03-31", "updatedFromDate": "2023-05-17"}, {"date": "2021-04-15", "symbol": "FERL", "eps": -0.00154, "epsEstimated": null, "time": "bmo", "revenue": null, "revenueEstimated": null, "fiscalDateEnding": "2021-03-30", "updatedFromDate": "2023-05-17"}, {"date": "2021-04-15", "symbol": "KFMNF", "eps": null, "epsEstimated": null, "time": "bmo", "revenue": null, "revenueEstimated": null, "fiscalDateEnding": "2021-03-31", "updatedFromDate": "2023-05-17"}, {"date": "2021-04-15", "symbol": "RZE.V", "eps": null, "epsEstimated": null, "time": "bmo", "revenue": null, "revenueEstimated": null, "fiscalDateEnding": "2021-03-31", "updatedFromDate": "2023-05-17"}, {"date": "2021-04-15", "symbol": "603000.SS", "eps": -0.02, "epsEstimated": null, "time": "bmo", "revenue": 349479515.58, "revenueEstimated": null, "fiscalDateEnding": "2021-03-30", "updatedFromDate": "2023-05-17"}, {"date": "2021-04-15", "symbol": "CHR.CO", "eps": 0.42, "epsEstimated": 0.37, "time": "bmo", "revenue": 260000000, "revenueEstimated": null, "fiscalDateEnding": "2021-02-27", "updatedFromDate": "2023-07-24"}, {"date": "2021-04-15", "symbol": "SVJTY", "eps": 0.87, "epsEstimated": 0.88, "time": "bmo", "revenue": null, "revenueEstimated": null, "fiscalDateEnding": "2021-03-31", "updatedFromDate": "2023-05-17"}, {"date": "2021-04-15", "symbol": "UD.MI", "eps": null, "epsEstimated": null, "time": "bmo", "revenue": null, "revenueEstimated": null, "fiscalDateEnding": "2021-03-31", "updatedFromDate": "2023-05-17"}, {"date": "2021-04-15", "symbol": "CVUA", "eps": 0.11, "epsEstimated": 0.06, "time": "bmo", "revenue": 30818746, "revenueEstimated": null, "fiscalDateEnding": "2021-03-30", "updatedFromDate": "2023-08-16"}, {"date": "2021-04-15", "symbol": "FELLOW.HE", "eps": 0.34, "epsEstimated": 0.25, "time": "bmo", "revenue": 28600000, "revenueEstimated": null, "fiscalDateEnding": "2021-01-15", "updatedFromDate": "2023-08-16"}, {"date": "2021-04-15", "symbol": "3606.HK", "eps": 0.34, "epsEstimated": 0.33, "time": "bmo", "revenue": 5705966779, "revenueEstimated": null, "fiscalDateEnding": "2021-03-30", "updatedFromDate": "2023-08-16"}, {"date": "2021-04-15", "symbol": "603799.SS", "eps": 0.43, "epsEstimated": null, "time": "bmo", "revenue": null, "revenueEstimated": null, "fiscalDateEnding": "2021-03-30", "updatedFromDate": "2023-08-16"}, {"date": "2021-04-15", "symbol": "PFFVF", "eps": null, "epsEstimated": null, "time": "bmo", "revenue": null, "revenueEstimated": null, "fiscalDateEnding": "2021-03-31", "updatedFromDate": "2023-08-16"}, {"date": "2021-04-15", "symbol": "002271.SZ", "eps": 0.13, "epsEstimated": 0.11, "time": "bmo", "revenue": 5377497137.95, "revenueEstimated": null, "fiscalDateEnding": "2021-03-30", "updatedFromDate": "2023-08-16"}, {"date": "2021-04-15", "symbol": "EVLI.HE", "eps": 0.34, "epsEstimated": null, "time": "bmo", "revenue": 27100000, "revenueEstimated": null, "fiscalDateEnding": "2021-03-30", "updatedFromDate": "2023-08-16"}, {"date": "2021-04-15", "symbol": "NGEX.V", "eps": -0.00635, "epsEstimated": null, "time": "bmo", "revenue": null, "revenueEstimated": null, "fiscalDateEnding": "2021-03-30", "updatedFromDate": "2023-08-16"}, {"date": "2021-04-15", "symbol": "EQ.V", "eps": -0.02, "epsEstimated": null, "time": "bmo", "revenue": 1755000, "revenueEstimated": null, "fiscalDateEnding": "2021-03-30", "updatedFromDate": "2023-08-16"}, {"date": "2021-04-15", "symbol": "300666.SZ", "eps": null, "epsEstimated": null, "time": "bmo", "revenue": null, "revenueEstimated": null, "fiscalDateEnding": "2021-03-31", "updatedFromDate": "2023-08-16"}, {"date": "2021-04-15", "symbol": "002601.SZ", "eps": 0.17, "epsEstimated": 0.41, "time": "bmo", "revenue": 4658027781.5, "revenueEstimated": null, "fiscalDateEnding": "2021-03-30", "updatedFromDate": "2023-08-16"}, {"date": "2021-04-15", "symbol": "ESCA", "eps": 0.39, "epsEstimated": 0.16, "time": "bmo", "revenue": 59191000, "revenueEstimated": 42728502, "fiscalDateEnding": "2021-03-19", "updatedFromDate": "2023-09-29"}, {"date": "2021-04-15", "symbol": "002054.SZ", "eps": 0.0664, "epsEstimated": null, "time": "bmo", "revenue": 407278468.97, "revenueEstimated": 2699000000, "fiscalDateEnding": "2021-03-30", "updatedFromDate": "2023-05-17"}, {"date": "2021-04-15", "symbol": "WUC.CN", "eps": -0.01468, "epsEstimated": null, "time": "bmo", "revenue": 16155, "revenueEstimated": null, "fiscalDateEnding": "2021-06-30", "updatedFromDate": "2023-05-17"}, {"date": "2021-04-15", "symbol": "000514.SZ", "eps": -0.0253, "epsEstimated": null, "time": "bmo", "revenue": 42721826.02, "revenueEstimated": 1730000000, "fiscalDateEnding": "2021-03-30", "updatedFromDate": "2023-05-17"}, {"date": "2021-04-15", "symbol": "COALA.ST", "eps": -40.66914, "epsEstimated": null, "time": "bmo", "revenue": 46600000, "revenueEstimated": null, "fiscalDateEnding": "2021-02-28", "updatedFromDate": "2023-10-16"}, {"date": "2021-04-15", "symbol": "600660.SS", "eps": 0.34, "epsEstimated": 0.32, "time": "bmo", "revenue": 5705966779, "revenueEstimated": null, "fiscalDateEnding": "2021-03-30", "updatedFromDate": "2023-05-17"}, {"date": "2021-04-15", "symbol": "BANF", "eps": 1.27, "epsEstimated": 0.97, "time": "bmo", "revenue": 117141000, "revenueEstimated": 114520000, "fiscalDateEnding": "2021-03-30", "updatedFromDate": "2023-09-29"}, {"date": "2021-04-15", "symbol": "UNTY", "eps": 0.8, "epsEstimated": 0.76, "time": "bmo", "revenue": 21433000, "revenueEstimated": 21660000, "fiscalDateEnding": "2021-03-30", "updatedFromDate": "2023-09-29"}, {"date": "2021-04-15", "symbol": "600096.SS", "eps": 0.3129, "epsEstimated": null, "time": "bmo", "revenue": 13207853710.72, "revenueEstimated": null, "fiscalDateEnding": "2021-03-30", "updatedFromDate": "2023-05-17"}, {"date": "2021-04-15", "symbol": "ADMP", "eps": 11.19, "epsEstimated": -0.06, "time": "amc", "revenue": 4108532, "revenueEstimated": 5710000, "fiscalDateEnding": "2021-03-30", "updatedFromDate": "2023-09-29"}, {"date": "2021-04-15", "symbol": "EPWN.L", "eps": null, "epsEstimated": null, "time": "bmo", "revenue": null, "revenueEstimated": null, "fiscalDateEnding": "2021-01-15", "updatedFromDate": "2023-05-17"}, {"date": "2021-04-15", "symbol": "MCOA", "eps": -0.00135, "epsEstimated": null, "time": "bmo", "revenue": 34930, "revenueEstimated": null, "fiscalDateEnding": "2021-03-30", "updatedFromDate": "2023-05-17"}, {"date": "2021-04-15", "symbol": "CBSH", "eps": 1.01, "epsEstimated": 0.87, "time": "bmo", "revenue": 351646000, "revenueEstimated": 345980000, "fiscalDateEnding": "2021-03-30", "updatedFromDate": "2023-09-29"}, {"date": "2021-04-15", "symbol": "WAL", "eps": 1.9, "epsEstimated": 1.47, "time": "amc", "revenue": 320600000, "revenueEstimated": 336580000, "fiscalDateEnding": "2021-03-30", "updatedFromDate": "2023-09-29"}, {"date": "2021-04-15", "symbol": "002697.SZ", "eps": 0.09, "epsEstimated": null, "time": "bmo", "revenue": 2260117448.27, "revenueEstimated": null, "fiscalDateEnding": "2021-03-30", "updatedFromDate": "2023-05-17"}, {"date": "2021-04-15", "symbol": "000877.SZ", "eps": 0.0835, "epsEstimated": null, "time": "bmo", "revenue": 999261639.44, "revenueEstimated": null, "fiscalDateEnding": "2021-03-30", "updatedFromDate": "2023-05-17"}, {"date": "2021-04-15", "symbol": "TMT.L", "eps": null, "epsEstimated": null, "time": "bmo", "revenue": null, "revenueEstimated": null, "fiscalDateEnding": "2021-01-15", "updatedFromDate": "2023-05-17"}, {"date": "2021-04-15", "symbol": "DELT.L", "eps": null, "epsEstimated": null, "time": "bmo", "revenue": null, "revenueEstimated": null, "fiscalDateEnding": "2021-01-15", "updatedFromDate": "2023-05-17"}, {"date": "2021-04-15", "symbol": "ALCIS.PA", "eps": null, "epsEstimated": null, "time": "bmo", "revenue": null, "revenueEstimated": null, "fiscalDateEnding": "2021-03-31", "updatedFromDate": "2023-07-04"}, {"date": "2021-04-15", "symbol": "SCHW", "eps": 0.84, "epsEstimated": 0.82, "time": "bmo", "revenue": 4715000000, "revenueEstimated": 4329460000, "fiscalDateEnding": "2021-03-30", "updatedFromDate": "2023-09-29"}, {"date": "2021-04-15", "symbol": "RAI.L", "eps": null, "epsEstimated": null, "time": "bmo", "revenue": null, "revenueEstimated": 46220000, "fiscalDateEnding": "2021-01-15", "updatedFromDate": "2023-05-17"}, {"date": "2021-04-15", "symbol": "603327.SS", "eps": 0.181, "epsEstimated": null, "time": "bmo", "revenue": 422274604.65, "revenueEstimated": null, "fiscalDateEnding": "2021-03-30", "updatedFromDate": "2023-05-17"}, {"date": "2021-04-15", "symbol": "IDOGEN.ST", "eps": -0.57725, "epsEstimated": null, "time": "bmo", "revenue": null, "revenueEstimated": null, "fiscalDateEnding": "2021-03-30", "updatedFromDate": "2023-05-17"}, {"date": "2021-04-15", "symbol": "PGR", "eps": 1.72, "epsEstimated": 1.78, "time": "bmo", "revenue": 11439600000, "revenueEstimated": null, "fiscalDateEnding": "2021-03-30", "updatedFromDate": "2023-09-29"}, {"date": "2021-04-15", "symbol": "SQZ.L", "eps": null, "epsEstimated": null, "time": "bmo", "revenue": null, "revenueEstimated": null, "fiscalDateEnding": "2021-01-15", "updatedFromDate": "2023-05-17"}, {"date": "2021-04-15", "symbol": "PPIH", "eps": -0.31, "epsEstimated": null, "time": "bmo", "revenue": 35199000, "revenueEstimated": null, "fiscalDateEnding": "2021-01-15", "updatedFromDate": "2023-10-10"}, {"date": "2021-04-15", "symbol": "2884.T", "eps": 5.17, "epsEstimated": null, "time": "bmo", "revenue": null, "revenueEstimated": null, "fiscalDateEnding": "2021-01-15", "updatedFromDate": "2023-10-16"}, {"date": "2021-04-15", "symbol": "RZREF", "eps": null, "epsEstimated": null, "time": "bmo", "revenue": null, "revenueEstimated": null, "fiscalDateEnding": "2021-03-31", "updatedFromDate": "2023-05-17"}, {"date": "2021-04-15", "symbol": "USB", "eps": 1.45, "epsEstimated": 0.96, "time": "bmo", "revenue": 5444000000, "revenueEstimated": 4397731249.5, "fiscalDateEnding": "2021-03-30", "updatedFromDate": "2023-09-29"}, {"date": "2021-04-15", "symbol": "KSPN", "eps": -0.07, "epsEstimated": -0.62, "time": "amc", "revenue": 32172000, "revenueEstimated": null, "fiscalDateEnding": "2021-01-15", "updatedFromDate": "2023-10-10"}, {"date": "2021-04-15", "symbol": "002828.SZ", "eps": 0.01, "epsEstimated": null, "time": "bmo", "revenue": 189995428.02, "revenueEstimated": 974640000, "fiscalDateEnding": "2021-03-30", "updatedFromDate": "2023-05-17"}, {"date": "2021-04-15", "symbol": "6866.T", "eps": 79.04, "epsEstimated": null, "time": "bmo", "revenue": 6949259000, "revenueEstimated": null, "fiscalDateEnding": "2021-03-30", "updatedFromDate": "2023-05-17"}, {"date": "2021-04-15", "symbol": "300636.SZ", "eps": 0.09788, "epsEstimated": null, "time": "bmo", "revenue": 137346511.89, "revenueEstimated": 1089360000, "fiscalDateEnding": "2021-03-30", "updatedFromDate": "2023-05-17"}, {"date": "2021-04-15", "symbol": "MBGAF", "eps": 4.01, "epsEstimated": 1.28, "time": "bmo", "revenue": 41017000000, "revenueEstimated": null, "fiscalDateEnding": "2021-03-31", "updatedFromDate": "2023-09-29"}, {"date": "2021-04-15", "symbol": "MRTN", "eps": 0.22, "epsEstimated": 0.2, "time": "amc", "revenue": 223046000, "revenueEstimated": 224350000, "fiscalDateEnding": "2021-03-30", "updatedFromDate": "2023-09-29"}, {"date": "2021-04-15", "symbol": "002677.SZ", "eps": 0.16, "epsEstimated": 0.15, "time": "bmo", "revenue": 540609283.25, "revenueEstimated": null, "fiscalDateEnding": "2021-01-15", "updatedFromDate": "2023-05-17"}, {"date": "2021-04-15", "symbol": "TFC", "eps": 1.18, "epsEstimated": 1.11, "time": "bmo", "revenue": 5445000000, "revenueEstimated": 5101621621, "fiscalDateEnding": "2021-03-30", "updatedFromDate": "2023-09-29"}, {"date": "2021-04-15", "symbol": "HOMB", "eps": 0.55, "epsEstimated": 0.44, "time": "bmo", "revenue": 190906000, "revenueEstimated": 172290000, "fiscalDateEnding": "2021-03-30", "updatedFromDate": "2023-09-29"}, {"date": "2021-04-15", "symbol": "VACN.SW", "eps": 1.81, "epsEstimated": null, "time": "bmo", "revenue": 225289750, "revenueEstimated": null, "fiscalDateEnding": "2021-01-15", "updatedFromDate": "2023-05-17"}, {"date": "2021-04-15", "symbol": "CVG.MI", "eps": null, "epsEstimated": null, "time": "bmo", "revenue": null, "revenueEstimated": null, "fiscalDateEnding": "2021-03-31", "updatedFromDate": "2023-05-24"}, {"date": "2021-04-15", "symbol": "PPG", "eps": 1.88, "epsEstimated": 1.56, "time": "amc", "revenue": 4359000000, "revenueEstimated": 3669870000, "fiscalDateEnding": "2021-01-15", "updatedFromDate": "2023-10-10"}, {"date": "2021-04-15", "symbol": "300056.SZ", "eps": null, "epsEstimated": null, "time": "bmo", "revenue": null, "revenueEstimated": 1036000000, "fiscalDateEnding": "2021-03-31", "updatedFromDate": "2023-05-31"}, {"date": "2021-04-15", "symbol": "PBIO", "eps": -1.1, "epsEstimated": null, "time": "bmo", "revenue": 559874, "revenueEstimated": null, "fiscalDateEnding": "2021-03-30", "updatedFromDate": "2023-09-29"}, {"date": "2021-04-15", "symbol": "DEYAAR.AE", "eps": 0.00344, "epsEstimated": null, "time": "bmo", "revenue": 149174000, "revenueEstimated": null, "fiscalDateEnding": "2021-03-30", "updatedFromDate": "2023-05-17"}, {"date": "2021-04-15", "symbol": "000665.SZ", "eps": -0.06, "epsEstimated": null, "time": "bmo", "revenue": 540622757.14, "revenueEstimated": 3822360000, "fiscalDateEnding": "2021-03-30", "updatedFromDate": "2023-05-17"}, {"date": "2021-04-15", "symbol": "AMAT.L", "eps": null, "epsEstimated": null, "time": "bmo", "revenue": null, "revenueEstimated": null, "fiscalDateEnding": "2021-09-30", "updatedFromDate": "2023-10-16"}, {"date": "2021-04-15", "symbol": "1859.HK", "eps": null, "epsEstimated": null, "time": "bmo", "revenue": null, "revenueEstimated": null, "fiscalDateEnding": "2021-01-15", "updatedFromDate": "2023-05-17"}, {"date": "2021-04-15", "symbol": "KOF.PA", "eps": 0.534, "epsEstimated": null, "time": "bmo", "revenue": 285915000, "revenueEstimated": null, "fiscalDateEnding": "2021-02-28", "updatedFromDate": "2023-10-16"}, {"date": "2021-04-15", "symbol": "000933.SZ", "eps": 0.263, "epsEstimated": null, "time": "bmo", "revenue": 6830946422.5, "revenueEstimated": null, "fiscalDateEnding": "2021-03-30", "updatedFromDate": "2023-05-17"}, {"date": "2021-04-15", "symbol": "603938.SS", "eps": 0.2692, "epsEstimated": null, "time": "bmo", "revenue": 288141901.9, "revenueEstimated": 3025970000, "fiscalDateEnding": "2021-03-30", "updatedFromDate": "2023-05-17"}, {"date": "2021-04-15", "symbol": "ROOD.AS", "eps": null, "epsEstimated": null, "time": "bmo", "revenue": null, "revenueEstimated": null, "fiscalDateEnding": "2021-01-15", "updatedFromDate": "2023-05-17"}, {"date": "2021-04-15", "symbol": "002537.SZ", "eps": 0.01, "epsEstimated": null, "time": "bmo", "revenue": 1693445452.62, "revenueEstimated": null, "fiscalDateEnding": "2021-03-30", "updatedFromDate": "2023-05-17"}, {"date": "2021-04-15", "symbol": "JBHT", "eps": 1.37, "epsEstimated": 1.17, "time": "amc", "revenue": 2618149000, "revenueEstimated": 2170602162, "fiscalDateEnding": "2021-03-30", "updatedFromDate": "2023-09-29"}, {"date": "2021-04-16", "symbol": "000803.SZ", "eps": 0.05, "epsEstimated": null, "time": "bmo", "revenue": 192436028.84, "revenueEstimated": 2053000000, "fiscalDateEnding": "2021-03-30", "updatedFromDate": "2023-05-17"}, {"date": "2021-04-16", "symbol": "ALSPW.PA", "eps": null, "epsEstimated": null, "time": "bmo", "revenue": null, "revenueEstimated": null, "fiscalDateEnding": "2021-01-16", "updatedFromDate": "2023-05-17"}, {"date": "2021-04-16", "symbol": "PNC", "eps": 4.1, "epsEstimated": 2.75, "time": "bmo", "revenue": 4220000000, "revenueEstimated": 3521280000, "fiscalDateEnding": "2021-03-30", "updatedFromDate": "2023-09-29"}, {"date": "2021-04-16", "symbol": "603999.SS", "eps": 0.01, "epsEstimated": null, "time": "bmo", "revenue": 171053101.61, "revenueEstimated": 1579000000, "fiscalDateEnding": "2021-03-30", "updatedFromDate": "2023-05-17"}, {"date": "2021-04-16", "symbol": "EGKLF", "eps": null, "epsEstimated": null, "time": "bmo", "revenue": null, "revenueEstimated": null, "fiscalDateEnding": "2021-03-31", "updatedFromDate": "2023-05-17"}, {"date": "2021-04-16", "symbol": "300582.SZ", "eps": null, "epsEstimated": null, "time": "bmo", "revenue": null, "revenueEstimated": 1750860000, "fiscalDateEnding": "2021-03-31", "updatedFromDate": "2023-05-31"}, {"date": "2021-04-16", "symbol": "603990.SS", "eps": 0.04, "epsEstimated": null, "time": "bmo", "revenue": 47093244.8, "revenueEstimated": null, "fiscalDateEnding": "2021-03-30", "updatedFromDate": "2023-05-17"}, {"date": "2021-04-16", "symbol": "KSU", "eps": 1.91, "epsEstimated": 1.94, "time": "bmo", "revenue": 706000000, "revenueEstimated": 722150000, "fiscalDateEnding": "2021-03-30", "updatedFromDate": "2023-05-17"}, {"date": "2021-04-16", "symbol": "688533.SS", "eps": 0.18, "epsEstimated": null, "time": "bmo", "revenue": 313526091.71, "revenueEstimated": null, "fiscalDateEnding": "2021-03-30", "updatedFromDate": "2023-05-17"}, {"date": "2021-04-16", "symbol": "603569.SS", "eps": 0.0173, "epsEstimated": null, "time": "bmo", "revenue": 1180247753.04, "revenueEstimated": null, "fiscalDateEnding": "2021-01-16", "updatedFromDate": "2023-05-17"}, {"date": "2021-04-16", "symbol": "INDB.MI", "eps": null, "epsEstimated": null, "time": "bmo", "revenue": null, "revenueEstimated": null, "fiscalDateEnding": "2021-03-31", "updatedFromDate": "2023-05-17"}, {"date": "2021-04-16", "symbol": "603906.SS", "eps": 0.1286, "epsEstimated": null, "time": "bmo", "revenue": 595096783.47, "revenueEstimated": null, "fiscalDateEnding": "2021-03-30", "updatedFromDate": "2023-05-17"}, {"date": "2021-04-16", "symbol": "BBED.AS", "eps": null, "epsEstimated": null, "time": "bmo", "revenue": null, "revenueEstimated": null, "fiscalDateEnding": "2021-01-16", "updatedFromDate": "2023-05-17"}, {"date": "2021-04-16", "symbol": "NEWA-B.ST", "eps": 1.04, "epsEstimated": 0.4, "time": "bmo", "revenue": 1261600000, "revenueEstimated": null, "fiscalDateEnding": "2021-03-30", "updatedFromDate": "2023-05-17"}, {"date": "2021-04-16", "symbol": "VETO.PA", "eps": null, "epsEstimated": null, "time": "bmo", "revenue": null, "revenueEstimated": null, "fiscalDateEnding": "2021-01-16", "updatedFromDate": "2023-05-17"}, {"date": "2021-04-16", "symbol": "605377.SS", "eps": 0.4186, "epsEstimated": null, "time": "bmo", "revenue": 696316546.73, "revenueEstimated": null, "fiscalDateEnding": "2021-01-16", "updatedFromDate": "2023-05-17"}, {"date": "2021-04-16", "symbol": "BYS.SW", "eps": -3.37152, "epsEstimated": null, "time": "bmo", "revenue": 280725000, "revenueEstimated": null, "fiscalDateEnding": "2021-01-16", "updatedFromDate": "2023-05-17"}, {"date": "2021-04-16", "symbol": "LUKN.SW", "eps": 6.47, "epsEstimated": null, "time": "bmo", "revenue": 152067000, "revenueEstimated": null, "fiscalDateEnding": "2021-03-31", "updatedFromDate": "2023-05-17"}, {"date": "2021-04-16", "symbol": "603717.SS", "eps": 0.0215, "epsEstimated": null, "time": "bmo", "revenue": 138529908.46, "revenueEstimated": 1447000000, "fiscalDateEnding": "2021-03-30", "updatedFromDate": "2023-05-17"}, {"date": "2021-04-16", "symbol": "STT", "eps": 1.47, "epsEstimated": 1.35, "time": "bmo", "revenue": 2950000000, "revenueEstimated": 2831630000, "fiscalDateEnding": "2021-03-30", "updatedFromDate": "2023-09-29"}, {"date": "2021-04-16", "symbol": "002415.SZ", "eps": 0.23, "epsEstimated": 0.27, "time": "bmo", "revenue": 13988385531.58, "revenueEstimated": null, "fiscalDateEnding": "2021-03-30", "updatedFromDate": "2023-05-17"}, {"date": "2021-04-16", "symbol": "PAIOF", "eps": null, "epsEstimated": null, "time": "bmo", "revenue": null, "revenueEstimated": null, "fiscalDateEnding": "2021-03-31", "updatedFromDate": "2023-05-17"}, {"date": "2021-04-16", "symbol": "002918.SZ", "eps": 0.12, "epsEstimated": null, "time": "bmo", "revenue": 996487988.07, "revenueEstimated": null, "fiscalDateEnding": "2021-03-30", "updatedFromDate": "2023-05-17"}, {"date": "2021-04-16", "symbol": "601882.SS", "eps": 0.119, "epsEstimated": null, "time": "bmo", "revenue": 539100403.83, "revenueEstimated": null, "fiscalDateEnding": "2021-03-30", "updatedFromDate": "2023-05-17"}, {"date": "2021-04-16", "symbol": "600497.SS", "eps": 0.0726, "epsEstimated": null, "time": "bmo", "revenue": 5258072085.54, "revenueEstimated": null, "fiscalDateEnding": "2021-03-30", "updatedFromDate": "2023-05-17"}, {"date": "2021-04-16", "symbol": "CFG", "eps": 1.37, "epsEstimated": 0.97, "time": "bmo", "revenue": 1659000000, "revenueEstimated": 1608545875.5, "fiscalDateEnding": "2021-03-30", "updatedFromDate": "2023-09-29"}, {"date": "2021-04-16", "symbol": "ALSGD.PA", "eps": null, "epsEstimated": null, "time": "bmo", "revenue": null, "revenueEstimated": null, "fiscalDateEnding": "2021-01-16", "updatedFromDate": "2023-05-17"}, {"date": "2021-04-16", "symbol": "FALG.PA", "eps": null, "epsEstimated": null, "time": "bmo", "revenue": null, "revenueEstimated": null, "fiscalDateEnding": "2021-01-16", "updatedFromDate": "2023-05-17"}, {"date": "2021-04-16", "symbol": "002138.SZ", "eps": 0.24, "epsEstimated": null, "time": "bmo", "revenue": 1055944213.05, "revenueEstimated": null, "fiscalDateEnding": "2021-03-30", "updatedFromDate": "2023-08-16"}, {"date": "2021-04-16", "symbol": "GENT.OL", "eps": -0.32, "epsEstimated": -0.34, "time": "bmo", "revenue": 24202000, "revenueEstimated": null, "fiscalDateEnding": "2021-03-30", "updatedFromDate": "2023-08-16"}, {"date": "2021-04-16", "symbol": "300738.SZ", "eps": null, "epsEstimated": null, "time": "bmo", "revenue": null, "revenueEstimated": null, "fiscalDateEnding": "2021-03-31", "updatedFromDate": "2023-05-17"}, {"date": "2021-04-16", "symbol": "ALLY", "eps": 2.09, "epsEstimated": 1.15, "time": "bmo", "revenue": 2101000000, "revenueEstimated": 1322650758.375, "fiscalDateEnding": "2021-03-30", "updatedFromDate": "2023-09-29"}, {"date": "2021-04-16", "symbol": "MS", "eps": 2.19, "epsEstimated": 1.7, "time": "bmo", "revenue": 14809000000, "revenueEstimated": 10540523529, "fiscalDateEnding": "2021-03-30", "updatedFromDate": "2023-09-29"}, {"date": "2021-04-16", "symbol": "CHMF.ME", "eps": 0.87, "epsEstimated": 0.84, "time": "bmo", "revenue": 2219000000, "revenueEstimated": null, "fiscalDateEnding": "2021-03-31", "updatedFromDate": "2023-08-16"}, {"date": "2021-04-16", "symbol": "EH", "eps": -0.02, "epsEstimated": null, "time": "bmo", "revenue": 22977000, "revenueEstimated": null, "fiscalDateEnding": "2021-03-31", "updatedFromDate": "2023-09-29"}, {"date": "2021-04-16", "symbol": "688513.SS", "eps": 0.36, "epsEstimated": null, "time": "bmo", "revenue": 221248014.12, "revenueEstimated": null, "fiscalDateEnding": "2021-03-30", "updatedFromDate": "2023-05-17"}, {"date": "2021-04-16", "symbol": "CNBB", "eps": 1.41, "epsEstimated": null, "time": "bmo", "revenue": 11459000, "revenueEstimated": null, "fiscalDateEnding": "2021-03-30", "updatedFromDate": "2023-05-17"}, {"date": "2021-04-16", "symbol": "603035.SS", "eps": 0.3, "epsEstimated": null, "time": "bmo", "revenue": null, "revenueEstimated": 4587230000, "fiscalDateEnding": "2021-03-30", "updatedFromDate": "2023-05-17"}, {"date": "2021-04-16", "symbol": "ALTPC.PA", "eps": null, "epsEstimated": null, "time": "bmo", "revenue": null, "revenueEstimated": null, "fiscalDateEnding": "2021-03-31", "updatedFromDate": "2023-07-14"}, {"date": "2021-04-16", "symbol": "600566.SS", "eps": 0.35, "epsEstimated": null, "time": "bmo", "revenue": 1916276244.3, "revenueEstimated": null, "fiscalDateEnding": "2021-03-30", "updatedFromDate": "2023-05-17"}, {"date": "2021-04-16", "symbol": "603637.SS", "eps": 0.04, "epsEstimated": null, "time": "bmo", "revenue": 174979482.76, "revenueEstimated": 256000000, "fiscalDateEnding": "2021-03-30", "updatedFromDate": "2023-05-17"}, {"date": "2021-04-16", "symbol": "002895.SZ", "eps": 0.1458, "epsEstimated": null, "time": "bmo", "revenue": 618318326.14, "revenueEstimated": 5566200000, "fiscalDateEnding": "2021-01-16", "updatedFromDate": "2023-05-17"}, {"date": "2021-04-16", "symbol": "603669.SS", "eps": 0.05, "epsEstimated": null, "time": "bmo", "revenue": 273965712.41, "revenueEstimated": 1381000000, "fiscalDateEnding": "2021-03-30", "updatedFromDate": "2023-05-17"}, {"date": "2021-04-16", "symbol": "ATLO", "eps": 0.66, "epsEstimated": null, "time": "bmo", "revenue": 16170000, "revenueEstimated": null, "fiscalDateEnding": "2021-03-30", "updatedFromDate": "2023-09-29"}, {"date": "2021-04-16", "symbol": "601616.SS", "eps": 0.0149, "epsEstimated": null, "time": "bmo", "revenue": 227974568.19, "revenueEstimated": null, "fiscalDateEnding": "2021-03-30", "updatedFromDate": "2023-05-17"}, {"date": "2021-04-16", "symbol": "300727.SZ", "eps": 0.1454, "epsEstimated": null, "time": "bmo", "revenue": 251524428.03, "revenueEstimated": 1312000000, "fiscalDateEnding": "2021-01-16", "updatedFromDate": "2023-05-17"}, {"date": "2021-04-16", "symbol": "TRYG.CO", "eps": 2.5, "epsEstimated": 1.36, "time": "bmo", "revenue": 6111000000, "revenueEstimated": null, "fiscalDateEnding": "2021-03-30", "updatedFromDate": "2023-07-24"}, {"date": "2021-04-16", "symbol": "002169.SZ", "eps": 1.38, "epsEstimated": null, "time": "bmo", "revenue": 315314611.12, "revenueEstimated": 3540000000, "fiscalDateEnding": "2021-03-30", "updatedFromDate": "2023-05-17"}, {"date": "2021-04-16", "symbol": "600507.SS", "eps": 0.4347, "epsEstimated": null, "time": "bmo", "revenue": 5825855103.24, "revenueEstimated": null, "fiscalDateEnding": "2021-01-16", "updatedFromDate": "2023-05-17"}, {"date": "2021-04-16", "symbol": "300298.SZ", "eps": 0.08, "epsEstimated": null, "time": "bmo", "revenue": 502767712.79, "revenueEstimated": null, "fiscalDateEnding": "2021-03-30", "updatedFromDate": "2023-05-17"}, {"date": "2021-04-16", "symbol": "MLGF", "eps": 0.55, "epsEstimated": null, "time": "bmo", "revenue": null, "revenueEstimated": null, "fiscalDateEnding": "2021-03-30", "updatedFromDate": "2023-09-29"}, {"date": "2021-04-16", "symbol": "ALLFG.AS", "eps": null, "epsEstimated": null, "time": "bmo", "revenue": null, "revenueEstimated": null, "fiscalDateEnding": "2021-03-31", "updatedFromDate": "2023-05-17"}, {"date": "2021-04-16", "symbol": "601899.SS", "eps": 0.1, "epsEstimated": 0.14, "time": "bmo", "revenue": 62361182499, "revenueEstimated": null, "fiscalDateEnding": "2021-01-16", "updatedFromDate": "2023-05-17"}, {"date": "2021-04-16", "symbol": "002456.SZ", "eps": 0.05, "epsEstimated": 0.07, "time": "bmo", "revenue": 7366076905.74, "revenueEstimated": null, "fiscalDateEnding": "2021-03-30", "updatedFromDate": "2023-05-17"}, {"date": "2021-04-16", "symbol": "BK", "eps": 0.97, "epsEstimated": 0.87, "time": "bmo", "revenue": 3847000000, "revenueEstimated": 3404816091, "fiscalDateEnding": "2021-03-30", "updatedFromDate": "2023-09-29"}, {"date": "2021-04-16", "symbol": "BSD.PA", "eps": null, "epsEstimated": null, "time": "bmo", "revenue": null, "revenueEstimated": null, "fiscalDateEnding": "2021-01-16", "updatedFromDate": "2023-05-17"}, {"date": "2021-04-16", "symbol": "VIT-B.ST", "eps": 1.2, "epsEstimated": 1.13, "time": "bmo", "revenue": 373365000, "revenueEstimated": null, "fiscalDateEnding": "2021-03-30", "updatedFromDate": "2023-08-16"}, {"date": "2021-04-16", "symbol": "002231.SZ", "eps": 0.0319, "epsEstimated": null, "time": "bmo", "revenue": 129114217.21, "revenueEstimated": null, "fiscalDateEnding": "2021-03-30", "updatedFromDate": "2023-05-17"}, {"date": "2021-04-16", "symbol": "300806.SZ", "eps": null, "epsEstimated": null, "time": "bmo", "revenue": null, "revenueEstimated": null, "fiscalDateEnding": "2021-03-31", "updatedFromDate": "2023-05-17"}, {"date": "2021-04-16", "symbol": "600426.SS", "eps": 0.75, "epsEstimated": 0.54, "time": "bmo", "revenue": 5003437442.42, "revenueEstimated": null, "fiscalDateEnding": "2021-03-30", "updatedFromDate": "2023-05-17"}, {"date": "2021-04-16", "symbol": "300790.SZ", "eps": 0.27, "epsEstimated": null, "time": "bmo", "revenue": 441243366.75, "revenueEstimated": null, "fiscalDateEnding": "2021-03-30", "updatedFromDate": "2023-08-16"}, {"date": "2021-04-16", "symbol": "002229.SZ", "eps": 0.01186, "epsEstimated": null, "time": "bmo", "revenue": 135116565.49, "revenueEstimated": null, "fiscalDateEnding": "2021-06-29", "updatedFromDate": "2023-05-17"}, {"date": "2021-04-16", "symbol": "ATRLJ-B.ST", "eps": 1.39, "epsEstimated": 2.03, "time": "bmo", "revenue": 699000000, "revenueEstimated": null, "fiscalDateEnding": "2021-03-30", "updatedFromDate": "2023-05-17"}, {"date": "2021-04-16", "symbol": "6770.TW", "eps": null, "epsEstimated": null, "time": "bmo", "revenue": null, "revenueEstimated": null, "fiscalDateEnding": "2021-03-31", "updatedFromDate": "2023-05-17"}, {"date": "2021-04-16", "symbol": "BOCH", "eps": 0.3, "epsEstimated": 0.32, "time": "bmo", "revenue": 15274000, "revenueEstimated": 16150000, "fiscalDateEnding": "2021-03-30", "updatedFromDate": "2023-05-17"}, {"date": "2021-04-16", "symbol": "CCBC", "eps": 0.26, "epsEstimated": null, "time": "bmo", "revenue": null, "revenueEstimated": null, "fiscalDateEnding": "2021-03-31", "updatedFromDate": "2023-09-29"}, {"date": "2021-04-16", "symbol": "300465.SZ", "eps": 0.04, "epsEstimated": null, "time": "bmo", "revenue": 816314099.03, "revenueEstimated": 1253000000, "fiscalDateEnding": "2021-03-30", "updatedFromDate": "2023-05-17"}, {"date": "2021-04-17", "symbol": "002167.SZ", "eps": 0.0022, "epsEstimated": null, "time": "bmo", "revenue": 255971159.23, "revenueEstimated": 792990000, "fiscalDateEnding": "2021-03-30", "updatedFromDate": "2023-05-17"}, {"date": "2021-04-17", "symbol": "DKDRF", "eps": null, "epsEstimated": null, "time": "bmo", "revenue": null, "revenueEstimated": null, "fiscalDateEnding": "2021-03-31", "updatedFromDate": "2023-05-17"}, {"date": "2021-04-17", "symbol": "ASSA.JK", "eps": 8.87, "epsEstimated": null, "time": "bmo", "revenue": 963171126912, "revenueEstimated": null, "fiscalDateEnding": "2021-03-31", "updatedFromDate": "2023-05-17"}, {"date": "2021-04-17", "symbol": "603217.SS", "eps": 0.643, "epsEstimated": null, "time": "bmo", "revenue": null, "revenueEstimated": null, "fiscalDateEnding": "2021-03-30", "updatedFromDate": "2023-05-17"}, {"date": "2021-04-17", "symbol": "603656.SS", "eps": -0.04, "epsEstimated": null, "time": "bmo", "revenue": 85952388.01, "revenueEstimated": 414810000, "fiscalDateEnding": "2021-03-30", "updatedFromDate": "2023-05-17"}, {"date": "2021-04-17", "symbol": "DECB.BR", "eps": null, "epsEstimated": null, "time": "bmo", "revenue": null, "revenueEstimated": null, "fiscalDateEnding": "2021-01-17", "updatedFromDate": "2023-05-17"}, {"date": "2021-04-17", "symbol": "NWMD.TA", "eps": null, "epsEstimated": null, "time": "bmo", "revenue": null, "revenueEstimated": null, "fiscalDateEnding": "2021-03-31", "updatedFromDate": "2023-08-02"}, {"date": "2021-04-17", "symbol": "SGRO.JK", "eps": 114.98, "epsEstimated": null, "time": "bmo", "revenue": 1330398000000, "revenueEstimated": null, "fiscalDateEnding": "2021-03-30", "updatedFromDate": "2023-05-17"}, {"date": "2021-04-17", "symbol": "600517.SS", "eps": 0.04, "epsEstimated": null, "time": "bmo", "revenue": 756556011.26, "revenueEstimated": null, "fiscalDateEnding": "2021-03-30", "updatedFromDate": "2023-05-17"}, {"date": "2021-04-17", "symbol": "300690.SZ", "eps": null, "epsEstimated": null, "time": "bmo", "revenue": null, "revenueEstimated": 1118000000, "fiscalDateEnding": "2021-03-31", "updatedFromDate": "2023-05-17"}, {"date": "2021-04-17", "symbol": "300625.SZ", "eps": null, "epsEstimated": null, "time": "bmo", "revenue": null, "revenueEstimated": 2557000000, "fiscalDateEnding": "2021-03-31", "updatedFromDate": "2023-05-17"}, {"date": "2021-04-17", "symbol": "002843.SZ", "eps": 0.07, "epsEstimated": null, "time": "bmo", "revenue": 127516743, "revenueEstimated": 2982000000, "fiscalDateEnding": "2021-03-30", "updatedFromDate": "2023-05-17"}, {"date": "2021-04-17", "symbol": "HDB", "eps": 0.63, "epsEstimated": 0.61, "time": "bmo", "revenue": 268262500000, "revenueEstimated": 234783570000, "fiscalDateEnding": "2021-03-31", "updatedFromDate": "2023-09-29"}, {"date": "2021-04-17", "symbol": "300193.SZ", "eps": null, "epsEstimated": null, "time": "bmo", "revenue": null, "revenueEstimated": 915000000, "fiscalDateEnding": "2021-03-31", "updatedFromDate": "2023-05-17"}]}