{"result": [{"date": "2021-05-15", "symbol": "WEX.V", "eps": null, "epsEstimated": null, "time": "bmo", "revenue": null, "revenueEstimated": null, "fiscalDateEnding": "2021-03-31", "updatedFromDate": "2023-05-17"}, {"date": "2021-05-15", "symbol": "088800.KQ", "eps": null, "epsEstimated": null, "time": "bmo", "revenue": null, "revenueEstimated": null, "fiscalDateEnding": "2021-03-31", "updatedFromDate": "2023-05-17"}, {"date": "2021-05-15", "symbol": "PLNTQ", "eps": null, "epsEstimated": null, "time": "bmo", "revenue": null, "revenueEstimated": null, "fiscalDateEnding": "2021-03-31", "updatedFromDate": "2023-05-17"}, {"date": "2021-05-15", "symbol": "BTGGF", "eps": null, "epsEstimated": null, "time": "bmo", "revenue": null, "revenueEstimated": null, "fiscalDateEnding": "2021-03-31", "updatedFromDate": "2023-05-17"}, {"date": "2021-05-15", "symbol": "GLKFF", "eps": null, "epsEstimated": null, "time": "bmo", "revenue": null, "revenueEstimated": null, "fiscalDateEnding": "2021-03-31", "updatedFromDate": "2023-05-17"}, {"date": "2021-05-15", "symbol": "009180.KS", "eps": 135, "epsEstimated": null, "time": "bmo", "revenue": 173483521280, "revenueEstimated": null, "fiscalDateEnding": "2021-02-15", "updatedFromDate": "2023-05-17"}, {"date": "2021-05-15", "symbol": "LSRG.ME", "eps": 56.94, "epsEstimated": null, "time": "bmo", "revenue": 54821000000, "revenueEstimated": null, "fiscalDateEnding": "2021-02-15", "updatedFromDate": "2023-05-17"}, {"date": "2021-05-15", "symbol": "000935.SZ", "eps": 0.27, "epsEstimated": null, "time": "bmo", "revenue": 246792333.15, "revenueEstimated": null, "fiscalDateEnding": "2021-03-30", "updatedFromDate": "2023-05-17"}, {"date": "2021-05-15", "symbol": "2401.TW", "eps": 0.3696, "epsEstimated": null, "time": "bmo", "revenue": 1698327000, "revenueEstimated": null, "fiscalDateEnding": "2021-03-31", "updatedFromDate": "2023-08-17"}, {"date": "2021-05-15", "symbol": "VQLA.VI", "eps": null, "epsEstimated": null, "time": "bmo", "revenue": null, "revenueEstimated": null, "fiscalDateEnding": "2021-03-31", "updatedFromDate": "2023-05-17"}, {"date": "2021-05-15", "symbol": "PEHA.JK", "eps": 8.52, "epsEstimated": null, "time": "bmo", "revenue": 225291130000, "revenueEstimated": null, "fiscalDateEnding": "2021-03-30", "updatedFromDate": "2023-05-17"}, {"date": "2021-05-15", "symbol": "ETG.TO", "eps": -0.00775, "epsEstimated": null, "time": "bmo", "revenue": null, "revenueEstimated": null, "fiscalDateEnding": "2021-03-31", "updatedFromDate": "2023-10-16"}, {"date": "2021-05-15", "symbol": "EMBC", "eps": 1.89, "epsEstimated": null, "time": "bmo", "revenue": 284200000, "revenueEstimated": null, "fiscalDateEnding": "2021-03-31", "updatedFromDate": "2023-09-29"}, {"date": "2021-05-15", "symbol": "TVPC", "eps": null, "epsEstimated": null, "time": "bmo", "revenue": null, "revenueEstimated": null, "fiscalDateEnding": "2021-03-31", "updatedFromDate": "2023-05-17"}, {"date": "2021-05-15", "symbol": "8202.T", "eps": -8.51055, "epsEstimated": null, "time": "bmo", "revenue": 15271000000, "revenueEstimated": null, "fiscalDateEnding": "2021-03-31", "updatedFromDate": "2023-10-16"}, {"date": "2021-05-15", "symbol": "DXR", "eps": null, "epsEstimated": null, "time": "bmo", "revenue": null, "revenueEstimated": null, "fiscalDateEnding": "2021-02-15", "updatedFromDate": "2023-05-17"}, {"date": "2021-05-15", "symbol": "BFG.ST", "eps": null, "epsEstimated": null, "time": "bmo", "revenue": null, "revenueEstimated": null, "fiscalDateEnding": "2021-03-30", "updatedFromDate": "2023-08-16"}, {"date": "2021-05-15", "symbol": "LDF.F", "eps": null, "epsEstimated": null, "time": "bmo", "revenue": null, "revenueEstimated": null, "fiscalDateEnding": "2021-03-31", "updatedFromDate": "2023-05-17"}, {"date": "2021-05-15", "symbol": "3346.TW", "eps": 0.47, "epsEstimated": 0.79, "time": "bmo", "revenue": 1503396000, "revenueEstimated": null, "fiscalDateEnding": "2021-03-30", "updatedFromDate": "2023-08-16"}, {"date": "2021-05-15", "symbol": "336260.KS", "eps": -52, "epsEstimated": 34.5, "time": "bmo", "revenue": 71983281770, "revenueEstimated": null, "fiscalDateEnding": "2021-03-30", "updatedFromDate": "2023-05-17"}, {"date": "2021-05-15", "symbol": "2375.TW", "eps": 2.24, "epsEstimated": null, "time": "bmo", "revenue": 1716545000, "revenueEstimated": null, "fiscalDateEnding": "2021-03-30", "updatedFromDate": "2023-05-17"}, {"date": "2021-05-15", "symbol": "101490.KQ", "eps": null, "epsEstimated": null, "time": "bmo", "revenue": null, "revenueEstimated": null, "fiscalDateEnding": "2021-03-31", "updatedFromDate": "2023-05-17"}, {"date": "2021-05-15", "symbol": "1444.TW", "eps": 0.08, "epsEstimated": 0.02, "time": "bmo", "revenue": 2202304000, "revenueEstimated": null, "fiscalDateEnding": "2021-03-30", "updatedFromDate": "2023-05-17"}, {"date": "2021-05-15", "symbol": "6477.TW", "eps": 0.09, "epsEstimated": 0.46, "time": "bmo", "revenue": 192817000, "revenueEstimated": null, "fiscalDateEnding": "2021-03-30", "updatedFromDate": "2023-08-16"}, {"date": "2021-05-15", "symbol": "029960.KQ", "eps": null, "epsEstimated": null, "time": "bmo", "revenue": null, "revenueEstimated": null, "fiscalDateEnding": "2021-03-31", "updatedFromDate": "2023-05-17"}, {"date": "2021-05-15", "symbol": "6443.TW", "eps": 0.0041, "epsEstimated": 0.16, "time": "bmo", "revenue": 1136833000, "revenueEstimated": null, "fiscalDateEnding": "2021-03-30", "updatedFromDate": "2023-05-17"}, {"date": "2021-05-15", "symbol": "KOMPL.OL", "eps": 1.31, "epsEstimated": null, "time": "bmo", "revenue": null, "revenueEstimated": null, "fiscalDateEnding": "2021-03-30", "updatedFromDate": "2023-08-16"}, {"date": "2021-05-15", "symbol": "WEXPF", "eps": null, "epsEstimated": null, "time": "bmo", "revenue": null, "revenueEstimated": null, "fiscalDateEnding": "2021-03-31", "updatedFromDate": "2023-05-17"}, {"date": "2021-05-15", "symbol": "214450.KQ", "eps": 1268.38, "epsEstimated": null, "time": "bmo", "revenue": null, "revenueEstimated": null, "fiscalDateEnding": "2021-03-31", "updatedFromDate": "2023-08-16"}, {"date": "2021-05-15", "symbol": "SPCG.BK", "eps": 0.69, "epsEstimated": null, "time": "bmo", "revenue": 1172702000, "revenueEstimated": null, "fiscalDateEnding": "2021-03-31", "updatedFromDate": "2023-08-25"}, {"date": "2021-05-15", "symbol": "GREE", "eps": 0.3334, "epsEstimated": null, "time": "bmo", "revenue": 11063000, "revenueEstimated": null, "fiscalDateEnding": "2021-03-31", "updatedFromDate": "2023-09-29"}, {"date": "2021-05-15", "symbol": "MTTCF", "eps": null, "epsEstimated": null, "time": "bmo", "revenue": null, "revenueEstimated": null, "fiscalDateEnding": "2021-03-31", "updatedFromDate": "2023-08-16"}, {"date": "2021-05-15", "symbol": "NETZ.NE", "eps": null, "epsEstimated": null, "time": "bmo", "revenue": null, "revenueEstimated": null, "fiscalDateEnding": "2021-03-31", "updatedFromDate": "2023-08-17"}, {"date": "2021-05-15", "symbol": "1519.TW", "eps": 0.03496, "epsEstimated": null, "time": "bmo", "revenue": 1595992000, "revenueEstimated": null, "fiscalDateEnding": "2021-03-30", "updatedFromDate": "2023-08-16"}, {"date": "2021-05-15", "symbol": "CFIN", "eps": null, "epsEstimated": null, "time": "bmo", "revenue": null, "revenueEstimated": null, "fiscalDateEnding": "2021-03-30", "updatedFromDate": "2023-05-17"}, {"date": "2021-05-15", "symbol": "NETM-B.ST", "eps": -0.11533, "epsEstimated": null, "time": "bmo", "revenue": 9295000, "revenueEstimated": null, "fiscalDateEnding": "2021-03-31", "updatedFromDate": "2023-08-16"}, {"date": "2021-05-15", "symbol": "PRINC.BK", "eps": -0.047, "epsEstimated": null, "time": "bmo", "revenue": 722953976, "revenueEstimated": null, "fiscalDateEnding": "2021-03-30", "updatedFromDate": "2023-05-17"}, {"date": "2021-05-15", "symbol": "6070.T", "eps": null, "epsEstimated": null, "time": "bmo", "revenue": null, "revenueEstimated": null, "fiscalDateEnding": "2021-02-15", "updatedFromDate": "2023-10-17"}, {"date": "2021-05-15", "symbol": "178320.KQ", "eps": null, "epsEstimated": null, "time": "bmo", "revenue": null, "revenueEstimated": null, "fiscalDateEnding": "2021-03-31", "updatedFromDate": "2023-05-17"}, {"date": "2021-05-15", "symbol": "AS.BK", "eps": 0.2478, "epsEstimated": null, "time": "bmo", "revenue": 429625000, "revenueEstimated": null, "fiscalDateEnding": "2021-03-30", "updatedFromDate": "2023-05-17"}, {"date": "2021-05-15", "symbol": "OFSTF", "eps": null, "epsEstimated": null, "time": "bmo", "revenue": null, "revenueEstimated": null, "fiscalDateEnding": "2021-02-15", "updatedFromDate": "2023-10-17"}, {"date": "2021-05-15", "symbol": "2358.TW", "eps": -0.032, "epsEstimated": null, "time": "bmo", "revenue": 379984000, "revenueEstimated": null, "fiscalDateEnding": "2021-03-30", "updatedFromDate": "2023-08-16"}, {"date": "2021-05-16", "symbol": "GG.MI", "eps": null, "epsEstimated": null, "time": "bmo", "revenue": null, "revenueEstimated": null, "fiscalDateEnding": "2021-03-31", "updatedFromDate": "2023-05-24"}, {"date": "2021-05-16", "symbol": "600165.SS", "eps": -0.0202, "epsEstimated": null, "time": "bmo", "revenue": 43447829.85, "revenueEstimated": 1623000000, "fiscalDateEnding": "2021-02-16", "updatedFromDate": "2023-05-17"}, {"date": "2021-05-16", "symbol": "6223.TWO", "eps": 1.47, "epsEstimated": null, "time": "bmo", "revenue": 1424166000, "revenueEstimated": null, "fiscalDateEnding": "2021-03-30", "updatedFromDate": "2023-08-16"}, {"date": "2021-05-16", "symbol": "IDK.CN", "eps": null, "epsEstimated": null, "time": "bmo", "revenue": null, "revenueEstimated": null, "fiscalDateEnding": "2021-02-16", "updatedFromDate": "2023-10-16"}, {"date": "2021-05-16", "symbol": "138040.KS", "eps": 1309, "epsEstimated": null, "time": "bmo", "revenue": 1026614623710, "revenueEstimated": null, "fiscalDateEnding": "2021-03-31", "updatedFromDate": "2023-10-16"}, {"date": "2021-05-16", "symbol": "VTWRF", "eps": null, "epsEstimated": 0.34, "time": "bmo", "revenue": null, "revenueEstimated": null, "fiscalDateEnding": "2021-09-30", "updatedFromDate": "2023-08-16"}, {"date": "2021-05-16", "symbol": "BRDCF", "eps": 405.1, "epsEstimated": 58.18, "time": "bmo", "revenue": null, "revenueEstimated": null, "fiscalDateEnding": "2021-03-31", "updatedFromDate": "2023-05-17"}, {"date": "2021-05-16", "symbol": "FTROF", "eps": null, "epsEstimated": 0.04, "time": "bmo", "revenue": null, "revenueEstimated": null, "fiscalDateEnding": "2021-03-31", "updatedFromDate": "2023-05-17"}, {"date": "2021-05-16", "symbol": "NRTZF", "eps": 87.64, "epsEstimated": null, "time": "bmo", "revenue": null, "revenueEstimated": null, "fiscalDateEnding": "2021-03-31", "updatedFromDate": "2023-05-17"}, {"date": "2021-05-16", "symbol": "GNIIF", "eps": 9.5, "epsEstimated": null, "time": "bmo", "revenue": null, "revenueEstimated": null, "fiscalDateEnding": "2021-03-31", "updatedFromDate": "2023-05-17"}, {"date": "2021-05-16", "symbol": "FBIO", "eps": -0.11, "epsEstimated": -0.17, "time": "bmo", "revenue": 11587000, "revenueEstimated": 11587000, "fiscalDateEnding": "2021-03-30", "updatedFromDate": "2023-09-29"}, {"date": "2021-05-16", "symbol": "DITTO.BK", "eps": 0.07842, "epsEstimated": null, "time": "bmo", "revenue": 257817000, "revenueEstimated": null, "fiscalDateEnding": "2021-03-30", "updatedFromDate": "2023-05-17"}, {"date": "2021-05-16", "symbol": "DTPKF", "eps": null, "epsEstimated": null, "time": "bmo", "revenue": null, "revenueEstimated": null, "fiscalDateEnding": "2021-03-31", "updatedFromDate": "2023-05-17"}, {"date": "2021-05-16", "symbol": "MBFJF", "eps": 13.23, "epsEstimated": null, "time": "bmo", "revenue": null, "revenueEstimated": null, "fiscalDateEnding": "2021-03-31", "updatedFromDate": "2023-05-17"}, {"date": "2021-05-16", "symbol": "ZGBEF", "eps": null, "epsEstimated": null, "time": "bmo", "revenue": null, "revenueEstimated": null, "fiscalDateEnding": "2021-03-31", "updatedFromDate": "2023-05-17"}, {"date": "2021-05-16", "symbol": "2867.TW", "eps": 0.632, "epsEstimated": null, "time": "bmo", "revenue": 44105027000, "revenueEstimated": null, "fiscalDateEnding": "2021-03-30", "updatedFromDate": "2023-05-17"}, {"date": "2021-05-16", "symbol": "204270.KQ", "eps": null, "epsEstimated": null, "time": "bmo", "revenue": null, "revenueEstimated": null, "fiscalDateEnding": "2021-03-31", "updatedFromDate": "2023-05-17"}, {"date": "2021-05-16", "symbol": "MIUFF", "eps": 16.59, "epsEstimated": null, "time": "bmo", "revenue": null, "revenueEstimated": null, "fiscalDateEnding": "2021-03-31", "updatedFromDate": "2023-05-17"}, {"date": "2021-05-16", "symbol": "UPP.AE", "eps": null, "epsEstimated": null, "time": "bmo", "revenue": null, "revenueEstimated": null, "fiscalDateEnding": "2021-03-31", "updatedFromDate": "2023-05-17"}, {"date": "2021-05-16", "symbol": "RYAOF", "eps": -0.25, "epsEstimated": -0.32, "time": "bmo", "revenue": null, "revenueEstimated": null, "fiscalDateEnding": "2021-03-31", "updatedFromDate": "2023-05-17"}, {"date": "2021-05-16", "symbol": "3081.TWO", "eps": 2.12, "epsEstimated": 2.07, "time": "bmo", "revenue": 603995000, "revenueEstimated": null, "fiscalDateEnding": "2021-03-31", "updatedFromDate": "2023-08-16"}, {"date": "2021-05-16", "symbol": "SZLSF", "eps": -0.11157, "epsEstimated": null, "time": "bmo", "revenue": 2476825, "revenueEstimated": null, "fiscalDateEnding": "2021-03-31", "updatedFromDate": "2023-09-29"}, {"date": "2021-05-16", "symbol": "SMGBF", "eps": null, "epsEstimated": null, "time": "bmo", "revenue": null, "revenueEstimated": null, "fiscalDateEnding": "2021-03-31", "updatedFromDate": "2023-05-17"}, {"date": "2021-05-16", "symbol": "LOMLF", "eps": -0.00491, "epsEstimated": null, "time": "bmo", "revenue": null, "revenueEstimated": null, "fiscalDateEnding": "2021-03-31", "updatedFromDate": "2023-08-17"}, {"date": "2021-05-16", "symbol": "NSFMF", "eps": 9.27, "epsEstimated": 4.2, "time": "bmo", "revenue": null, "revenueEstimated": null, "fiscalDateEnding": "2021-09-30", "updatedFromDate": "2023-05-17"}, {"date": "2021-05-16", "symbol": "SZLS.TO", "eps": -0.11157, "epsEstimated": null, "time": "bmo", "revenue": 2476825, "revenueEstimated": null, "fiscalDateEnding": "2021-03-31", "updatedFromDate": "2023-10-16"}, {"date": "2021-05-16", "symbol": "ROMJF", "eps": -0.07701, "epsEstimated": null, "time": "bmo", "revenue": 4110563, "revenueEstimated": null, "fiscalDateEnding": "2021-03-31", "updatedFromDate": "2023-08-25"}, {"date": "2021-05-16", "symbol": "FYNBK.CO", "eps": 1.77, "epsEstimated": null, "time": "bmo", "revenue": 68597000, "revenueEstimated": null, "fiscalDateEnding": "2021-03-30", "updatedFromDate": "2023-07-24"}, {"date": "2021-05-16", "symbol": "ROMJ.V", "eps": null, "epsEstimated": null, "time": "bmo", "revenue": null, "revenueEstimated": null, "fiscalDateEnding": "2021-03-31", "updatedFromDate": "2023-08-16"}, {"date": "2021-05-16", "symbol": "688575.SS", "eps": 0.07143, "epsEstimated": null, "time": "bmo", "revenue": 235564586.64, "revenueEstimated": null, "fiscalDateEnding": "2021-03-30", "updatedFromDate": "2023-05-17"}, {"date": "2021-05-16", "symbol": "GFSA3.SA", "eps": null, "epsEstimated": null, "time": "bmo", "revenue": null, "revenueEstimated": null, "fiscalDateEnding": "2021-02-16", "updatedFromDate": "2023-05-17"}, {"date": "2021-05-16", "symbol": "IDKFF", "eps": null, "epsEstimated": null, "time": "amc", "revenue": null, "revenueEstimated": null, "fiscalDateEnding": "2021-06-30", "updatedFromDate": "2023-05-17"}, {"date": "2021-05-16", "symbol": "JDLGF", "eps": null, "epsEstimated": null, "time": "bmo", "revenue": null, "revenueEstimated": null, "fiscalDateEnding": "2021-03-31", "updatedFromDate": "2023-08-25"}, {"date": "2021-05-16", "symbol": "LIO.V", "eps": -0.00498, "epsEstimated": null, "time": "bmo", "revenue": null, "revenueEstimated": null, "fiscalDateEnding": "2021-02-16", "updatedFromDate": "2023-10-16"}, {"date": "2021-05-16", "symbol": "ROV.CO", "eps": null, "epsEstimated": null, "time": "bmo", "revenue": null, "revenueEstimated": null, "fiscalDateEnding": "2021-06-30", "updatedFromDate": "2023-10-17"}, {"date": "2021-05-17", "symbol": "NXTD", "eps": -0.8761, "epsEstimated": null, "time": "bmo", "revenue": 2438682, "revenueEstimated": null, "fiscalDateEnding": "2021-03-30", "updatedFromDate": "2023-05-17"}, {"date": "2021-05-17", "symbol": "111110.KS", "eps": -209, "epsEstimated": 93.45, "time": "bmo", "revenue": 53295737650, "revenueEstimated": null, "fiscalDateEnding": "2021-02-17", "updatedFromDate": "2023-05-17"}, {"date": "2021-05-17", "symbol": "MMND", "eps": 0.00105, "epsEstimated": null, "time": "bmo", "revenue": 932753, "revenueEstimated": null, "fiscalDateEnding": "2021-03-30", "updatedFromDate": "2023-09-29"}, {"date": "2021-05-17", "symbol": "AH.BK", "eps": 1.16, "epsEstimated": null, "time": "bmo", "revenue": 5586311000, "revenueEstimated": null, "fiscalDateEnding": "2021-03-31", "updatedFromDate": "2023-08-25"}, {"date": "2021-05-17", "symbol": "CGA", "eps": -2.33, "epsEstimated": null, "time": "bmo", "revenue": 86068404, "revenueEstimated": null, "fiscalDateEnding": "2021-03-30", "updatedFromDate": "2023-09-29"}, {"date": "2021-05-17", "symbol": "UAVS", "eps": -0.05, "epsEstimated": null, "time": "bmo", "revenue": 1701592, "revenueEstimated": null, "fiscalDateEnding": "2021-03-30", "updatedFromDate": "2023-09-29"}, {"date": "2021-05-17", "symbol": "005960.KS", "eps": 919.33, "epsEstimated": null, "time": "bmo", "revenue": 257970018920, "revenueEstimated": null, "fiscalDateEnding": "2021-03-30", "updatedFromDate": "2023-05-17"}, {"date": "2021-05-17", "symbol": "PRPL", "eps": 0.17, "epsEstimated": 0.31, "time": "bmo", "revenue": 186429000, "revenueEstimated": 146479928, "fiscalDateEnding": "2021-03-30", "updatedFromDate": "2023-09-29"}, {"date": "2021-05-17", "symbol": "XSPA", "eps": -0.01, "epsEstimated": -0.05, "time": "amc", "revenue": 8512000, "revenueEstimated": 13789439, "fiscalDateEnding": "2021-03-30", "updatedFromDate": "2023-08-25"}, {"date": "2021-05-17", "symbol": "NAC", "eps": null, "epsEstimated": null, "time": "bmo", "revenue": null, "revenueEstimated": null, "fiscalDateEnding": "2021-02-17", "updatedFromDate": "2023-10-17"}, {"date": "2021-05-17", "symbol": "016800.KS", "eps": 1342, "epsEstimated": null, "time": "bmo", "revenue": 82032574840, "revenueEstimated": null, "fiscalDateEnding": "2021-02-17", "updatedFromDate": "2023-05-17"}, {"date": "2021-05-17", "symbol": "042660.KS", "eps": -2244, "epsEstimated": 338, "time": "bmo", "revenue": 1069416915690, "revenueEstimated": null, "fiscalDateEnding": "2021-02-17", "updatedFromDate": "2023-05-17"}, {"date": "2021-05-17", "symbol": "IFCM3.SA", "eps": -0.05735, "epsEstimated": null, "time": "bmo", "revenue": 79177000, "revenueEstimated": null, "fiscalDateEnding": "2021-02-17", "updatedFromDate": "2023-05-17"}, {"date": "2021-05-17", "symbol": "MNHFF", "eps": null, "epsEstimated": null, "time": "bmo", "revenue": null, "revenueEstimated": null, "fiscalDateEnding": "2021-03-31", "updatedFromDate": "2023-05-17"}, {"date": "2021-05-17", "symbol": "TKOI", "eps": -0.01, "epsEstimated": null, "time": "amc", "revenue": 1294209, "revenueEstimated": null, "fiscalDateEnding": "2021-03-30", "updatedFromDate": "2023-09-29"}, {"date": "2021-05-17", "symbol": "MINM", "eps": -0.5, "epsEstimated": null, "time": "bmo", "revenue": 14893145, "revenueEstimated": null, "fiscalDateEnding": "2021-02-17", "updatedFromDate": "2023-09-29"}, {"date": "2021-05-17", "symbol": "TOURN.ST", "eps": 0.25, "epsEstimated": null, "time": "bmo", "revenue": 19526711, "revenueEstimated": null, "fiscalDateEnding": "2021-03-30", "updatedFromDate": "2023-05-17"}, {"date": "2021-05-17", "symbol": "CAPC", "eps": -0.01, "epsEstimated": null, "time": "amc", "revenue": 438423, "revenueEstimated": null, "fiscalDateEnding": "2021-03-30", "updatedFromDate": "2023-09-29"}, {"date": "2021-05-17", "symbol": "3665.TW", "eps": 2.25, "epsEstimated": 2.96, "time": "bmo", "revenue": 6134214000, "revenueEstimated": null, "fiscalDateEnding": "2021-03-30", "updatedFromDate": "2023-05-17"}, {"date": "2021-05-17", "symbol": "PRT", "eps": 0.09, "epsEstimated": 0.09, "time": "bmo", "revenue": 1289702, "revenueEstimated": 1289702, "fiscalDateEnding": "2021-03-30", "updatedFromDate": "2023-09-29"}, {"date": "2021-05-17", "symbol": "GRAMF", "eps": 0.92, "epsEstimated": -0.11, "time": "bmo", "revenue": 39917388, "revenueEstimated": null, "fiscalDateEnding": "2021-03-31", "updatedFromDate": "2023-05-17"}, {"date": "2021-05-17", "symbol": "NDRA", "eps": -1.2, "epsEstimated": -1.4, "time": "amc", "revenue": null, "revenueEstimated": null, "fiscalDateEnding": "2021-03-30", "updatedFromDate": "2023-09-29"}, {"date": "2021-05-17", "symbol": "CLVR", "eps": -10.81, "epsEstimated": null, "time": "amc", "revenue": 3477000, "revenueEstimated": null, "fiscalDateEnding": "2021-03-30", "updatedFromDate": "2023-09-29"}, {"date": "2021-05-17", "symbol": "PVL", "eps": 0.00591, "epsEstimated": null, "time": "amc", "revenue": 4196655, "revenueEstimated": null, "fiscalDateEnding": "2021-03-29", "updatedFromDate": "2023-09-29"}, {"date": "2021-05-17", "symbol": "GSM", "eps": -0.24, "epsEstimated": -0.22, "time": "amc", "revenue": 361390000, "revenueEstimated": 325251000, "fiscalDateEnding": "2021-03-31", "updatedFromDate": "2023-09-29"}, {"date": "2021-05-17", "symbol": "017810.KS", "eps": 282, "epsEstimated": 121, "time": "bmo", "revenue": 635081238370, "revenueEstimated": null, "fiscalDateEnding": "2021-02-17", "updatedFromDate": "2023-05-17"}, {"date": "2021-05-17", "symbol": "020560.KS", "eps": -4292, "epsEstimated": -457, "time": "bmo", "revenue": 985007479050, "revenueEstimated": null, "fiscalDateEnding": "2021-02-17", "updatedFromDate": "2023-05-17"}, {"date": "2021-05-17", "symbol": "138930.KS", "eps": 570, "epsEstimated": 506.1, "time": "bmo", "revenue": 896065568450, "revenueEstimated": null, "fiscalDateEnding": "2021-03-30", "updatedFromDate": "2023-05-17"}, {"date": "2021-05-17", "symbol": "AERG", "eps": -0.01, "epsEstimated": null, "time": "bmo", "revenue": null, "revenueEstimated": null, "fiscalDateEnding": "2021-03-30", "updatedFromDate": "2023-09-29"}, {"date": "2021-05-17", "symbol": "036460.KS", "eps": 5977, "epsEstimated": 6696.2, "time": "bmo", "revenue": 4840944665640, "revenueEstimated": null, "fiscalDateEnding": "2021-02-17", "updatedFromDate": "2023-05-17"}, {"date": "2021-05-17", "symbol": "PRDS", "eps": -0.07985, "epsEstimated": null, "time": "bmo", "revenue": null, "revenueEstimated": null, "fiscalDateEnding": "2021-03-30", "updatedFromDate": "2023-09-29"}, {"date": "2021-05-17", "symbol": "SNGX", "eps": -0.9, "epsEstimated": -1.65, "time": "bmo", "revenue": 147593, "revenueEstimated": 560000, "fiscalDateEnding": "2021-03-30", "updatedFromDate": "2023-10-10"}, {"date": "2021-05-17", "symbol": "TGHI", "eps": -0.01, "epsEstimated": null, "time": "bmo", "revenue": 32000, "revenueEstimated": null, "fiscalDateEnding": "2021-03-30", "updatedFromDate": "2023-09-29"}, {"date": "2021-05-17", "symbol": "271560.KS", "eps": 1811, "epsEstimated": 1909.39, "time": "bmo", "revenue": 501729853000, "revenueEstimated": null, "fiscalDateEnding": "2021-02-17", "updatedFromDate": "2023-05-17"}, {"date": "2021-05-17", "symbol": "221840.KQ", "eps": null, "epsEstimated": null, "time": "bmo", "revenue": null, "revenueEstimated": null, "fiscalDateEnding": "2021-03-31", "updatedFromDate": "2023-05-17"}, {"date": "2021-05-17", "symbol": "PYR", "eps": 0.02, "epsEstimated": null, "time": "bmo", "revenue": 6264503, "revenueEstimated": null, "fiscalDateEnding": "2021-03-31", "updatedFromDate": "2023-09-29"}, {"date": "2021-05-17", "symbol": "005610.KS", "eps": 769, "epsEstimated": 783, "time": "bmo", "revenue": 652540817230, "revenueEstimated": null, "fiscalDateEnding": "2021-03-30", "updatedFromDate": "2023-05-17"}, {"date": "2021-05-17", "symbol": "WF", "eps": 2.43, "epsEstimated": null, "time": "bmo", "revenue": 2266547000000, "revenueEstimated": null, "fiscalDateEnding": "2021-03-31", "updatedFromDate": "2023-09-29"}, {"date": "2021-05-17", "symbol": "AIV", "eps": 0.14, "epsEstimated": 0.07, "time": "bmo", "revenue": 39804000, "revenueEstimated": 205700000, "fiscalDateEnding": "2021-03-30", "updatedFromDate": "2023-09-29"}, {"date": "2021-05-17", "symbol": "CREX", "eps": 0.33, "epsEstimated": null, "time": "amc", "revenue": 5004000, "revenueEstimated": null, "fiscalDateEnding": "2021-03-30", "updatedFromDate": "2023-09-29"}, {"date": "2021-05-17", "symbol": "256150.KQ", "eps": null, "epsEstimated": null, "time": "bmo", "revenue": null, "revenueEstimated": null, "fiscalDateEnding": "2021-03-31", "updatedFromDate": "2023-08-02"}, {"date": "2021-05-17", "symbol": "ANNX", "eps": -0.68, "epsEstimated": -0.6, "time": "bmo", "revenue": null, "revenueEstimated": null, "fiscalDateEnding": "2021-03-30", "updatedFromDate": "2023-09-29"}, {"date": "2021-05-17", "symbol": "PLAG", "eps": -0.08, "epsEstimated": null, "time": "amc", "revenue": 2236143, "revenueEstimated": null, "fiscalDateEnding": "2021-03-30", "updatedFromDate": "2023-09-29"}, {"date": "2021-05-17", "symbol": "ARZGY", "eps": null, "epsEstimated": null, "time": "bmo", "revenue": null, "revenueEstimated": null, "fiscalDateEnding": "2021-02-17", "updatedFromDate": "2023-05-17"}, {"date": "2021-05-17", "symbol": "017800.KS", "eps": 352, "epsEstimated": null, "time": "bmo", "revenue": 447868479620, "revenueEstimated": null, "fiscalDateEnding": "2021-03-30", "updatedFromDate": "2023-05-17"}, {"date": "2021-05-17", "symbol": "UNRV", "eps": -0.0508, "epsEstimated": null, "time": "amc", "revenue": 5112000, "revenueEstimated": null, "fiscalDateEnding": "2021-03-30", "updatedFromDate": "2023-09-29"}, {"date": "2021-05-17", "symbol": "ACTG", "eps": -0.19, "epsEstimated": 0.05, "time": "bmo", "revenue": 5803000, "revenueEstimated": 3750000, "fiscalDateEnding": "2021-03-30", "updatedFromDate": "2023-09-29"}, {"date": "2021-05-17", "symbol": "OBCI", "eps": 0.2008, "epsEstimated": null, "time": "bmo", "revenue": 13131224, "revenueEstimated": null, "fiscalDateEnding": "2021-03-30", "updatedFromDate": "2023-05-17"}, {"date": "2021-05-17", "symbol": "CDZI", "eps": -0.16, "epsEstimated": -0.14, "time": "bmo", "revenue": 139000, "revenueEstimated": 59640000, "fiscalDateEnding": "2021-03-30", "updatedFromDate": "2023-09-29"}, {"date": "2021-05-17", "symbol": "VRPX", "eps": -0.60309, "epsEstimated": null, "time": "bmo", "revenue": null, "revenueEstimated": null, "fiscalDateEnding": "2021-03-30", "updatedFromDate": "2023-09-29"}, {"date": "2021-05-17", "symbol": "VCNX", "eps": -3.9, "epsEstimated": -5.85, "time": "bmo", "revenue": 850000, "revenueEstimated": null, "fiscalDateEnding": "2021-03-30", "updatedFromDate": "2023-09-29"}, {"date": "2021-05-17", "symbol": "INLX", "eps": 0.02, "epsEstimated": 0.005, "time": "bmo", "revenue": 2635219, "revenueEstimated": 68779215, "fiscalDateEnding": "2021-03-30", "updatedFromDate": "2023-09-29"}, {"date": "2021-05-17", "symbol": "SKREF", "eps": null, "epsEstimated": null, "time": "bmo", "revenue": null, "revenueEstimated": null, "fiscalDateEnding": "2021-03-31", "updatedFromDate": "2023-05-17"}, {"date": "2021-05-17", "symbol": "079550.KS", "eps": 918, "epsEstimated": 511, "time": "bmo", "revenue": 439880720260, "revenueEstimated": null, "fiscalDateEnding": "2021-02-17", "updatedFromDate": "2023-05-17"}, {"date": "2021-05-17", "symbol": "REED", "eps": -2.5, "epsEstimated": -1.5, "time": "amc", "revenue": 12146000, "revenueEstimated": 10020449.25, "fiscalDateEnding": "2021-03-30", "updatedFromDate": "2023-09-29"}, {"date": "2021-05-17", "symbol": "4845.T", "eps": 146.84, "epsEstimated": null, "time": "bmo", "revenue": null, "revenueEstimated": null, "fiscalDateEnding": "2021-02-17", "updatedFromDate": "2023-10-17"}, {"date": "2021-05-17", "symbol": "005440.KS", "eps": 342, "epsEstimated": 425, "time": "bmo", "revenue": 859637167000, "revenueEstimated": null, "fiscalDateEnding": "2021-02-17", "updatedFromDate": "2023-05-17"}, {"date": "2021-05-17", "symbol": "PRKR", "eps": -0.04, "epsEstimated": null, "time": "amc", "revenue": null, "revenueEstimated": null, "fiscalDateEnding": "2021-03-30", "updatedFromDate": "2023-09-29"}, {"date": "2021-05-17", "symbol": "034830.KS", "eps": 96, "epsEstimated": null, "time": "bmo", "revenue": 42560148410, "revenueEstimated": null, "fiscalDateEnding": "2021-03-30", "updatedFromDate": "2023-05-17"}, {"date": "2021-05-17", "symbol": "BLDE", "eps": -0.33, "epsEstimated": null, "time": "amc", "revenue": 9273000, "revenueEstimated": null, "fiscalDateEnding": "2021-03-30", "updatedFromDate": "2023-09-29"}, {"date": "2021-05-17", "symbol": "8040.SR", "eps": 0.02134, "epsEstimated": null, "time": "bmo", "revenue": 114167065, "revenueEstimated": null, "fiscalDateEnding": "2021-06-29", "updatedFromDate": "2023-05-17"}, {"date": "2021-05-17", "symbol": "181710.KS", "eps": 525.5, "epsEstimated": 573.51, "time": "bmo", "revenue": 461655919110, "revenueEstimated": null, "fiscalDateEnding": "2021-02-17", "updatedFromDate": "2023-05-17"}, {"date": "2021-05-17", "symbol": "ZEV", "eps": -5.64, "epsEstimated": -0.5, "time": "bmo", "revenue": 4591000, "revenueEstimated": null, "fiscalDateEnding": "2021-03-30", "updatedFromDate": "2023-09-29"}, {"date": "2021-05-17", "symbol": "020150.KS", "eps": 337, "epsEstimated": 334.12, "time": "bmo", "revenue": 171100278100, "revenueEstimated": null, "fiscalDateEnding": "2021-02-17", "updatedFromDate": "2023-05-17"}, {"date": "2021-05-17", "symbol": "KNTE", "eps": -0.4, "epsEstimated": -0.37, "time": "bmo", "revenue": null, "revenueEstimated": null, "fiscalDateEnding": "2021-03-30", "updatedFromDate": "2023-09-29"}, {"date": "2021-05-17", "symbol": "004060.KS", "eps": -20, "epsEstimated": null, "time": "bmo", "revenue": 33099847610, "revenueEstimated": null, "fiscalDateEnding": "2021-02-17", "updatedFromDate": "2023-05-17"}, {"date": "2021-05-17", "symbol": "4203.T", "eps": 29.86, "epsEstimated": null, "time": "bmo", "revenue": null, "revenueEstimated": null, "fiscalDateEnding": "2021-02-17", "updatedFromDate": "2023-10-17"}, {"date": "2021-05-17", "symbol": "244920.KS", "eps": 18.21, "epsEstimated": null, "time": "bmo", "revenue": 63930043490, "revenueEstimated": null, "fiscalDateEnding": "2021-02-17", "updatedFromDate": "2023-05-17"}, {"date": "2021-05-17", "symbol": "GRCL", "eps": 0.25, "epsEstimated": 0.21, "time": "bmo", "revenue": null, "revenueEstimated": null, "fiscalDateEnding": "2021-03-31", "updatedFromDate": "2023-09-29"}, {"date": "2021-05-17", "symbol": "COE", "eps": 0.44, "epsEstimated": 0.03143, "time": "bmo", "revenue": 91219082.345792, "revenueEstimated": 92270000, "fiscalDateEnding": "2021-03-31", "updatedFromDate": "2023-09-29"}, {"date": "2021-05-17", "symbol": "CLOV", "eps": -0.13, "epsEstimated": -0.12, "time": "bmo", "revenue": 200325000, "revenueEstimated": null, "fiscalDateEnding": "2021-03-30", "updatedFromDate": "2023-09-29"}, {"date": "2021-05-17", "symbol": "LIDDS.ST", "eps": -0.32115, "epsEstimated": null, "time": "bmo", "revenue": 149000, "revenueEstimated": null, "fiscalDateEnding": "2021-02-17", "updatedFromDate": "2023-05-17"}, {"date": "2021-05-17", "symbol": "BOMH", "eps": null, "epsEstimated": 0.03, "time": "bmo", "revenue": 2493951, "revenueEstimated": null, "fiscalDateEnding": "2021-02-17", "updatedFromDate": "2023-10-10"}, {"date": "2021-05-17", "symbol": "JOB", "eps": -0.1, "epsEstimated": null, "time": "bmo", "revenue": 34718000, "revenueEstimated": null, "fiscalDateEnding": "2021-03-30", "updatedFromDate": "2023-09-29"}, {"date": "2021-05-17", "symbol": "RAYT", "eps": 0.00306, "epsEstimated": null, "time": "amc", "revenue": 951538, "revenueEstimated": null, "fiscalDateEnding": "2021-03-30", "updatedFromDate": "2023-10-10"}, {"date": "2021-05-17", "symbol": "005830.KS", "eps": 3630, "epsEstimated": null, "time": "bmo", "revenue": 4289398850340, "revenueEstimated": null, "fiscalDateEnding": "2021-03-31", "updatedFromDate": "2023-10-16"}, {"date": "2021-05-17", "symbol": "047810.KS", "eps": 134, "epsEstimated": 121.46, "time": "bmo", "revenue": 708535433450, "revenueEstimated": null, "fiscalDateEnding": "2021-02-17", "updatedFromDate": "2023-05-17"}, {"date": "2021-05-17", "symbol": "CYTH", "eps": -0.76, "epsEstimated": null, "time": "bmo", "revenue": 358133, "revenueEstimated": null, "fiscalDateEnding": "2021-03-30", "updatedFromDate": "2023-09-29"}, {"date": "2021-05-17", "symbol": "BEAUTY.BK", "eps": -0.01175, "epsEstimated": null, "time": "bmo", "revenue": 73249822.21, "revenueEstimated": null, "fiscalDateEnding": "2021-02-17", "updatedFromDate": "2023-05-17"}, {"date": "2021-05-17", "symbol": "300720.KS", "eps": 141.1, "epsEstimated": null, "time": "bmo", "revenue": 346696882120, "revenueEstimated": null, "fiscalDateEnding": "2021-02-17", "updatedFromDate": "2023-05-17"}, {"date": "2021-05-17", "symbol": "005290.KQ", "eps": null, "epsEstimated": null, "time": "bmo", "revenue": null, "revenueEstimated": null, "fiscalDateEnding": "2021-03-31", "updatedFromDate": "2023-05-17"}, {"date": "2021-05-17", "symbol": "2002.T", "eps": 9.27, "epsEstimated": 4.2, "time": "bmo", "revenue": null, "revenueEstimated": null, "fiscalDateEnding": "2021-02-17", "updatedFromDate": "2023-10-17"}, {"date": "2021-05-17", "symbol": "353810.KQ", "eps": 91, "epsEstimated": null, "time": "bmo", "revenue": null, "revenueEstimated": null, "fiscalDateEnding": "2021-03-31", "updatedFromDate": "2023-05-17"}, {"date": "2021-05-17", "symbol": "AGRO.L", "eps": 276.79, "epsEstimated": 49, "time": "bmo", "revenue": 54438801000, "revenueEstimated": null, "fiscalDateEnding": "2021-02-17", "updatedFromDate": "2023-05-17"}, {"date": "2021-05-17", "symbol": "LPL", "eps": 0.29, "epsEstimated": 0.4, "time": "bmo", "revenue": 6882761000000, "revenueEstimated": null, "fiscalDateEnding": "2021-03-31", "updatedFromDate": "2023-09-29"}, {"date": "2021-05-17", "symbol": "VERY", "eps": -0.41, "epsEstimated": null, "time": "bmo", "revenue": 42237000, "revenueEstimated": null, "fiscalDateEnding": "2021-03-30", "updatedFromDate": "2023-09-29"}, {"date": "2021-05-17", "symbol": "6616.T", "eps": 49.85, "epsEstimated": null, "time": "bmo", "revenue": null, "revenueEstimated": null, "fiscalDateEnding": "2021-02-17", "updatedFromDate": "2023-10-17"}, {"date": "2021-05-17", "symbol": "GDMK", "eps": -0.03042, "epsEstimated": null, "time": "bmo", "revenue": 823400, "revenueEstimated": null, "fiscalDateEnding": "2021-03-30", "updatedFromDate": "2023-05-17"}, {"date": "2021-05-17", "symbol": "HYMC", "eps": -0.32, "epsEstimated": -0.51, "time": "bmo", "revenue": 19036000, "revenueEstimated": 27051157, "fiscalDateEnding": "2021-03-30", "updatedFromDate": "2023-09-29"}, {"date": "2021-05-17", "symbol": "016360.KS", "eps": 3237, "epsEstimated": 3238.68, "time": "bmo", "revenue": 631820767540, "revenueEstimated": null, "fiscalDateEnding": "2021-03-31", "updatedFromDate": "2023-10-16"}, {"date": "2021-05-17", "symbol": "105560.KS", "eps": 3161, "epsEstimated": 3097.28, "time": "bmo", "revenue": 4189323000000, "revenueEstimated": null, "fiscalDateEnding": "2021-02-17", "updatedFromDate": "2023-05-17"}, {"date": "2021-05-17", "symbol": "HWCC", "eps": 0.0095, "epsEstimated": null, "time": "amc", "revenue": 67030000, "revenueEstimated": null, "fiscalDateEnding": "2021-03-30", "updatedFromDate": "2023-05-17"}, {"date": "2021-05-17", "symbol": "PAVM", "eps": -0.08, "epsEstimated": -0.12, "time": "bmo", "revenue": null, "revenueEstimated": null, "fiscalDateEnding": "2021-03-30", "updatedFromDate": "2023-09-29"}, {"date": "2021-05-17", "symbol": "CIRX", "eps": -0.05055, "epsEstimated": null, "time": "bmo", "revenue": 700656, "revenueEstimated": null, "fiscalDateEnding": "2021-06-29", "updatedFromDate": "2023-05-17"}, {"date": "2021-05-17", "symbol": "030610.KS", "eps": 759, "epsEstimated": null, "time": "bmo", "revenue": 123991252310, "revenueEstimated": null, "fiscalDateEnding": "2021-03-31", "updatedFromDate": "2023-10-16"}, {"date": "2021-05-17", "symbol": "BMTX", "eps": -0.51, "epsEstimated": -0.24, "time": "amc", "revenue": 24383000, "revenueEstimated": 155441625, "fiscalDateEnding": "2021-03-30", "updatedFromDate": "2023-09-29"}, {"date": "2021-05-17", "symbol": "HUSA", "eps": -0.03, "epsEstimated": null, "time": "bmo", "revenue": 328488, "revenueEstimated": null, "fiscalDateEnding": "2021-03-30", "updatedFromDate": "2023-09-29"}, {"date": "2021-05-17", "symbol": "STMH", "eps": 0.06, "epsEstimated": 0.01, "time": "bmo", "revenue": 10527000, "revenueEstimated": 37897199, "fiscalDateEnding": "2021-03-30", "updatedFromDate": "2023-08-25"}, {"date": "2021-05-17", "symbol": "HSBK.IL", "eps": null, "epsEstimated": null, "time": "bmo", "revenue": null, "revenueEstimated": null, "fiscalDateEnding": "2021-03-31", "updatedFromDate": "2023-05-17"}, {"date": "2021-05-17", "symbol": "TSSI", "eps": -0.04, "epsEstimated": null, "time": "amc", "revenue": 5170000, "revenueEstimated": null, "fiscalDateEnding": "2021-03-30", "updatedFromDate": "2023-09-29"}, {"date": "2021-05-17", "symbol": "QUTIF", "eps": 0.03, "epsEstimated": 0.01, "time": "amc", "revenue": 1548391, "revenueEstimated": null, "fiscalDateEnding": "2021-03-31", "updatedFromDate": "2023-08-25"}, {"date": "2021-05-17", "symbol": "057050.KS", "eps": 4230, "epsEstimated": 2882, "time": "bmo", "revenue": 579003874970, "revenueEstimated": null, "fiscalDateEnding": "2021-03-31", "updatedFromDate": "2023-08-25"}, {"date": "2021-05-17", "symbol": "091990.KQ", "eps": 190.42, "epsEstimated": 488.42, "time": "bmo", "revenue": null, "revenueEstimated": null, "fiscalDateEnding": "2021-03-31", "updatedFromDate": "2023-05-17"}, {"date": "2021-05-17", "symbol": "BLBX", "eps": 0.00364, "epsEstimated": null, "time": "bmo", "revenue": 1489668, "revenueEstimated": null, "fiscalDateEnding": "2021-03-30", "updatedFromDate": "2023-09-29"}, {"date": "2021-05-17", "symbol": "BPCGF", "eps": 0.01, "epsEstimated": null, "time": "bmo", "revenue": 597486000, "revenueEstimated": null, "fiscalDateEnding": "2021-03-31", "updatedFromDate": "2023-08-25"}, {"date": "2021-05-17", "symbol": "ASRPF", "eps": null, "epsEstimated": null, "time": "bmo", "revenue": null, "revenueEstimated": null, "fiscalDateEnding": "2021-03-31", "updatedFromDate": "2023-05-17"}, {"date": "2021-05-17", "symbol": "LEV.TO", "eps": -0.14346, "epsEstimated": null, "time": "bmo", "revenue": 6225478, "revenueEstimated": null, "fiscalDateEnding": "2021-03-31", "updatedFromDate": "2023-05-17"}, {"date": "2021-05-17", "symbol": "VYNT", "eps": -4.25, "epsEstimated": null, "time": "bmo", "revenue": 222000, "revenueEstimated": null, "fiscalDateEnding": "2021-03-30", "updatedFromDate": "2023-09-29"}, {"date": "2021-05-17", "symbol": "BCP.LS", "eps": 0.01, "epsEstimated": null, "time": "bmo", "revenue": 597486000, "revenueEstimated": null, "fiscalDateEnding": "2021-03-31", "updatedFromDate": "2023-08-25"}, {"date": "2021-05-17", "symbol": "SECU.V", "eps": 0.006, "epsEstimated": null, "time": "bmo", "revenue": 5147511, "revenueEstimated": null, "fiscalDateEnding": "2021-03-31", "updatedFromDate": "2023-10-16"}, {"date": "2021-05-17", "symbol": "002350.KS", "eps": 186, "epsEstimated": 153.33, "time": "bmo", "revenue": 493823481680, "revenueEstimated": null, "fiscalDateEnding": "2021-03-31", "updatedFromDate": "2023-08-25"}, {"date": "2021-05-17", "symbol": "TMD.TO", "eps": 0.15, "epsEstimated": 0.1, "time": "bmo", "revenue": 50000, "revenueEstimated": null, "fiscalDateEnding": "2021-03-31", "updatedFromDate": "2023-08-25"}, {"date": "2021-05-17", "symbol": "LEAI", "eps": 0.01011, "epsEstimated": null, "time": "amc", "revenue": 2620000, "revenueEstimated": null, "fiscalDateEnding": "2021-03-30", "updatedFromDate": "2023-09-29"}, {"date": "2021-05-17", "symbol": "215000.KQ", "eps": 3488, "epsEstimated": null, "time": "bmo", "revenue": null, "revenueEstimated": null, "fiscalDateEnding": "2021-03-31", "updatedFromDate": "2023-05-17"}, {"date": "2021-05-17", "symbol": "034310.KS", "eps": 438, "epsEstimated": null, "time": "bmo", "revenue": 508551107690, "revenueEstimated": null, "fiscalDateEnding": "2021-03-30", "updatedFromDate": "2023-05-17"}, {"date": "2021-05-17", "symbol": "TBLT", "eps": -13.43, "epsEstimated": -0.08, "time": "bmo", "revenue": 12282255, "revenueEstimated": 14500000, "fiscalDateEnding": "2021-03-30", "updatedFromDate": "2023-09-29"}, {"date": "2021-05-17", "symbol": "010780.KS", "eps": 392, "epsEstimated": null, "time": "bmo", "revenue": 310227453760, "revenueEstimated": null, "fiscalDateEnding": "2021-03-31", "updatedFromDate": "2023-08-25"}, {"date": "2021-05-17", "symbol": "APT.WA", "eps": 0.3129, "epsEstimated": null, "time": "bmo", "revenue": 237418000, "revenueEstimated": null, "fiscalDateEnding": "2021-02-17", "updatedFromDate": "2023-05-17"}, {"date": "2021-05-17", "symbol": "CPMD", "eps": 0.02, "epsEstimated": null, "time": "bmo", "revenue": null, "revenueEstimated": null, "fiscalDateEnding": "2021-03-30", "updatedFromDate": "2023-09-29"}, {"date": "2021-05-17", "symbol": "SJT", "eps": 0.17, "epsEstimated": null, "time": "amc", "revenue": 8212088, "revenueEstimated": null, "fiscalDateEnding": "2021-03-30", "updatedFromDate": "2023-09-29"}, {"date": "2021-05-17", "symbol": "GNAL", "eps": -0.03, "epsEstimated": null, "time": "bmo", "revenue": 454000, "revenueEstimated": null, "fiscalDateEnding": "2021-03-30", "updatedFromDate": "2023-09-29"}, {"date": "2021-05-17", "symbol": "LEMLF", "eps": -0.01, "epsEstimated": -0.01, "time": "bmo", "revenue": null, "revenueEstimated": null, "fiscalDateEnding": "2021-03-31", "updatedFromDate": "2023-05-17"}, {"date": "2021-05-17", "symbol": "ITHUF", "eps": -0.11328, "epsEstimated": null, "time": "bmo", "revenue": 51805000, "revenueEstimated": null, "fiscalDateEnding": "2021-03-30", "updatedFromDate": "2023-05-17"}, {"date": "2021-05-17", "symbol": "001120.KS", "eps": 1700, "epsEstimated": null, "time": "bmo", "revenue": 3685179912830, "revenueEstimated": null, "fiscalDateEnding": "2021-03-30", "updatedFromDate": "2023-05-17"}, {"date": "2021-05-17", "symbol": "PARD3.SA", "eps": 0.39, "epsEstimated": 0.3, "time": "bmo", "revenue": null, "revenueEstimated": null, "fiscalDateEnding": "2021-03-31", "updatedFromDate": "2023-05-17"}, {"date": "2021-05-17", "symbol": "068270.KS", "eps": 1329.19, "epsEstimated": 998.62, "time": "bmo", "revenue": 456968796890, "revenueEstimated": null, "fiscalDateEnding": "2021-03-30", "updatedFromDate": "2023-05-17"}, {"date": "2021-05-17", "symbol": "RENO", "eps": 0.07, "epsEstimated": 0.08, "time": "amc", "revenue": 3040290, "revenueEstimated": null, "fiscalDateEnding": "2021-03-30", "updatedFromDate": "2023-09-29"}, {"date": "2021-05-17", "symbol": "086390.KQ", "eps": -24, "epsEstimated": 13, "time": "bmo", "revenue": null, "revenueEstimated": null, "fiscalDateEnding": "2021-03-31", "updatedFromDate": "2023-05-17"}, {"date": "2021-05-17", "symbol": "PYR.TO", "eps": 0.02189, "epsEstimated": null, "time": "bmo", "revenue": 6264503, "revenueEstimated": null, "fiscalDateEnding": "2021-03-30", "updatedFromDate": "2023-05-17"}, {"date": "2021-05-17", "symbol": "306200.KS", "eps": 4714, "epsEstimated": null, "time": "bmo", "revenue": 321772601040, "revenueEstimated": null, "fiscalDateEnding": "2021-03-30", "updatedFromDate": "2023-05-17"}, {"date": "2021-05-17", "symbol": "ZH", "eps": -0.39, "epsEstimated": -0.1248, "time": "bmo", "revenue": 478286000, "revenueEstimated": 545023581, "fiscalDateEnding": "2021-03-31", "updatedFromDate": "2023-09-29"}, {"date": "2021-05-17", "symbol": "AUUMF", "eps": -0.08, "epsEstimated": null, "time": "bmo", "revenue": null, "revenueEstimated": null, "fiscalDateEnding": "2021-03-31", "updatedFromDate": "2023-05-17"}, {"date": "2021-05-17", "symbol": "SONN", "eps": -98.5, "epsEstimated": null, "time": "bmo", "revenue": null, "revenueEstimated": null, "fiscalDateEnding": "2021-03-30", "updatedFromDate": "2023-09-29"}, {"date": "2021-05-17", "symbol": "NEA.MC", "eps": null, "epsEstimated": null, "time": "bmo", "revenue": null, "revenueEstimated": null, "fiscalDateEnding": "2021-02-17", "updatedFromDate": "2023-05-17"}, {"date": "2021-05-17", "symbol": "ALHC", "eps": -0.37, "epsEstimated": -0.19, "time": "amc", "revenue": 267082000, "revenueEstimated": 234838875.375, "fiscalDateEnding": "2021-03-30", "updatedFromDate": "2023-09-29"}, {"date": "2021-05-17", "symbol": "INDP", "eps": 3.84, "epsEstimated": 3.48, "time": "bmo", "revenue": null, "revenueEstimated": null, "fiscalDateEnding": "2021-03-30", "updatedFromDate": "2023-09-29"}, {"date": "2021-05-17", "symbol": "NHK.TO", "eps": -0.06396, "epsEstimated": null, "time": "bmo", "revenue": null, "revenueEstimated": null, "fiscalDateEnding": "2021-03-31", "updatedFromDate": "2023-10-16"}, {"date": "2021-05-17", "symbol": "KA", "eps": 5.95, "epsEstimated": 5.81, "time": "bmo", "revenue": null, "revenueEstimated": null, "fiscalDateEnding": "2021-03-29", "updatedFromDate": "2023-09-29"}, {"date": "2021-05-17", "symbol": "SIRZF", "eps": null, "epsEstimated": null, "time": "amc", "revenue": null, "revenueEstimated": null, "fiscalDateEnding": "2021-03-31", "updatedFromDate": "2023-05-17"}, {"date": "2021-05-17", "symbol": "TAIT", "eps": 0.06, "epsEstimated": null, "time": "bmo", "revenue": 1964000, "revenueEstimated": null, "fiscalDateEnding": "2021-03-30", "updatedFromDate": "2023-09-29"}, {"date": "2021-05-17", "symbol": "267270.KS", "eps": 2541, "epsEstimated": 1044.5, "time": "bmo", "revenue": 952568581000, "revenueEstimated": null, "fiscalDateEnding": "2021-02-17", "updatedFromDate": "2023-05-17"}, {"date": "2021-05-17", "symbol": "BRBI11.SA", "eps": null, "epsEstimated": null, "time": "bmo", "revenue": null, "revenueEstimated": null, "fiscalDateEnding": "2021-03-31", "updatedFromDate": "2023-05-17"}, {"date": "2021-05-17", "symbol": "LUNA", "eps": 0.03, "epsEstimated": 0.05, "time": "amc", "revenue": 26299000, "revenueEstimated": 33136740, "fiscalDateEnding": "2021-03-30", "updatedFromDate": "2023-09-29"}, {"date": "2021-05-17", "symbol": "OWL", "eps": 0.1232, "epsEstimated": null, "time": "bmo", "revenue": 108224000, "revenueEstimated": null, "fiscalDateEnding": "2021-03-30", "updatedFromDate": "2023-09-29"}, {"date": "2021-05-17", "symbol": "000970.KS", "eps": 463, "epsEstimated": null, "time": "bmo", "revenue": 103853257230, "revenueEstimated": null, "fiscalDateEnding": "2021-03-31", "updatedFromDate": "2023-10-16"}, {"date": "2021-05-17", "symbol": "TWNK", "eps": 0.2, "epsEstimated": 0.19, "time": "bmo", "revenue": 265421000, "revenueEstimated": 256680000, "fiscalDateEnding": "2021-03-30", "updatedFromDate": "2023-09-29"}, {"date": "2021-05-17", "symbol": "MRKK.ME", "eps": null, "epsEstimated": null, "time": "bmo", "revenue": null, "revenueEstimated": null, "fiscalDateEnding": "2021-02-17", "updatedFromDate": "2023-05-17"}, {"date": "2021-05-17", "symbol": "7236.T", "eps": 64.55, "epsEstimated": null, "time": "bmo", "revenue": null, "revenueEstimated": null, "fiscalDateEnding": "2021-02-17", "updatedFromDate": "2023-10-17"}, {"date": "2021-05-17", "symbol": "PTIX", "eps": -0.44, "epsEstimated": null, "time": "bmo", "revenue": null, "revenueEstimated": null, "fiscalDateEnding": "2021-03-30", "updatedFromDate": "2023-09-29"}, {"date": "2021-05-17", "symbol": "LEV", "eps": -0.15, "epsEstimated": -0.04, "time": "bmo", "revenue": 6225478, "revenueEstimated": null, "fiscalDateEnding": "2021-03-31", "updatedFromDate": "2023-09-29"}, {"date": "2021-05-17", "symbol": "093050.KS", "eps": 307, "epsEstimated": null, "time": "bmo", "revenue": 465335312640, "revenueEstimated": null, "fiscalDateEnding": "2021-02-17", "updatedFromDate": "2023-05-17"}, {"date": "2021-05-17", "symbol": "HIMS", "eps": -0.14, "epsEstimated": -0.15, "time": "bmo", "revenue": 52314000, "revenueEstimated": 52313999, "fiscalDateEnding": "2021-03-30", "updatedFromDate": "2023-09-29"}, {"date": "2021-05-17", "symbol": "001820.KS", "eps": 812, "epsEstimated": 688, "time": "bmo", "revenue": 63261252640, "revenueEstimated": null, "fiscalDateEnding": "2021-03-30", "updatedFromDate": "2023-05-17"}, {"date": "2021-05-17", "symbol": "VIBHA.BK", "eps": 0.01289, "epsEstimated": null, "time": "bmo", "revenue": 1507887719, "revenueEstimated": null, "fiscalDateEnding": "2021-03-30", "updatedFromDate": "2023-08-16"}, {"date": "2021-05-17", "symbol": "001040.KS", "eps": 1557, "epsEstimated": 2807.11, "time": "bmo", "revenue": 8011706833000, "revenueEstimated": null, "fiscalDateEnding": "2021-03-30", "updatedFromDate": "2023-05-17"}, {"date": "2021-05-17", "symbol": "XWEL", "eps": 0.01, "epsEstimated": 0.05, "time": "bmo", "revenue": 8512000, "revenueEstimated": null, "fiscalDateEnding": "2021-03-31", "updatedFromDate": "2023-09-29"}, {"date": "2021-05-17", "symbol": "GRNQ", "eps": -0.1, "epsEstimated": null, "time": "bmo", "revenue": 973018, "revenueEstimated": null, "fiscalDateEnding": "2021-03-30", "updatedFromDate": "2023-09-29"}, {"date": "2021-05-17", "symbol": "3417.T", "eps": 11.46, "epsEstimated": null, "time": "bmo", "revenue": null, "revenueEstimated": null, "fiscalDateEnding": "2021-09-30", "updatedFromDate": "2023-05-17"}, {"date": "2021-05-17", "symbol": "1447.T", "eps": 29.01, "epsEstimated": null, "time": "bmo", "revenue": null, "revenueEstimated": null, "fiscalDateEnding": "2021-02-17", "updatedFromDate": "2023-10-16"}, {"date": "2021-05-17", "symbol": "023800.KS", "eps": 253, "epsEstimated": null, "time": "bmo", "revenue": 117379563790, "revenueEstimated": null, "fiscalDateEnding": "2021-02-17", "updatedFromDate": "2023-05-17"}, {"date": "2021-05-17", "symbol": "CHUC", "eps": -0.10319, "epsEstimated": null, "time": "bmo", "revenue": 4361000, "revenueEstimated": null, "fiscalDateEnding": "2021-03-30", "updatedFromDate": "2023-09-29"}, {"date": "2021-05-17", "symbol": "JHX", "eps": 0.28, "epsEstimated": null, "time": "bmo", "revenue": 807000000, "revenueEstimated": null, "fiscalDateEnding": "2021-03-31", "updatedFromDate": "2023-09-29"}, {"date": "2021-05-17", "symbol": "ALMTF", "eps": null, "epsEstimated": null, "time": "bmo", "revenue": null, "revenueEstimated": null, "fiscalDateEnding": "2021-03-31", "updatedFromDate": "2023-05-17"}, {"date": "2021-05-17", "symbol": "CPN.BK", "eps": 0.85, "epsEstimated": 0.9, "time": "bmo", "revenue": 6737940000, "revenueEstimated": null, "fiscalDateEnding": "2021-03-30", "updatedFromDate": "2023-05-17"}, {"date": "2021-05-17", "symbol": "WSTRF", "eps": -0.01, "epsEstimated": null, "time": "bmo", "revenue": 16155, "revenueEstimated": null, "fiscalDateEnding": "2021-03-30", "updatedFromDate": "2023-09-29"}, {"date": "2021-05-17", "symbol": "2160.T", "eps": 9.5, "epsEstimated": null, "time": "bmo", "revenue": 3872356000, "revenueEstimated": null, "fiscalDateEnding": "2021-03-31", "updatedFromDate": "2023-10-16"}, {"date": "2021-05-17", "symbol": "XONE", "eps": -0.29, "epsEstimated": -0.21, "time": "amc", "revenue": 13021000, "revenueEstimated": 14310000, "fiscalDateEnding": "2021-03-30", "updatedFromDate": "2023-05-17"}, {"date": "2021-05-17", "symbol": "RVP", "eps": 0.52, "epsEstimated": null, "time": "bmo", "revenue": 50073725, "revenueEstimated": null, "fiscalDateEnding": "2021-03-30", "updatedFromDate": "2023-09-29"}, {"date": "2021-05-17", "symbol": "2882.TW", "eps": 4.27, "epsEstimated": 1.89, "time": "amc", "revenue": 149322888000, "revenueEstimated": null, "fiscalDateEnding": "2021-02-17", "updatedFromDate": "2023-05-17"}, {"date": "2021-05-17", "symbol": "CBL", "eps": -0.13623, "epsEstimated": null, "time": "amc", "revenue": 133184000, "revenueEstimated": null, "fiscalDateEnding": "2021-03-30", "updatedFromDate": "2023-09-29"}, {"date": "2021-05-17", "symbol": "008770.KS", "eps": -40, "epsEstimated": -106.37, "time": "bmo", "revenue": 727157139410, "revenueEstimated": null, "fiscalDateEnding": "2021-03-30", "updatedFromDate": "2023-05-17"}, {"date": "2021-05-17", "symbol": "ERNA", "eps": -12.73595, "epsEstimated": null, "time": "bmo", "revenue": null, "revenueEstimated": null, "fiscalDateEnding": "2021-03-31", "updatedFromDate": "2023-09-29"}, {"date": "2021-05-17", "symbol": "6098.T", "eps": 8.52, "epsEstimated": 6.5, "time": "bmo", "revenue": null, "revenueEstimated": null, "fiscalDateEnding": "2021-02-17", "updatedFromDate": "2023-10-17"}, {"date": "2021-05-17", "symbol": "021240.KS", "eps": 1734, "epsEstimated": 1566.56, "time": "bmo", "revenue": 905394062460, "revenueEstimated": null, "fiscalDateEnding": "2021-02-17", "updatedFromDate": "2023-05-17"}, {"date": "2021-05-17", "symbol": "MARK", "eps": -0.5, "epsEstimated": -0.3, "time": "amc", "revenue": 4406000, "revenueEstimated": 3634949.25, "fiscalDateEnding": "2021-03-30", "updatedFromDate": "2023-09-29"}, {"date": "2021-05-17", "symbol": "RVPH", "eps": -0.1, "epsEstimated": null, "time": "bmo", "revenue": null, "revenueEstimated": null, "fiscalDateEnding": "2021-03-30", "updatedFromDate": "2023-09-29"}, {"date": "2021-05-17", "symbol": "HUMA", "eps": 0.2, "epsEstimated": 0.9, "time": "bmo", "revenue": null, "revenueEstimated": null, "fiscalDateEnding": "2021-03-30", "updatedFromDate": "2023-09-29"}, {"date": "2021-05-17", "symbol": "GNOG", "eps": -0.15, "epsEstimated": -0.1, "time": "amc", "revenue": 31691000, "revenueEstimated": 22067925, "fiscalDateEnding": "2021-02-17", "updatedFromDate": "2023-08-16"}, {"date": "2021-05-17", "symbol": "USA.TO", "eps": -0.28, "epsEstimated": -0.03667, "time": "bmo", "revenue": 10186000, "revenueEstimated": null, "fiscalDateEnding": "2021-03-31", "updatedFromDate": "2023-10-16"}, {"date": "2021-05-17", "symbol": "031430.KS", "eps": 656, "epsEstimated": 345.2, "time": "bmo", "revenue": 341921578790, "revenueEstimated": null, "fiscalDateEnding": "2021-03-30", "updatedFromDate": "2023-05-17"}, {"date": "2021-05-17", "symbol": "ADIL", "eps": -7.5, "epsEstimated": null, "time": "bmo", "revenue": null, "revenueEstimated": null, "fiscalDateEnding": "2021-03-30", "updatedFromDate": "2023-09-29"}, {"date": "2021-05-17", "symbol": "8270.SR", "eps": -0.28, "epsEstimated": null, "time": "bmo", "revenue": 44843296, "revenueEstimated": null, "fiscalDateEnding": "2021-03-30", "updatedFromDate": "2023-05-17"}, {"date": "2021-05-17", "symbol": "GNWSF", "eps": null, "epsEstimated": null, "time": "bmo", "revenue": null, "revenueEstimated": null, "fiscalDateEnding": "2021-03-31", "updatedFromDate": "2023-05-17"}, {"date": "2021-05-17", "symbol": "027970.KS", "eps": 55.78, "epsEstimated": null, "time": "bmo", "revenue": 50892269960, "revenueEstimated": null, "fiscalDateEnding": "2021-02-17", "updatedFromDate": "2023-05-17"}, {"date": "2021-05-17", "symbol": "CLSD", "eps": -0.13, "epsEstimated": -0.08, "time": "amc", "revenue": 34000, "revenueEstimated": 23800, "fiscalDateEnding": "2021-03-30", "updatedFromDate": "2023-09-29"}, {"date": "2021-05-17", "symbol": "INVO", "eps": -5, "epsEstimated": -3.6, "time": "amc", "revenue": 684523, "revenueEstimated": null, "fiscalDateEnding": "2021-03-30", "updatedFromDate": "2023-09-29"}, {"date": "2021-05-17", "symbol": "004370.KS", "eps": 5015, "epsEstimated": 6459.75, "time": "bmo", "revenue": 647916103130, "revenueEstimated": null, "fiscalDateEnding": "2021-02-17", "updatedFromDate": "2023-05-17"}, {"date": "2021-05-17", "symbol": "GDDCF", "eps": null, "epsEstimated": null, "time": "amc", "revenue": null, "revenueEstimated": null, "fiscalDateEnding": "2021-03-31", "updatedFromDate": "2023-05-17"}, {"date": "2021-05-17", "symbol": "TARSF", "eps": -0.00222, "epsEstimated": null, "time": "bmo", "revenue": null, "revenueEstimated": null, "fiscalDateEnding": "2021-03-31", "updatedFromDate": "2023-11-28"}, {"date": "2021-05-17", "symbol": "HALO.NE", "eps": null, "epsEstimated": null, "time": "bmo", "revenue": null, "revenueEstimated": null, "fiscalDateEnding": "2021-03-30", "updatedFromDate": "2023-05-17"}, {"date": "2021-05-17", "symbol": "RYAAY", "eps": -1.68, "epsEstimated": -1.65, "time": "bmo", "revenue": 118400000, "revenueEstimated": 141702127, "fiscalDateEnding": "2021-03-31", "updatedFromDate": "2023-09-29"}, {"date": "2021-05-17", "symbol": "079430.KS", "eps": 378, "epsEstimated": null, "time": "bmo", "revenue": 331003884350, "revenueEstimated": null, "fiscalDateEnding": "2021-03-30", "updatedFromDate": "2023-05-17"}, {"date": "2021-05-17", "symbol": "SMMT", "eps": 1.05, "epsEstimated": 0.00282, "time": "bmo", "revenue": 192000, "revenueEstimated": null, "fiscalDateEnding": "2021-03-30", "updatedFromDate": "2023-09-29"}, {"date": "2021-05-17", "symbol": "MIST", "eps": -0.3, "epsEstimated": -0.33, "time": "bmo", "revenue": null, "revenueEstimated": null, "fiscalDateEnding": "2021-03-30", "updatedFromDate": "2023-09-29"}, {"date": "2021-05-17", "symbol": "NVFY", "eps": -0.7, "epsEstimated": null, "time": "bmo", "revenue": 3331567, "revenueEstimated": null, "fiscalDateEnding": "2021-03-30", "updatedFromDate": "2023-09-29"}, {"date": "2021-05-17", "symbol": "INPCF", "eps": null, "epsEstimated": null, "time": "bmo", "revenue": null, "revenueEstimated": null, "fiscalDateEnding": "2021-03-31", "updatedFromDate": "2023-05-17"}, {"date": "2021-05-17", "symbol": "MNTK", "eps": 0.1, "epsEstimated": null, "time": "bmo", "revenue": 31447000, "revenueEstimated": null, "fiscalDateEnding": "2021-03-30", "updatedFromDate": "2023-09-29"}, {"date": "2021-05-17", "symbol": "267260.KS", "eps": 432, "epsEstimated": 433, "time": "bmo", "revenue": 423597566900, "revenueEstimated": null, "fiscalDateEnding": "2021-02-17", "updatedFromDate": "2023-05-17"}, {"date": "2021-05-17", "symbol": "VMC.V", "eps": 0.06, "epsEstimated": null, "time": "bmo", "revenue": 21624190.954535, "revenueEstimated": null, "fiscalDateEnding": "2021-03-31", "updatedFromDate": "2023-10-16"}, {"date": "2021-05-17", "symbol": "VNPKF", "eps": null, "epsEstimated": null, "time": "bmo", "revenue": null, "revenueEstimated": null, "fiscalDateEnding": "2021-03-31", "updatedFromDate": "2023-05-17"}, {"date": "2021-05-17", "symbol": "005180.KS", "eps": 158, "epsEstimated": 655, "time": "bmo", "revenue": 233883025180, "revenueEstimated": null, "fiscalDateEnding": "2021-03-30", "updatedFromDate": "2023-05-17"}, {"date": "2021-05-17", "symbol": "103590.KS", "eps": 212, "epsEstimated": null, "time": "bmo", "revenue": 211106652000, "revenueEstimated": null, "fiscalDateEnding": "2021-03-31", "updatedFromDate": "2023-08-25"}, {"date": "2021-05-17", "symbol": "USAQ", "eps": -0.01, "epsEstimated": null, "time": "bmo", "revenue": 304336, "revenueEstimated": null, "fiscalDateEnding": "2021-03-30", "updatedFromDate": "2023-09-29"}, {"date": "2021-05-17", "symbol": "053030.KQ", "eps": 270, "epsEstimated": null, "time": "bmo", "revenue": null, "revenueEstimated": null, "fiscalDateEnding": "2021-03-31", "updatedFromDate": "2023-05-17"}, {"date": "2021-05-17", "symbol": "067830.KS", "eps": 72, "epsEstimated": null, "time": "bmo", "revenue": 31494950800, "revenueEstimated": null, "fiscalDateEnding": "2021-02-17", "updatedFromDate": "2023-05-17"}, {"date": "2021-05-17", "symbol": "007210.KS", "eps": 12.3, "epsEstimated": null, "time": "bmo", "revenue": 120952174660, "revenueEstimated": null, "fiscalDateEnding": "2021-02-17", "updatedFromDate": "2023-05-17"}, {"date": "2021-05-17", "symbol": "TKAT", "eps": 0.05, "epsEstimated": null, "time": "bmo", "revenue": 779108, "revenueEstimated": null, "fiscalDateEnding": "2021-03-30", "updatedFromDate": "2023-09-29"}, {"date": "2021-05-17", "symbol": "023530.KS", "eps": -1489, "epsEstimated": 97.68, "time": "bmo", "revenue": 3880033392500, "revenueEstimated": null, "fiscalDateEnding": "2021-03-30", "updatedFromDate": "2023-05-17"}, {"date": "2021-05-17", "symbol": "011170.KS", "eps": 14070.43, "epsEstimated": 11127.59, "time": "bmo", "revenue": 4352029229690, "revenueEstimated": null, "fiscalDateEnding": "2021-02-17", "updatedFromDate": "2023-05-17"}, {"date": "2021-05-17", "symbol": "PTRA", "eps": -0.25157, "epsEstimated": null, "time": "amc", "revenue": 54006000, "revenueEstimated": null, "fiscalDateEnding": "2021-03-30", "updatedFromDate": "2023-09-29"}, {"date": "2021-05-17", "symbol": "NEWH", "eps": -0.02, "epsEstimated": null, "time": "bmo", "revenue": null, "revenueEstimated": null, "fiscalDateEnding": "2021-03-30", "updatedFromDate": "2023-09-29"}, {"date": "2021-05-17", "symbol": "014280.KS", "eps": 86, "epsEstimated": null, "time": "bmo", "revenue": 147062683570, "revenueEstimated": null, "fiscalDateEnding": "2021-02-17", "updatedFromDate": "2023-05-17"}, {"date": "2021-05-17", "symbol": "JAN", "eps": -0.47, "epsEstimated": null, "time": "bmo", "revenue": 8672000, "revenueEstimated": null, "fiscalDateEnding": "2021-04-02", "updatedFromDate": "2023-09-29"}, {"date": "2021-05-17", "symbol": "HPTO", "eps": 0.02, "epsEstimated": null, "time": "amc", "revenue": 860200, "revenueEstimated": null, "fiscalDateEnding": "2021-03-30", "updatedFromDate": "2023-09-29"}, {"date": "2021-05-17", "symbol": "BRPHF", "eps": 0.69, "epsEstimated": 1.75, "time": "bmo", "revenue": null, "revenueEstimated": null, "fiscalDateEnding": "2021-03-31", "updatedFromDate": "2023-05-17"}, {"date": "2021-05-17", "symbol": "003610.KS", "eps": 104, "epsEstimated": null, "time": "bmo", "revenue": 33683470840, "revenueEstimated": null, "fiscalDateEnding": "2021-03-30", "updatedFromDate": "2023-05-17"}, {"date": "2021-05-17", "symbol": "ATCX", "eps": 0.78, "epsEstimated": -0.34, "time": "amc", "revenue": 123269000, "revenueEstimated": 87168791.25, "fiscalDateEnding": "2021-04-01", "updatedFromDate": "2023-09-29"}, {"date": "2021-05-17", "symbol": "192650.KS", "eps": 295, "epsEstimated": null, "time": "bmo", "revenue": 349674446900, "revenueEstimated": null, "fiscalDateEnding": "2021-03-30", "updatedFromDate": "2023-05-17"}, {"date": "2021-05-17", "symbol": "GLXZ", "eps": 0.0044, "epsEstimated": null, "time": "amc", "revenue": 4282901, "revenueEstimated": null, "fiscalDateEnding": "2021-03-30", "updatedFromDate": "2023-09-29"}, {"date": "2021-05-17", "symbol": "VINC", "eps": 0.46, "epsEstimated": 0.32, "time": "bmo", "revenue": 127000, "revenueEstimated": null, "fiscalDateEnding": "2021-03-30", "updatedFromDate": "2023-09-29"}, {"date": "2021-05-17", "symbol": "MEEC", "eps": -0.01, "epsEstimated": -0.01, "time": "amc", "revenue": 3026638, "revenueEstimated": 3026638, "fiscalDateEnding": "2021-03-30", "updatedFromDate": "2023-09-29"}, {"date": "2021-05-17", "symbol": "MICR", "eps": 0.04, "epsEstimated": null, "time": "bmo", "revenue": 5761023, "revenueEstimated": null, "fiscalDateEnding": "2021-03-31", "updatedFromDate": "2023-09-29"}, {"date": "2021-05-17", "symbol": "259960.KS", "eps": 4649, "epsEstimated": null, "time": "bmo", "revenue": 460993100240, "revenueEstimated": null, "fiscalDateEnding": "2021-03-30", "updatedFromDate": "2023-05-17"}, {"date": "2021-05-17", "symbol": "MILE", "eps": -1.37, "epsEstimated": -9.57, "time": "amc", "revenue": -8861000, "revenueEstimated": -14808147, "fiscalDateEnding": "2021-03-30", "updatedFromDate": "2023-05-17"}, {"date": "2021-05-17", "symbol": "BLNG.ME", "eps": null, "epsEstimated": null, "time": "bmo", "revenue": null, "revenueEstimated": null, "fiscalDateEnding": "2021-03-29", "updatedFromDate": "2023-05-17"}, {"date": "2021-05-17", "symbol": "AMPG", "eps": -0.15802, "epsEstimated": null, "time": "bmo", "revenue": 472974, "revenueEstimated": null, "fiscalDateEnding": "2021-03-30", "updatedFromDate": "2023-09-29"}, {"date": "2021-05-17", "symbol": "DRT.BK", "eps": 0.23, "epsEstimated": 0.2, "time": "bmo", "revenue": 1330126000, "revenueEstimated": null, "fiscalDateEnding": "2021-03-31", "updatedFromDate": "2023-08-16"}, {"date": "2021-05-17", "symbol": "041830.KQ", "eps": 771, "epsEstimated": null, "time": "bmo", "revenue": null, "revenueEstimated": null, "fiscalDateEnding": "2021-03-31", "updatedFromDate": "2023-05-17"}, {"date": "2021-05-17", "symbol": "025000.KS", "eps": 3545.29, "epsEstimated": null, "time": "bmo", "revenue": 258314016750, "revenueEstimated": null, "fiscalDateEnding": "2021-02-17", "updatedFromDate": "2023-05-17"}, {"date": "2021-05-17", "symbol": "004990.KS", "eps": 1381.84, "epsEstimated": -165, "time": "bmo", "revenue": 2338681529440, "revenueEstimated": null, "fiscalDateEnding": "2021-03-30", "updatedFromDate": "2023-08-16"}, {"date": "2021-05-17", "symbol": "IMCC", "eps": -0.6, "epsEstimated": null, "time": "bmo", "revenue": 8767000, "revenueEstimated": null, "fiscalDateEnding": "2021-03-31", "updatedFromDate": "2023-10-17"}, {"date": "2021-05-17", "symbol": "HSDT", "eps": -82.5, "epsEstimated": -61, "time": "amc", "revenue": 84000, "revenueEstimated": null, "fiscalDateEnding": "2021-03-30", "updatedFromDate": "2023-09-29"}, {"date": "2021-05-17", "symbol": "HGSH", "eps": 0.09861, "epsEstimated": null, "time": "bmo", "revenue": 18162946, "revenueEstimated": null, "fiscalDateEnding": "2021-03-30", "updatedFromDate": "2023-05-17"}, {"date": "2021-05-17", "symbol": "LOV", "eps": 0.25, "epsEstimated": 0.1737, "time": "bmo", "revenue": 56379000, "revenueEstimated": 72683197, "fiscalDateEnding": "2021-03-30", "updatedFromDate": "2023-09-29"}, {"date": "2021-05-17", "symbol": "VTSI", "eps": 0.08, "epsEstimated": 0.00572, "time": "amc", "revenue": 4441909, "revenueEstimated": 4300000, "fiscalDateEnding": "2021-03-30", "updatedFromDate": "2023-09-29"}, {"date": "2021-05-17", "symbol": "RDI", "eps": -0.8, "epsEstimated": -0.8, "time": "bmo", "revenue": 21307000, "revenueEstimated": 23171362, "fiscalDateEnding": "2021-03-30", "updatedFromDate": "2023-09-29"}, {"date": "2021-05-17", "symbol": "GTBP", "eps": -1.83, "epsEstimated": -0.25, "time": "bmo", "revenue": null, "revenueEstimated": null, "fiscalDateEnding": "2021-03-30", "updatedFromDate": "2023-09-29"}, {"date": "2021-05-17", "symbol": "4531.T", "eps": null, "epsEstimated": null, "time": "bmo", "revenue": null, "revenueEstimated": null, "fiscalDateEnding": "2021-02-17", "updatedFromDate": "2023-10-17"}, {"date": "2021-05-17", "symbol": "000320.KS", "eps": 187, "epsEstimated": null, "time": "bmo", "revenue": 203096433420, "revenueEstimated": null, "fiscalDateEnding": "2021-03-30", "updatedFromDate": "2023-05-17"}, {"date": "2021-05-17", "symbol": "002450.KS", "eps": 126, "epsEstimated": null, "time": "bmo", "revenue": 66358692070, "revenueEstimated": null, "fiscalDateEnding": "2021-02-17", "updatedFromDate": "2023-05-17"}, {"date": "2021-05-17", "symbol": "BHTG", "eps": -0.07, "epsEstimated": -0.08, "time": "amc", "revenue": 3040290, "revenueEstimated": 3420326, "fiscalDateEnding": "2021-03-30", "updatedFromDate": "2023-05-17"}, {"date": "2021-05-17", "symbol": "RZLT", "eps": -0.44, "epsEstimated": -0.78, "time": "bmo", "revenue": null, "revenueEstimated": null, "fiscalDateEnding": "2021-03-30", "updatedFromDate": "2023-09-29"}, {"date": "2021-05-17", "symbol": "GRNNF", "eps": 0.62, "epsEstimated": 0.28, "time": "bmo", "revenue": null, "revenueEstimated": null, "fiscalDateEnding": "2021-03-31", "updatedFromDate": "2023-05-17"}, {"date": "2021-05-17", "symbol": "AMMX", "eps": 0.03, "epsEstimated": null, "time": "bmo", "revenue": 4029696, "revenueEstimated": null, "fiscalDateEnding": "2021-03-30", "updatedFromDate": "2023-09-29"}, {"date": "2021-05-17", "symbol": "JRJC", "eps": null, "epsEstimated": null, "time": "amc", "revenue": null, "revenueEstimated": null, "fiscalDateEnding": "2021-02-17", "updatedFromDate": "2023-09-29"}, {"date": "2021-05-17", "symbol": "000640.KS", "eps": 131, "epsEstimated": 1282.01, "time": "bmo", "revenue": 192209824590, "revenueEstimated": null, "fiscalDateEnding": "2021-03-30", "updatedFromDate": "2023-08-16"}, {"date": "2021-05-17", "symbol": "102710.KQ", "eps": 365, "epsEstimated": null, "time": "bmo", "revenue": null, "revenueEstimated": null, "fiscalDateEnding": "2021-03-31", "updatedFromDate": "2023-05-17"}, {"date": "2021-05-17", "symbol": "122870.KQ", "eps": 344, "epsEstimated": 342.45, "time": "bmo", "revenue": null, "revenueEstimated": null, "fiscalDateEnding": "2021-03-31", "updatedFromDate": "2023-05-17"}, {"date": "2021-05-17", "symbol": "RKDA", "eps": -8.4, "epsEstimated": -12.4, "time": "amc", "revenue": 828000, "revenueEstimated": 1750000, "fiscalDateEnding": "2021-03-30", "updatedFromDate": "2023-09-29"}, {"date": "2021-05-17", "symbol": "030000.KS", "eps": 321, "epsEstimated": 310.54, "time": "bmo", "revenue": 790052115070, "revenueEstimated": null, "fiscalDateEnding": "2021-02-17", "updatedFromDate": "2023-05-17"}, {"date": "2021-05-17", "symbol": "OGZPY", "eps": 37.83, "epsEstimated": null, "time": "bmo", "revenue": 2285161000000, "revenueEstimated": null, "fiscalDateEnding": "2021-03-30", "updatedFromDate": "2023-05-17"}, {"date": "2021-05-17", "symbol": "041510.KQ", "eps": 443, "epsEstimated": 111.67, "time": "bmo", "revenue": null, "revenueEstimated": null, "fiscalDateEnding": "2021-03-31", "updatedFromDate": "2023-05-17"}, {"date": "2021-05-17", "symbol": "003550.KS", "eps": 6489.77, "epsEstimated": 3090.06, "time": "bmo", "revenue": 1923498000000, "revenueEstimated": null, "fiscalDateEnding": "2021-02-17", "updatedFromDate": "2023-05-17"}, {"date": "2021-05-17", "symbol": "COL.MC", "eps": 0.06, "epsEstimated": 0.06, "time": "bmo", "revenue": 77890000, "revenueEstimated": null, "fiscalDateEnding": "2021-02-17", "updatedFromDate": "2023-05-17"}, {"date": "2021-05-17", "symbol": "MIDS.ST", "eps": -0.46168, "epsEstimated": null, "time": "bmo", "revenue": 7382000, "revenueEstimated": null, "fiscalDateEnding": "2021-03-30", "updatedFromDate": "2023-05-17"}, {"date": "2021-05-17", "symbol": "111770.KS", "eps": 1124, "epsEstimated": 736.88, "time": "bmo", "revenue": 568166816390, "revenueEstimated": null, "fiscalDateEnding": "2021-03-30", "updatedFromDate": "2023-05-17"}, {"date": "2021-05-17", "symbol": "ONDS", "eps": -0.12, "epsEstimated": -0.11, "time": "bmo", "revenue": 1164764, "revenueEstimated": 931811, "fiscalDateEnding": "2021-03-30", "updatedFromDate": "2023-09-29"}, {"date": "2021-05-17", "symbol": "DN.TO", "eps": -0.04207, "epsEstimated": null, "time": "bmo", "revenue": 13227540, "revenueEstimated": null, "fiscalDateEnding": "2021-03-31", "updatedFromDate": "2023-10-16"}, {"date": "2021-05-17", "symbol": "OBTX", "eps": 0.128, "epsEstimated": null, "time": "bmo", "revenue": 1153000, "revenueEstimated": null, "fiscalDateEnding": "2021-04-29", "updatedFromDate": "2023-05-17"}, {"date": "2021-05-17", "symbol": "VODAF", "eps": null, "epsEstimated": null, "time": "bmo", "revenue": null, "revenueEstimated": null, "fiscalDateEnding": "2021-09-30", "updatedFromDate": "2023-10-17"}, {"date": "2021-05-17", "symbol": "8DQ.F", "eps": null, "epsEstimated": null, "time": "bmo", "revenue": null, "revenueEstimated": 5020000, "fiscalDateEnding": "2021-06-30", "updatedFromDate": "2023-05-17"}, {"date": "2021-05-17", "symbol": "BLCM", "eps": -0.89, "epsEstimated": -1.37, "time": "bmo", "revenue": null, "revenueEstimated": null, "fiscalDateEnding": "2021-03-30", "updatedFromDate": "2023-09-29"}, {"date": "2021-05-17", "symbol": "DYA.TO", "eps": -0.00653, "epsEstimated": null, "time": "bmo", "revenue": 49793, "revenueEstimated": null, "fiscalDateEnding": "2021-03-31", "updatedFromDate": "2023-10-16"}, {"date": "2021-05-17", "symbol": "SLGG", "eps": 0.21, "epsEstimated": -0.2, "time": "bmo", "revenue": 788000, "revenueEstimated": 748600, "fiscalDateEnding": "2021-03-30", "updatedFromDate": "2023-09-29"}, {"date": "2021-05-17", "symbol": "ONTX", "eps": -0.3, "epsEstimated": -0.45, "time": "bmo", "revenue": 56000, "revenueEstimated": 74666, "fiscalDateEnding": "2021-03-30", "updatedFromDate": "2023-09-29"}, {"date": "2021-05-17", "symbol": "VVOS", "eps": -0.19, "epsEstimated": -0.17, "time": "amc", "revenue": 3447881, "revenueEstimated": null, "fiscalDateEnding": "2021-03-30", "updatedFromDate": "2023-09-29"}, {"date": "2021-05-17", "symbol": "MOXC", "eps": -0.11, "epsEstimated": null, "time": "bmo", "revenue": 194089, "revenueEstimated": null, "fiscalDateEnding": "2021-02-17", "updatedFromDate": "2023-09-29"}, {"date": "2021-05-17", "symbol": "FPG.PA", "eps": null, "epsEstimated": null, "time": "bmo", "revenue": null, "revenueEstimated": null, "fiscalDateEnding": "2021-02-17", "updatedFromDate": "2023-05-17"}, {"date": "2021-05-17", "symbol": "REITIR.IC", "eps": null, "epsEstimated": null, "time": "bmo", "revenue": null, "revenueEstimated": null, "fiscalDateEnding": "2021-03-31", "updatedFromDate": "2023-08-14"}, {"date": "2021-05-17", "symbol": "128940.KS", "eps": 1527.3, "epsEstimated": 1505.44, "time": "bmo", "revenue": 279307056530, "revenueEstimated": null, "fiscalDateEnding": "2021-02-17", "updatedFromDate": "2023-05-17"}, {"date": "2021-05-17", "symbol": "SINA", "eps": null, "epsEstimated": null, "time": "bmo", "revenue": null, "revenueEstimated": null, "fiscalDateEnding": "2021-03-29", "updatedFromDate": "2023-05-17"}, {"date": "2021-05-17", "symbol": "TLS", "eps": -0.22867, "epsEstimated": -0.04, "time": "amc", "revenue": 55757000, "revenueEstimated": 188179875, "fiscalDateEnding": "2021-03-30", "updatedFromDate": "2023-09-29"}, {"date": "2021-05-17", "symbol": "SAML", "eps": -1.08204, "epsEstimated": null, "time": "bmo", "revenue": 75000, "revenueEstimated": null, "fiscalDateEnding": "2021-03-30", "updatedFromDate": "2023-05-17"}, {"date": "2021-05-17", "symbol": "002790.KS", "eps": 934, "epsEstimated": 790.25, "time": "bmo", "revenue": 1303428935440, "revenueEstimated": null, "fiscalDateEnding": "2021-02-17", "updatedFromDate": "2023-05-17"}, {"date": "2021-05-17", "symbol": "060720.KQ", "eps": 153, "epsEstimated": 217, "time": "bmo", "revenue": null, "revenueEstimated": null, "fiscalDateEnding": "2021-03-31", "updatedFromDate": "2023-05-17"}, {"date": "2021-05-17", "symbol": "FORA", "eps": -0.17, "epsEstimated": null, "time": "bmo", "revenue": 1620609, "revenueEstimated": null, "fiscalDateEnding": "2021-03-30", "updatedFromDate": "2023-09-29"}, {"date": "2021-05-17", "symbol": "ALFRE.PA", "eps": null, "epsEstimated": null, "time": "bmo", "revenue": null, "revenueEstimated": null, "fiscalDateEnding": "2021-02-17", "updatedFromDate": "2023-05-17"}, {"date": "2021-05-17", "symbol": "3551.T", "eps": 72.06, "epsEstimated": null, "time": "bmo", "revenue": null, "revenueEstimated": null, "fiscalDateEnding": "2021-02-17", "updatedFromDate": "2023-10-17"}, {"date": "2021-05-17", "symbol": "088260.KS", "eps": -18.59811, "epsEstimated": null, "time": "bmo", "revenue": 10611498480, "revenueEstimated": null, "fiscalDateEnding": "2021-03-31", "updatedFromDate": "2023-10-16"}, {"date": "2021-05-17", "symbol": "PTN", "eps": -0.5, "epsEstimated": -1, "time": "bmo", "revenue": 88741, "revenueEstimated": 118321, "fiscalDateEnding": "2021-03-30", "updatedFromDate": "2023-09-29"}, {"date": "2021-05-17", "symbol": "5108.T", "eps": 405.1, "epsEstimated": 58.18, "time": "bmo", "revenue": 811896000000, "revenueEstimated": null, "fiscalDateEnding": "2021-02-17", "updatedFromDate": "2023-05-17"}, {"date": "2021-05-17", "symbol": "004170.KS", "eps": 7115, "epsEstimated": 5217.54, "time": "bmo", "revenue": 1395320806280, "revenueEstimated": null, "fiscalDateEnding": "2021-02-17", "updatedFromDate": "2023-05-17"}, {"date": "2021-05-17", "symbol": "BATL", "eps": 0.17, "epsEstimated": null, "time": "bmo", "revenue": 55518000, "revenueEstimated": null, "fiscalDateEnding": "2021-03-30", "updatedFromDate": "2023-09-29"}, {"date": "2021-05-17", "symbol": "002920.KS", "eps": 165, "epsEstimated": null, "time": "bmo", "revenue": 68296989960, "revenueEstimated": null, "fiscalDateEnding": "2021-02-17", "updatedFromDate": "2023-05-17"}, {"date": "2021-05-17", "symbol": "FSTX", "eps": -1.08, "epsEstimated": -1.16, "time": "bmo", "revenue": 2917000, "revenueEstimated": 11256000, "fiscalDateEnding": "2021-03-30", "updatedFromDate": "2023-05-17"}, {"date": "2021-05-17", "symbol": "GLUC", "eps": null, "epsEstimated": null, "time": "bmo", "revenue": null, "revenueEstimated": null, "fiscalDateEnding": "2021-03-30", "updatedFromDate": "2023-09-29"}, {"date": "2021-05-17", "symbol": "OCX", "eps": -0.8, "epsEstimated": -1.8, "time": "amc", "revenue": 1124000, "revenueEstimated": 840000, "fiscalDateEnding": "2021-03-30", "updatedFromDate": "2023-09-29"}, {"date": "2021-05-17", "symbol": "003540.KS", "eps": 1451, "epsEstimated": null, "time": "bmo", "revenue": 305183572000, "revenueEstimated": null, "fiscalDateEnding": "2021-03-31", "updatedFromDate": "2023-10-16"}, {"date": "2021-05-17", "symbol": "CREG", "eps": -0.08726, "epsEstimated": null, "time": "bmo", "revenue": null, "revenueEstimated": null, "fiscalDateEnding": "2021-03-30", "updatedFromDate": "2023-09-29"}, {"date": "2021-05-17", "symbol": "ALXO", "eps": -0.31, "epsEstimated": -0.46, "time": "bmo", "revenue": null, "revenueEstimated": null, "fiscalDateEnding": "2021-03-30", "updatedFromDate": "2023-09-29"}, {"date": "2021-05-17", "symbol": "SIEB", "eps": 0.07, "epsEstimated": null, "time": "amc", "revenue": 18924000, "revenueEstimated": null, "fiscalDateEnding": "2021-03-30", "updatedFromDate": "2023-09-29"}, {"date": "2021-05-17", "symbol": "HCDI", "eps": -2.33596, "epsEstimated": null, "time": "bmo", "revenue": 13874200, "revenueEstimated": null, "fiscalDateEnding": "2021-03-30", "updatedFromDate": "2023-09-29"}, {"date": "2021-05-17", "symbol": "LVOX", "eps": -0.04794, "epsEstimated": null, "time": "bmo", "revenue": 27945000, "revenueEstimated": null, "fiscalDateEnding": "2021-03-30", "updatedFromDate": "2023-09-29"}, {"date": "2021-05-17", "symbol": "VCOM.BK", "eps": 0.09, "epsEstimated": null, "time": "bmo", "revenue": 424728000, "revenueEstimated": null, "fiscalDateEnding": "2021-03-31", "updatedFromDate": "2023-05-17"}, {"date": "2021-05-17", "symbol": "CRTPF", "eps": -0.26, "epsEstimated": -0.14, "time": "bmo", "revenue": null, "revenueEstimated": null, "fiscalDateEnding": "2021-03-31", "updatedFromDate": "2023-05-17"}, {"date": "2021-05-17", "symbol": "PRED", "eps": -0.02, "epsEstimated": null, "time": "bmo", "revenue": 6893976, "revenueEstimated": null, "fiscalDateEnding": "2021-03-30", "updatedFromDate": "2023-10-16"}, {"date": "2021-05-17", "symbol": "AFHIF", "eps": -0.21208, "epsEstimated": null, "time": "amc", "revenue": 2341000, "revenueEstimated": null, "fiscalDateEnding": "2021-03-30", "updatedFromDate": "2023-09-29"}, {"date": "2021-05-17", "symbol": "JHIUF", "eps": 0.28, "epsEstimated": 0.27, "time": "bmo", "revenue": null, "revenueEstimated": null, "fiscalDateEnding": "2021-03-31", "updatedFromDate": "2023-05-17"}, {"date": "2021-05-17", "symbol": "AKU.TO", "eps": 0.0097, "epsEstimated": null, "time": "bmo", "revenue": 66888900, "revenueEstimated": null, "fiscalDateEnding": "2021-03-31", "updatedFromDate": "2023-10-16"}, {"date": "2021-05-17", "symbol": "ZNTL", "eps": -1.24, "epsEstimated": -0.96, "time": "bmo", "revenue": null, "revenueEstimated": null, "fiscalDateEnding": "2021-03-30", "updatedFromDate": "2023-09-29"}, {"date": "2021-05-17", "symbol": "VRRM", "eps": 0.12, "epsEstimated": 0.11, "time": "amc", "revenue": 89858000, "revenueEstimated": 92340000, "fiscalDateEnding": "2021-03-30", "updatedFromDate": "2023-09-29"}, {"date": "2021-05-17", "symbol": "JKN.BK", "eps": 0.1267, "epsEstimated": null, "time": "bmo", "revenue": 423007000, "revenueEstimated": null, "fiscalDateEnding": "2021-03-30", "updatedFromDate": "2023-05-17"}, {"date": "2021-05-17", "symbol": "CRJ.WA", "eps": 10.43, "epsEstimated": null, "time": "bmo", "revenue": 13040025.65, "revenueEstimated": null, "fiscalDateEnding": "2021-02-17", "updatedFromDate": "2023-05-17"}, {"date": "2021-05-17", "symbol": "DPSI", "eps": 0.04, "epsEstimated": null, "time": "amc", "revenue": 16072000, "revenueEstimated": null, "fiscalDateEnding": "2021-03-30", "updatedFromDate": "2023-09-29"}, {"date": "2021-05-17", "symbol": "FTFT", "eps": -0.1, "epsEstimated": null, "time": "bmo", "revenue": 6613, "revenueEstimated": null, "fiscalDateEnding": "2021-03-30", "updatedFromDate": "2023-09-29"}, {"date": "2021-05-17", "symbol": "FSR", "eps": -0.11, "epsEstimated": -0.19, "time": "amc", "revenue": 22000, "revenueEstimated": null, "fiscalDateEnding": "2021-03-30", "updatedFromDate": "2023-09-29"}, {"date": "2021-05-17", "symbol": "4994.T", "eps": -44.01, "epsEstimated": null, "time": "bmo", "revenue": null, "revenueEstimated": null, "fiscalDateEnding": "2021-02-17", "updatedFromDate": "2023-10-17"}, {"date": "2021-05-17", "symbol": "TRTC", "eps": -0.0508, "epsEstimated": null, "time": "amc", "revenue": 5112000, "revenueEstimated": null, "fiscalDateEnding": "2021-03-30", "updatedFromDate": "2023-05-17"}, {"date": "2021-05-17", "symbol": "MLSS", "eps": -0.01, "epsEstimated": -0.00625, "time": "bmo", "revenue": 2924707, "revenueEstimated": 3948354, "fiscalDateEnding": "2021-03-30", "updatedFromDate": "2023-09-29"}, {"date": "2021-05-17", "symbol": "214180.KQ", "eps": null, "epsEstimated": null, "time": "bmo", "revenue": null, "revenueEstimated": null, "fiscalDateEnding": "2021-03-31", "updatedFromDate": "2023-05-17"}, {"date": "2021-05-17", "symbol": "8593.T", "eps": 16.59, "epsEstimated": null, "time": "bmo", "revenue": null, "revenueEstimated": null, "fiscalDateEnding": "2021-02-17", "updatedFromDate": "2023-10-17"}, {"date": "2021-05-17", "symbol": "103140.KS", "eps": 1623, "epsEstimated": 1095, "time": "bmo", "revenue": 923436433450, "revenueEstimated": null, "fiscalDateEnding": "2021-02-17", "updatedFromDate": "2023-05-17"}, {"date": "2021-05-17", "symbol": "PCSGH.BK", "eps": 0.1139, "epsEstimated": null, "time": "bmo", "revenue": 1140673000, "revenueEstimated": null, "fiscalDateEnding": "2021-02-17", "updatedFromDate": "2023-05-17"}, {"date": "2021-05-17", "symbol": "RECV3.SA", "eps": null, "epsEstimated": null, "time": "bmo", "revenue": null, "revenueEstimated": null, "fiscalDateEnding": "2021-03-31", "updatedFromDate": "2023-05-17"}, {"date": "2021-05-17", "symbol": "HYLN", "eps": -0.1, "epsEstimated": -0.14, "time": "amc", "revenue": null, "revenueEstimated": null, "fiscalDateEnding": "2021-03-30", "updatedFromDate": "2023-09-29"}, {"date": "2021-05-17", "symbol": "6794.T", "eps": -95.84, "epsEstimated": null, "time": "bmo", "revenue": null, "revenueEstimated": null, "fiscalDateEnding": "2021-02-17", "updatedFromDate": "2023-10-17"}, {"date": "2021-05-17", "symbol": "NPK.TO", "eps": -0.00028, "epsEstimated": null, "time": "bmo", "revenue": 5376000, "revenueEstimated": null, "fiscalDateEnding": "2021-02-17", "updatedFromDate": "2023-05-17"}, {"date": "2021-05-17", "symbol": "CCHWF", "eps": -0.05, "epsEstimated": -0.06, "time": "bmo", "revenue": 86095000, "revenueEstimated": null, "fiscalDateEnding": "2021-03-30", "updatedFromDate": "2023-05-17"}, {"date": "2021-05-17", "symbol": "7256.T", "eps": -70.48, "epsEstimated": null, "time": "bmo", "revenue": null, "revenueEstimated": null, "fiscalDateEnding": "2021-02-17", "updatedFromDate": "2023-10-17"}, {"date": "2021-05-17", "symbol": "025980.KQ", "eps": null, "epsEstimated": null, "time": "bmo", "revenue": null, "revenueEstimated": null, "fiscalDateEnding": "2021-03-31", "updatedFromDate": "2023-05-17"}, {"date": "2021-05-17", "symbol": "002380.KS", "eps": 2284, "epsEstimated": null, "time": "bmo", "revenue": 1362496816360, "revenueEstimated": null, "fiscalDateEnding": "2021-03-30", "updatedFromDate": "2023-05-17"}, {"date": "2021-05-17", "symbol": "MRM", "eps": null, "epsEstimated": null, "time": "amc", "revenue": null, "revenueEstimated": null, "fiscalDateEnding": "2021-02-17", "updatedFromDate": "2023-05-17"}, {"date": "2021-05-17", "symbol": "272450.KS", "eps": -1339.38, "epsEstimated": -10.34, "time": "bmo", "revenue": 63387442180, "revenueEstimated": null, "fiscalDateEnding": "2021-02-17", "updatedFromDate": "2023-05-17"}, {"date": "2021-05-17", "symbol": "NETE", "eps": 0.05101, "epsEstimated": null, "time": "bmo", "revenue": 23785346, "revenueEstimated": null, "fiscalDateEnding": "2021-03-30", "updatedFromDate": "2023-05-17"}, {"date": "2021-05-17", "symbol": "007980.KS", "eps": -206, "epsEstimated": null, "time": "bmo", "revenue": 193184480950, "revenueEstimated": null, "fiscalDateEnding": "2021-06-29", "updatedFromDate": "2023-05-17"}, {"date": "2021-05-17", "symbol": "TTAXF", "eps": null, "epsEstimated": null, "time": "bmo", "revenue": null, "revenueEstimated": null, "fiscalDateEnding": "2021-06-30", "updatedFromDate": "2023-05-17"}, {"date": "2021-05-17", "symbol": "CANN", "eps": -0.02, "epsEstimated": null, "time": "bmo", "revenue": 1647990, "revenueEstimated": null, "fiscalDateEnding": "2021-03-30", "updatedFromDate": "2023-09-29"}, {"date": "2021-05-17", "symbol": "SWKH", "eps": 0.36, "epsEstimated": 0.21, "time": "bmo", "revenue": 9373000, "revenueEstimated": 11520979, "fiscalDateEnding": "2021-03-30", "updatedFromDate": "2023-09-29"}, {"date": "2021-05-17", "symbol": "ACER", "eps": -0.11, "epsEstimated": -0.41, "time": "bmo", "revenue": 3998133, "revenueEstimated": 6297059, "fiscalDateEnding": "2021-03-30", "updatedFromDate": "2023-09-29"}, {"date": "2021-05-17", "symbol": "DMPHF", "eps": 0.67, "epsEstimated": 0.59, "time": "bmo", "revenue": null, "revenueEstimated": null, "fiscalDateEnding": "2021-03-31", "updatedFromDate": "2023-08-16"}, {"date": "2021-05-17", "symbol": "GVP", "eps": -0.05, "epsEstimated": null, "time": "amc", "revenue": 13104000, "revenueEstimated": null, "fiscalDateEnding": "2021-03-30", "updatedFromDate": "2023-09-29"}, {"date": "2021-05-17", "symbol": "ATLC", "eps": 1.91, "epsEstimated": null, "time": "bmo", "revenue": 87559000, "revenueEstimated": null, "fiscalDateEnding": "2021-03-30", "updatedFromDate": "2023-09-29"}, {"date": "2021-05-17", "symbol": "005950.KS", "eps": 1471.63, "epsEstimated": null, "time": "bmo", "revenue": 412264652890, "revenueEstimated": null, "fiscalDateEnding": "2021-02-17", "updatedFromDate": "2023-05-17"}, {"date": "2021-05-17", "symbol": "8306.T", "eps": 13.23, "epsEstimated": null, "time": "bmo", "revenue": null, "revenueEstimated": null, "fiscalDateEnding": "2021-02-17", "updatedFromDate": "2023-10-17"}, {"date": "2021-05-17", "symbol": "BDCO", "eps": -0.25, "epsEstimated": null, "time": "bmo", "revenue": 59413000, "revenueEstimated": null, "fiscalDateEnding": "2021-03-30", "updatedFromDate": "2023-09-29"}, {"date": "2021-05-17", "symbol": "CURR", "eps": -0.07, "epsEstimated": null, "time": "bmo", "revenue": 1445000, "revenueEstimated": null, "fiscalDateEnding": "2021-03-30", "updatedFromDate": "2023-09-29"}, {"date": "2021-05-17", "symbol": "LBUY", "eps": 0.00121, "epsEstimated": null, "time": "bmo", "revenue": 672149, "revenueEstimated": null, "fiscalDateEnding": "2021-03-30", "updatedFromDate": "2023-09-29"}, {"date": "2021-05-17", "symbol": "RAIL", "eps": -0.48, "epsEstimated": -0.24, "time": "bmo", "revenue": 32370000, "revenueEstimated": 27732375, "fiscalDateEnding": "2021-03-30", "updatedFromDate": "2023-09-29"}, {"date": "2021-05-17", "symbol": "AGTC", "eps": -0.4, "epsEstimated": -0.41, "time": "bmo", "revenue": null, "revenueEstimated": null, "fiscalDateEnding": "2021-03-30", "updatedFromDate": "2023-05-17"}, {"date": "2021-05-17", "symbol": "086790.KS", "eps": 2803, "epsEstimated": 2469.72, "time": "bmo", "revenue": 2576861000000, "revenueEstimated": null, "fiscalDateEnding": "2021-03-30", "updatedFromDate": "2023-05-17"}, {"date": "2021-05-17", "symbol": "ATIP", "eps": 0.27, "epsEstimated": 0.05, "time": "bmo", "revenue": 149062000, "revenueEstimated": null, "fiscalDateEnding": "2021-03-30", "updatedFromDate": "2023-09-29"}, {"date": "2021-05-17", "symbol": "HMY", "eps": null, "epsEstimated": null, "time": "bmo", "revenue": null, "revenueEstimated": null, "fiscalDateEnding": "2021-03-29", "updatedFromDate": "2023-09-29"}, {"date": "2021-05-17", "symbol": "NUVB", "eps": -0.12, "epsEstimated": -0.08, "time": "bmo", "revenue": null, "revenueEstimated": null, "fiscalDateEnding": "2021-03-30", "updatedFromDate": "2023-09-29"}, {"date": "2021-05-17", "symbol": "007700.KS", "eps": 7341.21, "epsEstimated": 2712.16, "time": "bmo", "revenue": 8816263420, "revenueEstimated": null, "fiscalDateEnding": "2021-02-17", "updatedFromDate": "2023-05-17"}, {"date": "2021-05-17", "symbol": "001060.KS", "eps": -158.13205, "epsEstimated": null, "time": "bmo", "revenue": 146029699600, "revenueEstimated": null, "fiscalDateEnding": "2021-02-17", "updatedFromDate": "2023-05-17"}, {"date": "2021-05-17", "symbol": "NEXCOM.CO", "eps": -0.51, "epsEstimated": null, "time": "bmo", "revenue": 2619000, "revenueEstimated": null, "fiscalDateEnding": "2021-03-30", "updatedFromDate": "2023-07-24"}, {"date": "2021-05-17", "symbol": "033240.KS", "eps": 760, "epsEstimated": null, "time": "bmo", "revenue": 73888092780, "revenueEstimated": null, "fiscalDateEnding": "2021-02-17", "updatedFromDate": "2023-05-17"}, {"date": "2021-05-17", "symbol": "6615.T", "eps": -17.03, "epsEstimated": null, "time": "bmo", "revenue": null, "revenueEstimated": null, "fiscalDateEnding": "2021-02-17", "updatedFromDate": "2023-10-17"}, {"date": "2021-05-17", "symbol": "010620.KS", "eps": 696, "epsEstimated": 248.5, "time": "bmo", "revenue": 722654324000, "revenueEstimated": null, "fiscalDateEnding": "2021-02-17", "updatedFromDate": "2023-05-17"}, {"date": "2021-05-17", "symbol": "AKU", "eps": 0.0097, "epsEstimated": null, "time": "bmo", "revenue": 66888900, "revenueEstimated": null, "fiscalDateEnding": "2021-03-31", "updatedFromDate": "2023-09-29"}, {"date": "2021-05-17", "symbol": "NAK", "eps": -0.02, "epsEstimated": -0.02, "time": "bmo", "revenue": null, "revenueEstimated": null, "fiscalDateEnding": "2021-03-31", "updatedFromDate": "2023-09-29"}, {"date": "2021-05-17", "symbol": "BUSXD", "eps": null, "epsEstimated": null, "time": "bmo", "revenue": null, "revenueEstimated": null, "fiscalDateEnding": "2021-03-31", "updatedFromDate": "2023-05-17"}, {"date": "2021-05-17", "symbol": "028100.KS", "eps": 430.32, "epsEstimated": null, "time": "bmo", "revenue": 82407234540, "revenueEstimated": null, "fiscalDateEnding": "2021-06-29", "updatedFromDate": "2023-05-17"}, {"date": "2021-05-17", "symbol": "003230.KS", "eps": 1733, "epsEstimated": null, "time": "bmo", "revenue": 147566112640, "revenueEstimated": null, "fiscalDateEnding": "2021-02-17", "updatedFromDate": "2023-05-17"}, {"date": "2021-05-17", "symbol": "002600.KS", "eps": 9638.67, "epsEstimated": null, "time": "bmo", "revenue": 55563257710, "revenueEstimated": null, "fiscalDateEnding": "2021-03-30", "updatedFromDate": "2023-05-17"}, {"date": "2021-05-17", "symbol": "RIOT", "eps": 0.09, "epsEstimated": 0.2, "time": "bmo", "revenue": 23197000, "revenueEstimated": 3600000, "fiscalDateEnding": "2021-03-30", "updatedFromDate": "2023-09-29"}, {"date": "2021-05-17", "symbol": "7995.T", "eps": 51, "epsEstimated": null, "time": "bmo", "revenue": null, "revenueEstimated": null, "fiscalDateEnding": "2021-02-17", "updatedFromDate": "2023-10-17"}, {"date": "2021-05-17", "symbol": "002780.KS", "eps": 63.51, "epsEstimated": null, "time": "bmo", "revenue": 106317781750, "revenueEstimated": null, "fiscalDateEnding": "2021-02-17", "updatedFromDate": "2023-05-17"}, {"date": "2021-05-17", "symbol": "IMQCF", "eps": 0.06, "epsEstimated": 0.06, "time": "bmo", "revenue": null, "revenueEstimated": null, "fiscalDateEnding": "2021-03-31", "updatedFromDate": "2023-05-17"}, {"date": "2021-05-17", "symbol": "281820.KS", "eps": 449, "epsEstimated": null, "time": "bmo", "revenue": 76047838350, "revenueEstimated": null, "fiscalDateEnding": "2021-02-17", "updatedFromDate": "2023-05-17"}, {"date": "2021-05-17", "symbol": "CUE", "eps": -0.41, "epsEstimated": -0.37, "time": "bmo", "revenue": 1553000, "revenueEstimated": 1430394, "fiscalDateEnding": "2021-03-30", "updatedFromDate": "2023-09-29"}, {"date": "2021-05-17", "symbol": "071050.KS", "eps": 6879, "epsEstimated": 7106.37, "time": "bmo", "revenue": 975808998480, "revenueEstimated": null, "fiscalDateEnding": "2021-03-31", "updatedFromDate": "2023-10-16"}, {"date": "2021-05-17", "symbol": "SCND", "eps": -0.51, "epsEstimated": -0.27, "time": "bmo", "revenue": 2530100, "revenueEstimated": null, "fiscalDateEnding": "2021-02-17", "updatedFromDate": "2023-10-17"}, {"date": "2021-05-17", "symbol": "MCCX", "eps": -0.0033, "epsEstimated": null, "time": "bmo", "revenue": 106710, "revenueEstimated": null, "fiscalDateEnding": "2021-03-30", "updatedFromDate": "2023-09-29"}, {"date": "2021-05-17", "symbol": "036420.KS", "eps": -673, "epsEstimated": 387, "time": "bmo", "revenue": 120134061990, "revenueEstimated": null, "fiscalDateEnding": "2021-03-30", "updatedFromDate": "2023-08-16"}, {"date": "2021-05-17", "symbol": "003039.SZ", "eps": 0.09658, "epsEstimated": null, "time": "bmo", "revenue": 324553919.07, "revenueEstimated": null, "fiscalDateEnding": "2021-06-29", "updatedFromDate": "2023-05-17"}, {"date": "2021-05-17", "symbol": "FKWL", "eps": 0.33, "epsEstimated": 0.39, "time": "bmo", "revenue": 44330954, "revenueEstimated": 51151100, "fiscalDateEnding": "2021-03-30", "updatedFromDate": "2023-09-29"}, {"date": "2021-05-17", "symbol": "SSMFF", "eps": null, "epsEstimated": null, "time": "bmo", "revenue": null, "revenueEstimated": null, "fiscalDateEnding": "2021-03-31", "updatedFromDate": "2023-05-17"}, {"date": "2021-05-17", "symbol": "8361.T", "eps": 4.69, "epsEstimated": null, "time": "bmo", "revenue": null, "revenueEstimated": null, "fiscalDateEnding": "2021-02-17", "updatedFromDate": "2023-10-17"}, {"date": "2021-05-17", "symbol": "AXAS", "eps": -0.28, "epsEstimated": -0.0175, "time": "bmo", "revenue": 16670000, "revenueEstimated": null, "fiscalDateEnding": "2021-03-30", "updatedFromDate": "2023-09-29"}, {"date": "2021-05-17", "symbol": "ETL.WA", "eps": 1.13, "epsEstimated": null, "time": "bmo", "revenue": 98375000, "revenueEstimated": null, "fiscalDateEnding": "2021-03-30", "updatedFromDate": "2023-05-17"}, {"date": "2021-05-17", "symbol": "COCP", "eps": -0.48, "epsEstimated": -0.48, "time": "bmo", "revenue": null, "revenueEstimated": null, "fiscalDateEnding": "2021-03-30", "updatedFromDate": "2023-09-29"}, {"date": "2021-05-17", "symbol": "STEM", "eps": -1.24327, "epsEstimated": null, "time": "bmo", "revenue": null, "revenueEstimated": null, "fiscalDateEnding": "2021-03-30", "updatedFromDate": "2023-09-29"}, {"date": "2021-05-17", "symbol": "YSHOF", "eps": 16.74, "epsEstimated": null, "time": "bmo", "revenue": null, "revenueEstimated": null, "fiscalDateEnding": "2021-03-31", "updatedFromDate": "2023-05-17"}, {"date": "2021-05-17", "symbol": "LWLG", "eps": -0.02, "epsEstimated": null, "time": "amc", "revenue": null, "revenueEstimated": null, "fiscalDateEnding": "2021-03-30", "updatedFromDate": "2023-09-29"}, {"date": "2021-05-17", "symbol": "ESP", "eps": -0.44, "epsEstimated": null, "time": "bmo", "revenue": 4205068, "revenueEstimated": null, "fiscalDateEnding": "2021-03-30", "updatedFromDate": "2023-09-29"}, {"date": "2021-05-17", "symbol": "TCFF", "eps": -0.073, "epsEstimated": null, "time": "bmo", "revenue": 944562, "revenueEstimated": null, "fiscalDateEnding": "2021-03-30", "updatedFromDate": "2023-05-17"}, {"date": "2021-05-17", "symbol": "011070.KS", "eps": 10624, "epsEstimated": 9984.62, "time": "bmo", "revenue": 3070252186440, "revenueEstimated": null, "fiscalDateEnding": "2021-03-30", "updatedFromDate": "2023-05-17"}, {"date": "2021-05-17", "symbol": "175330.KS", "eps": 657, "epsEstimated": 702, "time": "bmo", "revenue": 415457000000, "revenueEstimated": null, "fiscalDateEnding": "2021-02-17", "updatedFromDate": "2023-05-17"}, {"date": "2021-05-17", "symbol": "145720.KS", "eps": 985, "epsEstimated": null, "time": "bmo", "revenue": 72494869240, "revenueEstimated": null, "fiscalDateEnding": "2021-02-17", "updatedFromDate": "2023-05-17"}, {"date": "2021-05-17", "symbol": "020000.KS", "eps": 1485, "epsEstimated": null, "time": "bmo", "revenue": 333333804830, "revenueEstimated": null, "fiscalDateEnding": "2021-03-30", "updatedFromDate": "2023-08-16"}, {"date": "2021-05-17", "symbol": "090460.KQ", "eps": -301, "epsEstimated": -70.33, "time": "bmo", "revenue": null, "revenueEstimated": null, "fiscalDateEnding": "2021-03-31", "updatedFromDate": "2023-05-17"}, {"date": "2021-05-17", "symbol": "006360.KS", "eps": 1867, "epsEstimated": 1701.52, "time": "bmo", "revenue": 2014136425950, "revenueEstimated": null, "fiscalDateEnding": "2021-03-30", "updatedFromDate": "2023-05-17"}, {"date": "2021-05-17", "symbol": "IPSOF", "eps": null, "epsEstimated": null, "time": "bmo", "revenue": null, "revenueEstimated": null, "fiscalDateEnding": "2021-03-31", "updatedFromDate": "2023-05-17"}, {"date": "2021-05-17", "symbol": "SGSI", "eps": null, "epsEstimated": null, "time": "amc", "revenue": null, "revenueEstimated": null, "fiscalDateEnding": "2021-03-29", "updatedFromDate": "2023-05-17"}, {"date": "2021-05-17", "symbol": "NIU", "eps": 0.01, "epsEstimated": 0.0061, "time": "bmo", "revenue": 547336565, "revenueEstimated": 807868769, "fiscalDateEnding": "2021-03-31", "updatedFromDate": "2023-09-29"}, {"date": "2021-05-17", "symbol": "PRTK", "eps": 0.39, "epsEstimated": 0.22, "time": "bmo", "revenue": 14814000, "revenueEstimated": 15994710, "fiscalDateEnding": "2021-03-30", "updatedFromDate": "2023-09-29"}, {"date": "2021-05-17", "symbol": "PVL.PA", "eps": null, "epsEstimated": null, "time": "bmo", "revenue": null, "revenueEstimated": null, "fiscalDateEnding": "2021-02-17", "updatedFromDate": "2023-05-17"}, {"date": "2021-05-17", "symbol": "PFHO", "eps": 0.04, "epsEstimated": null, "time": "amc", "revenue": 1324362, "revenueEstimated": null, "fiscalDateEnding": "2021-03-30", "updatedFromDate": "2023-09-29"}, {"date": "2021-05-17", "symbol": "KAYS", "eps": -0.38525, "epsEstimated": null, "time": "bmo", "revenue": 237018, "revenueEstimated": null, "fiscalDateEnding": "2021-03-30", "updatedFromDate": "2023-09-29"}, {"date": "2021-05-17", "symbol": "NEXI", "eps": -0.71, "epsEstimated": -0.81, "time": "amc", "revenue": null, "revenueEstimated": null, "fiscalDateEnding": "2021-03-30", "updatedFromDate": "2023-09-29"}, {"date": "2021-05-17", "symbol": "003160.KS", "eps": 176, "epsEstimated": null, "time": "bmo", "revenue": 80476674340, "revenueEstimated": null, "fiscalDateEnding": "2021-02-17", "updatedFromDate": "2023-05-17"}, {"date": "2021-05-17", "symbol": "TBTC", "eps": 0.1367, "epsEstimated": null, "time": "bmo", "revenue": 2176973, "revenueEstimated": null, "fiscalDateEnding": "2021-03-30", "updatedFromDate": "2023-05-17"}, {"date": "2021-05-17", "symbol": "AYTU", "eps": -3.4, "epsEstimated": -7.2, "time": "amc", "revenue": 13482282, "revenueEstimated": 14680000, "fiscalDateEnding": "2021-03-30", "updatedFromDate": "2023-10-16"}, {"date": "2021-05-17", "symbol": "AYMSYNTEX.NS", "eps": null, "epsEstimated": null, "time": "bmo", "revenue": null, "revenueEstimated": null, "fiscalDateEnding": "2021-02-17", "updatedFromDate": "2023-10-17"}, {"date": "2021-05-17", "symbol": "BTVCF", "eps": null, "epsEstimated": null, "time": "bmo", "revenue": null, "revenueEstimated": null, "fiscalDateEnding": "2021-06-30", "updatedFromDate": "2023-05-17"}, {"date": "2021-05-17", "symbol": "IHT", "eps": -0.05, "epsEstimated": null, "time": "bmo", "revenue": 1399126, "revenueEstimated": null, "fiscalDateEnding": "2021-04-29", "updatedFromDate": "2023-09-29"}, {"date": "2021-05-17", "symbol": "LUVU", "eps": 0.01, "epsEstimated": null, "time": "bmo", "revenue": 6181000, "revenueEstimated": null, "fiscalDateEnding": "2021-03-30", "updatedFromDate": "2023-10-16"}, {"date": "2021-05-17", "symbol": "RLBY", "eps": -9e-05, "epsEstimated": null, "time": "bmo", "revenue": 5794000, "revenueEstimated": null, "fiscalDateEnding": "2021-03-30", "updatedFromDate": "2023-09-29"}, {"date": "2021-05-17", "symbol": "ENOB", "eps": -0.09, "epsEstimated": null, "time": "bmo", "revenue": null, "revenueEstimated": null, "fiscalDateEnding": "2021-03-30", "updatedFromDate": "2023-10-16"}, {"date": "2021-05-17", "symbol": "OMEX", "eps": -0.29, "epsEstimated": null, "time": "amc", "revenue": 291676, "revenueEstimated": null, "fiscalDateEnding": "2021-03-30", "updatedFromDate": "2023-09-29"}, {"date": "2021-05-17", "symbol": "IPS.PA", "eps": null, "epsEstimated": null, "time": "bmo", "revenue": null, "revenueEstimated": null, "fiscalDateEnding": "2021-03-31", "updatedFromDate": "2023-05-17"}, {"date": "2021-05-17", "symbol": "064350.KS", "eps": 71, "epsEstimated": null, "time": "bmo", "revenue": 653383763000, "revenueEstimated": null, "fiscalDateEnding": "2021-03-30", "updatedFromDate": "2023-05-17"}, {"date": "2021-05-17", "symbol": "SAWAD.BK", "eps": 0.99, "epsEstimated": 0.95, "time": "bmo", "revenue": 2575196000, "revenueEstimated": null, "fiscalDateEnding": "2021-03-31", "updatedFromDate": "2023-05-17"}, {"date": "2021-05-17", "symbol": "VEI", "eps": -2.73, "epsEstimated": 0.05, "time": "bmo", "revenue": 153986000, "revenueEstimated": 7844046840, "fiscalDateEnding": "2021-03-30", "updatedFromDate": "2023-05-17"}, {"date": "2021-05-17", "symbol": "RYA.IR", "eps": -0.25, "epsEstimated": -0.32, "time": "bmo", "revenue": null, "revenueEstimated": null, "fiscalDateEnding": "2021-09-30", "updatedFromDate": "2023-05-17"}, {"date": "2021-05-17", "symbol": "MARPS", "eps": 0.01, "epsEstimated": null, "time": "bmo", "revenue": null, "revenueEstimated": null, "fiscalDateEnding": "2021-02-17", "updatedFromDate": "2023-10-16"}, {"date": "2021-05-17", "symbol": "139480.KS", "eps": 3035, "epsEstimated": 3420.26, "time": "bmo", "revenue": 5864687724930, "revenueEstimated": null, "fiscalDateEnding": "2021-02-17", "updatedFromDate": "2023-05-17"}, {"date": "2021-05-17", "symbol": "009240.KS", "eps": 1141, "epsEstimated": 910.82, "time": "bmo", "revenue": 568696923450, "revenueEstimated": null, "fiscalDateEnding": "2021-02-17", "updatedFromDate": "2023-05-17"}, {"date": "2021-05-17", "symbol": "PNRG", "eps": -0.73, "epsEstimated": null, "time": "bmo", "revenue": 14972000, "revenueEstimated": null, "fiscalDateEnding": "2021-03-30", "updatedFromDate": "2023-09-29"}, {"date": "2021-05-17", "symbol": "RAHGF", "eps": null, "epsEstimated": null, "time": "bmo", "revenue": null, "revenueEstimated": null, "fiscalDateEnding": "2021-03-31", "updatedFromDate": "2023-05-17"}, {"date": "2021-05-17", "symbol": "SPG.TO", "eps": -0.01, "epsEstimated": -0.00417, "time": "bmo", "revenue": 56028000, "revenueEstimated": null, "fiscalDateEnding": "2021-03-31", "updatedFromDate": "2023-05-17"}, {"date": "2021-05-17", "symbol": "ITD.BK", "eps": 0.05, "epsEstimated": null, "time": "bmo", "revenue": 15070164000, "revenueEstimated": null, "fiscalDateEnding": "2021-03-30", "updatedFromDate": "2023-05-17"}, {"date": "2021-05-17", "symbol": "ADV", "eps": 0.15, "epsEstimated": 0.14, "time": "amc", "revenue": 791021000, "revenueEstimated": 755065500, "fiscalDateEnding": "2021-03-30", "updatedFromDate": "2023-09-29"}, {"date": "2021-05-17", "symbol": "TPGY", "eps": 2.35, "epsEstimated": null, "time": "bmo", "revenue": null, "revenueEstimated": null, "fiscalDateEnding": "2021-03-30", "updatedFromDate": "2023-05-17"}, {"date": "2021-05-17", "symbol": "003690.KS", "eps": 408.33, "epsEstimated": null, "time": "bmo", "revenue": 1649364514780, "revenueEstimated": null, "fiscalDateEnding": "2021-03-31", "updatedFromDate": "2023-10-16"}, {"date": "2021-05-17", "symbol": "BHLL", "eps": 0.04, "epsEstimated": null, "time": "bmo", "revenue": null, "revenueEstimated": null, "fiscalDateEnding": "2021-03-30", "updatedFromDate": "2023-10-10"}, {"date": "2021-05-17", "symbol": "GAZP.ME", "eps": 19.88, "epsEstimated": null, "time": "bmo", "revenue": 2066807000000, "revenueEstimated": null, "fiscalDateEnding": "2021-02-17", "updatedFromDate": "2023-05-17"}, {"date": "2021-05-17", "symbol": "MRNS", "eps": -0.74, "epsEstimated": -0.46, "time": "bmo", "revenue": 1806000, "revenueEstimated": 1589278.5, "fiscalDateEnding": "2021-03-30", "updatedFromDate": "2023-09-29"}, {"date": "2021-05-17", "symbol": "ONDS.TA", "eps": -0.12, "epsEstimated": -0.1, "time": "bmo", "revenue": null, "revenueEstimated": null, "fiscalDateEnding": "2021-03-31", "updatedFromDate": "2023-08-16"}, {"date": "2021-05-17", "symbol": "MYCOD", "eps": null, "epsEstimated": null, "time": "bmo", "revenue": null, "revenueEstimated": null, "fiscalDateEnding": "2021-03-31", "updatedFromDate": "2023-05-17"}, {"date": "2021-05-17", "symbol": "AGE", "eps": -0.05, "epsEstimated": null, "time": "amc", "revenue": 56000, "revenueEstimated": null, "fiscalDateEnding": "2021-03-30", "updatedFromDate": "2023-09-29"}, {"date": "2021-05-17", "symbol": "2594.T", "eps": -99.6, "epsEstimated": null, "time": "bmo", "revenue": null, "revenueEstimated": null, "fiscalDateEnding": "2021-02-17", "updatedFromDate": "2023-10-17"}, {"date": "2021-05-17", "symbol": "5943.T", "eps": 87.64, "epsEstimated": null, "time": "bmo", "revenue": 44889000000, "revenueEstimated": null, "fiscalDateEnding": "2021-02-17", "updatedFromDate": "2023-05-17"}, {"date": "2021-05-17", "symbol": "ANGN", "eps": -0.94, "epsEstimated": -0.62, "time": "bmo", "revenue": 371000, "revenueEstimated": 315948, "fiscalDateEnding": "2021-03-30", "updatedFromDate": "2023-09-29"}, {"date": "2021-05-17", "symbol": "PCYG", "eps": 0.03, "epsEstimated": 0.03, "time": "amc", "revenue": 6022540, "revenueEstimated": 6022539, "fiscalDateEnding": "2021-03-30", "updatedFromDate": "2023-10-16"}, {"date": "2021-05-17", "symbol": "AADI", "eps": 1.35, "epsEstimated": 1.35, "time": "amc", "revenue": null, "revenueEstimated": null, "fiscalDateEnding": "2021-03-30", "updatedFromDate": "2023-09-29"}, {"date": "2021-05-17", "symbol": "SNFCA", "eps": 0.53, "epsEstimated": null, "time": "bmo", "revenue": 122658606, "revenueEstimated": null, "fiscalDateEnding": "2021-03-30", "updatedFromDate": "2023-09-29"}, {"date": "2021-05-17", "symbol": "004440.KS", "eps": 303, "epsEstimated": null, "time": "bmo", "revenue": 59529100010, "revenueEstimated": null, "fiscalDateEnding": "2021-02-17", "updatedFromDate": "2023-05-17"}, {"date": "2021-05-17", "symbol": "STPGF", "eps": 0.01, "epsEstimated": 0.1, "time": "bmo", "revenue": 1634000, "revenueEstimated": null, "fiscalDateEnding": "2021-03-31", "updatedFromDate": "2023-08-25"}, {"date": "2021-05-17", "symbol": "DM", "eps": 0.03, "epsEstimated": -0.13, "time": "amc", "revenue": 11313000, "revenueEstimated": 22908825, "fiscalDateEnding": "2021-03-30", "updatedFromDate": "2023-09-29"}, {"date": "2021-05-17", "symbol": "089590.KS", "eps": -1797.91, "epsEstimated": -1294.38, "time": "bmo", "revenue": 41827421220, "revenueEstimated": null, "fiscalDateEnding": "2021-03-30", "updatedFromDate": "2023-05-17"}, {"date": "2021-05-17", "symbol": "003520.KS", "eps": -10, "epsEstimated": null, "time": "bmo", "revenue": 43645524040, "revenueEstimated": null, "fiscalDateEnding": "2021-03-30", "updatedFromDate": "2023-05-17"}, {"date": "2021-05-17", "symbol": "FGOVF", "eps": null, "epsEstimated": null, "time": "amc", "revenue": null, "revenueEstimated": null, "fiscalDateEnding": "2021-03-31", "updatedFromDate": "2023-05-17"}, {"date": "2021-05-17", "symbol": "BLGO", "eps": -0.00698, "epsEstimated": null, "time": "amc", "revenue": 571000, "revenueEstimated": null, "fiscalDateEnding": "2021-03-30", "updatedFromDate": "2023-05-17"}, {"date": "2021-05-17", "symbol": "AMHPF", "eps": null, "epsEstimated": null, "time": "bmo", "revenue": null, "revenueEstimated": null, "fiscalDateEnding": "2021-03-31", "updatedFromDate": "2023-05-17"}, {"date": "2021-05-17", "symbol": "014620.KQ", "eps": 9, "epsEstimated": 27, "time": "bmo", "revenue": null, "revenueEstimated": null, "fiscalDateEnding": "2021-03-31", "updatedFromDate": "2023-08-16"}, {"date": "2021-05-17", "symbol": "INDI", "eps": 0.06, "epsEstimated": 0.06, "time": "amc", "revenue": 8114000, "revenueEstimated": null, "fiscalDateEnding": "2021-03-31", "updatedFromDate": "2023-09-29"}, {"date": "2021-05-17", "symbol": "PTPI", "eps": -2.4, "epsEstimated": null, "time": "bmo", "revenue": 4075606, "revenueEstimated": null, "fiscalDateEnding": "2021-03-30", "updatedFromDate": "2023-09-29"}, {"date": "2021-05-17", "symbol": "010690.KS", "eps": 209, "epsEstimated": null, "time": "bmo", "revenue": 341176065280, "revenueEstimated": null, "fiscalDateEnding": "2021-03-30", "updatedFromDate": "2023-05-17"}, {"date": "2021-05-17", "symbol": "IOR", "eps": 0.32, "epsEstimated": null, "time": "amc", "revenue": null, "revenueEstimated": null, "fiscalDateEnding": "2021-03-30", "updatedFromDate": "2023-09-29"}, {"date": "2021-05-17", "symbol": "PBT", "eps": 0.04, "epsEstimated": null, "time": "bmo", "revenue": 2125470, "revenueEstimated": null, "fiscalDateEnding": "2021-03-30", "updatedFromDate": "2023-09-29"}, {"date": "2021-05-17", "symbol": "IBIO", "eps": -1, "epsEstimated": -1.25, "time": "bmo", "revenue": 765000, "revenueEstimated": 918000, "fiscalDateEnding": "2021-03-30", "updatedFromDate": "2023-09-29"}, {"date": "2021-05-17", "symbol": "WDLF", "eps": -1e-05, "epsEstimated": null, "time": "bmo", "revenue": 62500, "revenueEstimated": null, "fiscalDateEnding": "2021-03-30", "updatedFromDate": "2023-05-17"}, {"date": "2021-05-17", "symbol": "001630.KS", "eps": 1270, "epsEstimated": null, "time": "bmo", "revenue": 246090184750, "revenueEstimated": null, "fiscalDateEnding": "2021-03-30", "updatedFromDate": "2023-05-17"}, {"date": "2021-05-17", "symbol": "TH.BK", "eps": 0.01034, "epsEstimated": null, "time": "bmo", "revenue": 9358659, "revenueEstimated": null, "fiscalDateEnding": "2021-03-30", "updatedFromDate": "2023-05-17"}, {"date": "2021-05-17", "symbol": "051900.KS", "eps": 15215.9, "epsEstimated": 15871.37, "time": "bmo", "revenue": 2021420940050, "revenueEstimated": null, "fiscalDateEnding": "2021-02-17", "updatedFromDate": "2023-05-17"}, {"date": "2021-05-17", "symbol": "TLSA", "eps": null, "epsEstimated": null, "time": "bmo", "revenue": null, "revenueEstimated": null, "fiscalDateEnding": "2021-02-17", "updatedFromDate": "2023-05-17"}, {"date": "2021-05-17", "symbol": "MAG", "eps": -0.04, "epsEstimated": -0.00333, "time": "bmo", "revenue": null, "revenueEstimated": null, "fiscalDateEnding": "2021-03-31", "updatedFromDate": "2023-09-29"}, {"date": "2021-05-17", "symbol": "000370.KS", "eps": 451, "epsEstimated": null, "time": "bmo", "revenue": 1416410434400, "revenueEstimated": null, "fiscalDateEnding": "2021-03-31", "updatedFromDate": "2023-10-16"}, {"date": "2021-05-17", "symbol": "NEVDD", "eps": null, "epsEstimated": null, "time": "bmo", "revenue": null, "revenueEstimated": null, "fiscalDateEnding": "2021-03-31", "updatedFromDate": "2023-05-17"}, {"date": "2021-05-17", "symbol": "HAR.JO", "eps": null, "epsEstimated": null, "time": "bmo", "revenue": null, "revenueEstimated": null, "fiscalDateEnding": "2021-02-17", "updatedFromDate": "2023-10-17"}, {"date": "2021-05-17", "symbol": "6419.T", "eps": 14.1, "epsEstimated": null, "time": "bmo", "revenue": null, "revenueEstimated": null, "fiscalDateEnding": "2021-02-17", "updatedFromDate": "2023-10-17"}, {"date": "2021-05-17", "symbol": "051370.KQ", "eps": -194, "epsEstimated": null, "time": "bmo", "revenue": null, "revenueEstimated": 467500000, "fiscalDateEnding": "2021-03-31", "updatedFromDate": "2023-05-17"}, {"date": "2021-05-17", "symbol": "230240.KQ", "eps": -482, "epsEstimated": null, "time": "bmo", "revenue": null, "revenueEstimated": null, "fiscalDateEnding": "2021-03-31", "updatedFromDate": "2023-05-17"}, {"date": "2021-05-17", "symbol": "005850.KS", "eps": 1163, "epsEstimated": 574, "time": "bmo", "revenue": 740375794010, "revenueEstimated": null, "fiscalDateEnding": "2021-03-31", "updatedFromDate": "2023-10-16"}, {"date": "2021-05-17", "symbol": "MEJHF", "eps": 55.99, "epsEstimated": 96.85, "time": "bmo", "revenue": null, "revenueEstimated": null, "fiscalDateEnding": "2021-09-30", "updatedFromDate": "2023-05-17"}, {"date": "2021-05-17", "symbol": "1979.T", "eps": 108.44, "epsEstimated": 54.89, "time": "bmo", "revenue": null, "revenueEstimated": null, "fiscalDateEnding": "2021-02-17", "updatedFromDate": "2023-10-17"}, {"date": "2021-05-17", "symbol": "035250.KS", "eps": -201.68, "epsEstimated": -22.55, "time": "bmo", "revenue": 203614782940, "revenueEstimated": null, "fiscalDateEnding": "2021-02-17", "updatedFromDate": "2023-05-17"}, {"date": "2021-05-17", "symbol": "2196.T", "eps": -99.47, "epsEstimated": null, "time": "bmo", "revenue": null, "revenueEstimated": null, "fiscalDateEnding": "2021-02-17", "updatedFromDate": "2023-10-17"}, {"date": "2021-05-17", "symbol": "051600.KS", "eps": 980, "epsEstimated": 517.21, "time": "bmo", "revenue": 367960493460, "revenueEstimated": null, "fiscalDateEnding": "2021-02-17", "updatedFromDate": "2023-05-17"}, {"date": "2021-05-17", "symbol": "012750.KS", "eps": 1240, "epsEstimated": 1103, "time": "bmo", "revenue": 582602229850, "revenueEstimated": null, "fiscalDateEnding": "2021-02-17", "updatedFromDate": "2023-05-17"}, {"date": "2021-05-17", "symbol": "UWHR", "eps": 0.612, "epsEstimated": null, "time": "bmo", "revenue": 13521000, "revenueEstimated": null, "fiscalDateEnding": "2021-03-30", "updatedFromDate": "2023-05-17"}, {"date": "2021-05-17", "symbol": "MOBB.ME", "eps": -0.30048, "epsEstimated": null, "time": "bmo", "revenue": -3156000, "revenueEstimated": null, "fiscalDateEnding": "2021-03-31", "updatedFromDate": "2023-05-17"}, {"date": "2021-05-17", "symbol": "ERDCF", "eps": null, "epsEstimated": null, "time": "bmo", "revenue": null, "revenueEstimated": null, "fiscalDateEnding": "2021-03-31", "updatedFromDate": "2023-05-17"}, {"date": "2021-05-17", "symbol": "MGAWF", "eps": 0.07, "epsEstimated": 0.08, "time": "bmo", "revenue": null, "revenueEstimated": null, "fiscalDateEnding": "2021-03-31", "updatedFromDate": "2023-05-17"}, {"date": "2021-05-17", "symbol": "005390.KS", "eps": 7, "epsEstimated": null, "time": "bmo", "revenue": null, "revenueEstimated": null, "fiscalDateEnding": "2021-02-17", "updatedFromDate": "2023-10-16"}, {"date": "2021-05-17", "symbol": "003220.KS", "eps": -380.58, "epsEstimated": null, "time": "bmo", "revenue": 87699760360, "revenueEstimated": null, "fiscalDateEnding": "2021-02-17", "updatedFromDate": "2023-05-17"}, {"date": "2021-05-17", "symbol": "VERO", "eps": -2.55, "epsEstimated": -2.25, "time": "amc", "revenue": 22597000, "revenueEstimated": 19584066, "fiscalDateEnding": "2021-03-30", "updatedFromDate": "2023-09-29"}, {"date": "2021-05-17", "symbol": "016450.KS", "eps": 478.02, "epsEstimated": null, "time": "bmo", "revenue": 659673740100, "revenueEstimated": null, "fiscalDateEnding": "2021-02-17", "updatedFromDate": "2023-05-17"}, {"date": "2021-05-17", "symbol": "EMN.AX", "eps": null, "epsEstimated": null, "time": "bmo", "revenue": null, "revenueEstimated": null, "fiscalDateEnding": "2021-06-30", "updatedFromDate": "2023-05-17"}, {"date": "2021-05-17", "symbol": "VVCIF", "eps": null, "epsEstimated": null, "time": "amc", "revenue": null, "revenueEstimated": null, "fiscalDateEnding": "2021-03-31", "updatedFromDate": "2023-05-17"}, {"date": "2021-05-17", "symbol": "035890.KQ", "eps": null, "epsEstimated": null, "time": "bmo", "revenue": null, "revenueEstimated": null, "fiscalDateEnding": "2021-03-31", "updatedFromDate": "2023-05-17"}, {"date": "2021-05-17", "symbol": "FVL.TO", "eps": -0.00123, "epsEstimated": null, "time": "bmo", "revenue": null, "revenueEstimated": null, "fiscalDateEnding": "2021-03-30", "updatedFromDate": "2023-05-17"}, {"date": "2021-05-17", "symbol": "BLIN++++++++++", "eps": -0.11, "epsEstimated": -0.02316, "time": "bmo", "revenue": null, "revenueEstimated": null, "fiscalDateEnding": "2021-03-30", "updatedFromDate": "2023-08-16"}, {"date": "2021-05-17", "symbol": "NRF.BK", "eps": 0.01037, "epsEstimated": null, "time": "bmo", "revenue": 471743000, "revenueEstimated": null, "fiscalDateEnding": "2021-03-30", "updatedFromDate": "2023-05-17"}, {"date": "2021-05-17", "symbol": "004020.KS", "eps": 1595, "epsEstimated": 1138.12, "time": "bmo", "revenue": 5621869073010, "revenueEstimated": null, "fiscalDateEnding": "2021-02-17", "updatedFromDate": "2023-05-17"}, {"date": "2021-05-17", "symbol": "108670.KS", "eps": 3743.21, "epsEstimated": null, "time": "bmo", "revenue": 773756000000, "revenueEstimated": null, "fiscalDateEnding": "2021-03-30", "updatedFromDate": "2023-08-16"}, {"date": "2021-05-17", "symbol": "SKE.TO", "eps": -0.71095, "epsEstimated": null, "time": "bmo", "revenue": null, "revenueEstimated": null, "fiscalDateEnding": "2021-03-30", "updatedFromDate": "2023-08-16"}, {"date": "2021-05-17", "symbol": "CBAT", "eps": 0.02, "epsEstimated": null, "time": "amc", "revenue": 9416049, "revenueEstimated": null, "fiscalDateEnding": "2021-03-30", "updatedFromDate": "2023-09-29"}, {"date": "2021-05-17", "symbol": "EAGR.TO", "eps": 0.01973, "epsEstimated": null, "time": "bmo", "revenue": 23004986, "revenueEstimated": null, "fiscalDateEnding": "2021-03-31", "updatedFromDate": "2023-08-16"}, {"date": "2021-05-17", "symbol": "030210.KS", "eps": 735, "epsEstimated": null, "time": "bmo", "revenue": 122759185670, "revenueEstimated": null, "fiscalDateEnding": "2021-03-31", "updatedFromDate": "2023-10-16"}, {"date": "2021-05-17", "symbol": "NINJ3.SA", "eps": null, "epsEstimated": null, "time": "bmo", "revenue": null, "revenueEstimated": null, "fiscalDateEnding": "2021-03-30", "updatedFromDate": "2023-05-17"}, {"date": "2021-05-17", "symbol": "DOMA", "eps": -0.91066, "epsEstimated": null, "time": "bmo", "revenue": 127796000, "revenueEstimated": null, "fiscalDateEnding": "2021-03-30", "updatedFromDate": "2023-09-29"}, {"date": "2021-05-17", "symbol": "2109.T", "eps": 4.98, "epsEstimated": null, "time": "bmo", "revenue": null, "revenueEstimated": null, "fiscalDateEnding": "2021-02-17", "updatedFromDate": "2023-10-17"}, {"date": "2021-05-17", "symbol": "035810.KQ", "eps": 115, "epsEstimated": null, "time": "bmo", "revenue": null, "revenueEstimated": null, "fiscalDateEnding": "2021-03-31", "updatedFromDate": "2023-05-17"}, {"date": "2021-05-17", "symbol": "SECUF", "eps": null, "epsEstimated": null, "time": "bmo", "revenue": null, "revenueEstimated": null, "fiscalDateEnding": "2021-06-30", "updatedFromDate": "2023-05-17"}, {"date": "2021-05-17", "symbol": "ASAAF", "eps": null, "epsEstimated": null, "time": "bmo", "revenue": 304439000, "revenueEstimated": null, "fiscalDateEnding": "2021-02-17", "updatedFromDate": "2023-10-17"}, {"date": "2021-05-17", "symbol": "007310.KS", "eps": 11348, "epsEstimated": 10999, "time": "bmo", "revenue": 671259021350, "revenueEstimated": null, "fiscalDateEnding": "2021-03-30", "updatedFromDate": "2023-05-17"}, {"date": "2021-05-17", "symbol": "AARTIDRUGS.NS", "eps": null, "epsEstimated": null, "time": "bmo", "revenue": null, "revenueEstimated": null, "fiscalDateEnding": "2021-02-17", "updatedFromDate": "2023-10-17"}, {"date": "2021-05-17", "symbol": "NVACF", "eps": -0.06, "epsEstimated": -0.01, "time": "bmo", "revenue": 18396000, "revenueEstimated": null, "fiscalDateEnding": "2021-03-31", "updatedFromDate": "2023-11-08"}, {"date": "2021-05-17", "symbol": "SMTI", "eps": -0.17, "epsEstimated": null, "time": "amc", "revenue": 5009436, "revenueEstimated": null, "fiscalDateEnding": "2021-03-30", "updatedFromDate": "2023-09-29"}, {"date": "2021-05-17", "symbol": "YSSCF", "eps": -0.06, "epsEstimated": -0.01, "time": "bmo", "revenue": null, "revenueEstimated": null, "fiscalDateEnding": "2021-03-31", "updatedFromDate": "2023-05-17"}, {"date": "2021-05-17", "symbol": "RHE", "eps": -1.31, "epsEstimated": null, "time": "amc", "revenue": 7081000, "revenueEstimated": null, "fiscalDateEnding": "2021-03-30", "updatedFromDate": "2023-09-29"}, {"date": "2021-05-17", "symbol": "BWLLF", "eps": 0.48, "epsEstimated": 0.4, "time": "bmo", "revenue": null, "revenueEstimated": null, "fiscalDateEnding": "2021-03-31", "updatedFromDate": "2023-05-17"}, {"date": "2021-05-17", "symbol": "100120.KQ", "eps": 880, "epsEstimated": null, "time": "bmo", "revenue": null, "revenueEstimated": null, "fiscalDateEnding": "2021-03-31", "updatedFromDate": "2023-05-17"}, {"date": "2021-05-17", "symbol": "CASH3.SA", "eps": 0.05148, "epsEstimated": null, "time": "bmo", "revenue": 51810000, "revenueEstimated": null, "fiscalDateEnding": "2021-03-31", "updatedFromDate": "2023-08-17"}, {"date": "2021-05-17", "symbol": "GGE", "eps": 0.09861, "epsEstimated": null, "time": "--", "revenue": 18162946, "revenueEstimated": null, "fiscalDateEnding": "2021-03-30", "updatedFromDate": "2023-11-28"}, {"date": "2021-05-17", "symbol": "BIXT", "eps": -0.02, "epsEstimated": null, "time": "bmo", "revenue": null, "revenueEstimated": null, "fiscalDateEnding": "2021-03-30", "updatedFromDate": "2023-09-29"}, {"date": "2021-05-17", "symbol": "8020.SR", "eps": -0.05, "epsEstimated": null, "time": "bmo", "revenue": 180253000, "revenueEstimated": null, "fiscalDateEnding": "2021-03-30", "updatedFromDate": "2023-05-17"}, {"date": "2021-05-17", "symbol": "TLSS", "eps": -0.0013, "epsEstimated": null, "time": "bmo", "revenue": 1491699, "revenueEstimated": null, "fiscalDateEnding": "2021-03-30", "updatedFromDate": "2023-09-29"}, {"date": "2021-05-17", "symbol": "TRXEF", "eps": null, "epsEstimated": null, "time": "bmo", "revenue": null, "revenueEstimated": null, "fiscalDateEnding": "2021-03-31", "updatedFromDate": "2023-05-17"}, {"date": "2021-05-17", "symbol": "NUZE", "eps": -13.99, "epsEstimated": null, "time": "bmo", "revenue": 414064, "revenueEstimated": null, "fiscalDateEnding": "2021-03-30", "updatedFromDate": "2023-09-29"}, {"date": "2021-05-17", "symbol": "TIXC", "eps": -0.07, "epsEstimated": null, "time": "amc", "revenue": null, "revenueEstimated": null, "fiscalDateEnding": "2021-03-31", "updatedFromDate": "2023-09-29"}, {"date": "2021-05-17", "symbol": "KODK", "eps": 0.16, "epsEstimated": null, "time": "amc", "revenue": 265000000, "revenueEstimated": null, "fiscalDateEnding": "2021-03-30", "updatedFromDate": "2023-09-29"}, {"date": "2021-05-17", "symbol": "BCOW", "eps": 0.08, "epsEstimated": null, "time": "bmo", "revenue": 4771000, "revenueEstimated": null, "fiscalDateEnding": "2021-03-30", "updatedFromDate": "2023-09-29"}, {"date": "2021-05-17", "symbol": "FORTH.BK", "eps": 0.216, "epsEstimated": null, "time": "bmo", "revenue": 1989176000, "revenueEstimated": null, "fiscalDateEnding": "2021-02-17", "updatedFromDate": "2023-05-17"}, {"date": "2021-05-17", "symbol": "MYPK3.SA", "eps": 0.34, "epsEstimated": 0.3, "time": "bmo", "revenue": 3133096000, "revenueEstimated": null, "fiscalDateEnding": "2021-03-30", "updatedFromDate": "2023-05-17"}, {"date": "2021-05-17", "symbol": "4651.T", "eps": 1.05, "epsEstimated": null, "time": "bmo", "revenue": null, "revenueEstimated": null, "fiscalDateEnding": "2021-02-17", "updatedFromDate": "2023-10-17"}, {"date": "2021-05-17", "symbol": "002410.KS", "eps": 155, "epsEstimated": null, "time": "bmo", "revenue": 25110262540, "revenueEstimated": null, "fiscalDateEnding": "2021-03-30", "updatedFromDate": "2023-05-17"}, {"date": "2021-05-17", "symbol": "LQSIF", "eps": 1.19, "epsEstimated": null, "time": "bmo", "revenue": 142210000, "revenueEstimated": null, "fiscalDateEnding": "2021-03-30", "updatedFromDate": "2023-05-17"}, {"date": "2021-05-17", "symbol": "005810.KS", "eps": 1272, "epsEstimated": null, "time": "bmo", "revenue": 175077578100, "revenueEstimated": null, "fiscalDateEnding": "2021-02-17", "updatedFromDate": "2023-05-17"}, {"date": "2021-05-17", "symbol": "SCYX", "eps": -0.23, "epsEstimated": -0.68, "time": "bmo", "revenue": 12050000, "revenueEstimated": 18819264, "fiscalDateEnding": "2021-03-30", "updatedFromDate": "2023-09-29"}, {"date": "2021-05-17", "symbol": "ZIVO", "eps": -0.8, "epsEstimated": null, "time": "bmo", "revenue": null, "revenueEstimated": null, "fiscalDateEnding": "2021-03-30", "updatedFromDate": "2023-09-29"}, {"date": "2021-05-17", "symbol": "004910.KS", "eps": -184.7502, "epsEstimated": null, "time": "bmo", "revenue": 62720341880, "revenueEstimated": null, "fiscalDateEnding": "2021-02-17", "updatedFromDate": "2023-05-17"}, {"date": "2021-05-17", "symbol": "084990.KQ", "eps": -40.71, "epsEstimated": 446.39, "time": "bmo", "revenue": null, "revenueEstimated": null, "fiscalDateEnding": "2021-03-31", "updatedFromDate": "2023-08-16"}, {"date": "2021-05-17", "symbol": "ANZ.V", "eps": -0.00222, "epsEstimated": null, "time": "bmo", "revenue": null, "revenueEstimated": null, "fiscalDateEnding": "2021-03-31", "updatedFromDate": "2023-10-16"}, {"date": "2021-05-17", "symbol": "ACET", "eps": -0.82, "epsEstimated": -0.5, "time": "bmo", "revenue": -3981000, "revenueEstimated": -3217297.5, "fiscalDateEnding": "2021-03-30", "updatedFromDate": "2023-09-29"}, {"date": "2021-05-17", "symbol": "IMCI", "eps": -0.75, "epsEstimated": null, "time": "bmo", "revenue": 1824342, "revenueEstimated": null, "fiscalDateEnding": "2021-03-30", "updatedFromDate": "2023-09-29"}, {"date": "2021-05-17", "symbol": "MIMZF", "eps": null, "epsEstimated": null, "time": "bmo", "revenue": null, "revenueEstimated": null, "fiscalDateEnding": "2021-03-31", "updatedFromDate": "2023-05-17"}, {"date": "2021-05-17", "symbol": "SPRU", "eps": 0.07, "epsEstimated": 0.035, "time": "bmo", "revenue": 675000, "revenueEstimated": null, "fiscalDateEnding": "2021-03-31", "updatedFromDate": "2023-09-29"}, {"date": "2021-05-17", "symbol": "DRIO", "eps": -0.92, "epsEstimated": -0.93, "time": "amc", "revenue": 3595000, "revenueEstimated": 4009807, "fiscalDateEnding": "2021-03-30", "updatedFromDate": "2023-09-29"}, {"date": "2021-05-17", "symbol": "BSGM", "eps": -0.26, "epsEstimated": -0.15, "time": "amc", "revenue": 118000, "revenueEstimated": 116818.875, "fiscalDateEnding": "2021-03-30", "updatedFromDate": "2023-09-29"}, {"date": "2021-05-17", "symbol": "DANT.CO", "eps": 20.3, "epsEstimated": null, "time": "bmo", "revenue": 5912000, "revenueEstimated": null, "fiscalDateEnding": "2021-12-31", "updatedFromDate": "2023-10-16"}, {"date": "2021-05-17", "symbol": "BOAS3.SA", "eps": 0.05, "epsEstimated": 0.06, "time": "bmo", "revenue": null, "revenueEstimated": null, "fiscalDateEnding": "2021-03-31", "updatedFromDate": "2023-05-17"}, {"date": "2021-05-17", "symbol": "024110.KS", "eps": 709, "epsEstimated": 719.72, "time": "bmo", "revenue": 2013506000000, "revenueEstimated": null, "fiscalDateEnding": "2021-02-17", "updatedFromDate": "2023-05-17"}, {"date": "2021-05-17", "symbol": "RMBL", "eps": -1.54, "epsEstimated": -1.16, "time": "bmo", "revenue": 104264011, "revenueEstimated": 79096835, "fiscalDateEnding": "2021-03-30", "updatedFromDate": "2023-09-29"}, {"date": "2021-05-17", "symbol": "000240.KS", "eps": 664, "epsEstimated": 410, "time": "bmo", "revenue": 236964798560, "revenueEstimated": null, "fiscalDateEnding": "2021-03-30", "updatedFromDate": "2023-08-16"}, {"date": "2021-05-17", "symbol": "010050.KS", "eps": 19.45, "epsEstimated": null, "time": "bmo", "revenue": 34077563840, "revenueEstimated": null, "fiscalDateEnding": "2021-03-31", "updatedFromDate": "2023-10-16"}, {"date": "2021-05-17", "symbol": "DCTA.L", "eps": null, "epsEstimated": null, "time": "bmo", "revenue": null, "revenueEstimated": null, "fiscalDateEnding": "2021-02-17", "updatedFromDate": "2023-05-17"}, {"date": "2021-05-17", "symbol": "RAVN", "eps": 0.26, "epsEstimated": 0.14, "time": "amc", "revenue": 112486000, "revenueEstimated": 89486628.1875, "fiscalDateEnding": "2021-04-29", "updatedFromDate": "2023-05-17"}, {"date": "2021-05-17", "symbol": "008260.KS", "eps": 153, "epsEstimated": null, "time": "bmo", "revenue": 48740720130, "revenueEstimated": null, "fiscalDateEnding": "2021-03-30", "updatedFromDate": "2023-05-17"}, {"date": "2021-05-17", "symbol": "092040.KQ", "eps": -96, "epsEstimated": null, "time": "bmo", "revenue": null, "revenueEstimated": null, "fiscalDateEnding": "2021-03-31", "updatedFromDate": "2023-05-17"}, {"date": "2021-05-17", "symbol": "OIG", "eps": 0.4, "epsEstimated": 0.15, "time": "bmo", "revenue": 9491000, "revenueEstimated": 9490999.5, "fiscalDateEnding": "2021-03-30", "updatedFromDate": "2023-09-29"}, {"date": "2021-05-17", "symbol": "ARKR", "eps": 1.15, "epsEstimated": null, "time": "bmo", "revenue": 25767000, "revenueEstimated": null, "fiscalDateEnding": "2021-04-02", "updatedFromDate": "2023-09-29"}, {"date": "2021-05-17", "symbol": "004690.KS", "eps": 16716, "epsEstimated": 11423, "time": "bmo", "revenue": 1197135717320, "revenueEstimated": null, "fiscalDateEnding": "2021-03-30", "updatedFromDate": "2023-08-16"}, {"date": "2021-05-17", "symbol": "COMS", "eps": -25, "epsEstimated": null, "time": "amc", "revenue": 2086452, "revenueEstimated": null, "fiscalDateEnding": "2021-03-30", "updatedFromDate": "2023-09-29"}, {"date": "2021-05-17", "symbol": "STEM.CN", "eps": -0.06, "epsEstimated": -0.01, "time": "bmo", "revenue": 10527000, "revenueEstimated": null, "fiscalDateEnding": "2021-03-30", "updatedFromDate": "2023-08-16"}, {"date": "2021-05-17", "symbol": "INLB", "eps": 0.00058, "epsEstimated": null, "time": "amc", "revenue": 6110631, "revenueEstimated": null, "fiscalDateEnding": "2021-03-30", "updatedFromDate": "2023-09-29"}, {"date": "2021-05-17", "symbol": "ATXI", "eps": -0.9, "epsEstimated": -0.9, "time": "bmo", "revenue": null, "revenueEstimated": null, "fiscalDateEnding": "2021-03-30", "updatedFromDate": "2023-09-29"}, {"date": "2021-05-17", "symbol": "322000.KS", "eps": -25, "epsEstimated": 512, "time": "bmo", "revenue": 90094067960, "revenueEstimated": null, "fiscalDateEnding": "2021-03-30", "updatedFromDate": "2023-08-16"}, {"date": "2021-05-17", "symbol": "013890.KS", "eps": 1209.09, "epsEstimated": null, "time": "bmo", "revenue": 274298919090, "revenueEstimated": null, "fiscalDateEnding": "2021-03-30", "updatedFromDate": "2023-08-16"}, {"date": "2021-05-17", "symbol": "CLTEF", "eps": -2.51, "epsEstimated": null, "time": "bmo", "revenue": null, "revenueEstimated": null, "fiscalDateEnding": "2021-03-31", "updatedFromDate": "2023-08-16"}, {"date": "2021-05-17", "symbol": "GMBL", "eps": -34, "epsEstimated": -27, "time": "amc", "revenue": 5398708, "revenueEstimated": 4360494, "fiscalDateEnding": "2021-03-30", "updatedFromDate": "2023-10-16"}, {"date": "2021-05-17", "symbol": "BRFH", "eps": -0.05156, "epsEstimated": -0.13, "time": "bmo", "revenue": 1014851, "revenueEstimated": 1464490, "fiscalDateEnding": "2021-03-30", "updatedFromDate": "2023-09-29"}, {"date": "2021-05-17", "symbol": "LMNL", "eps": 5.2, "epsEstimated": 5, "time": "bmo", "revenue": 210000, "revenueEstimated": 193333, "fiscalDateEnding": "2021-03-31", "updatedFromDate": "2023-09-29"}, {"date": "2021-05-17", "symbol": "MUFG", "eps": 0.11, "epsEstimated": null, "time": "bmo", "revenue": 1156706000000, "revenueEstimated": null, "fiscalDateEnding": "2021-03-31", "updatedFromDate": "2023-09-29"}, {"date": "2021-05-17", "symbol": "RMTI", "eps": -0.88, "epsEstimated": -0.99, "time": "amc", "revenue": 15473000, "revenueEstimated": 17192222, "fiscalDateEnding": "2021-03-30", "updatedFromDate": "2023-09-29"}, {"date": "2021-05-17", "symbol": "DTST", "eps": -0.01, "epsEstimated": null, "time": "bmo", "revenue": 2574691, "revenueEstimated": null, "fiscalDateEnding": "2021-03-30", "updatedFromDate": "2023-09-29"}, {"date": "2021-05-17", "symbol": "2618.HK", "eps": -0.1972, "epsEstimated": null, "time": "bmo", "revenue": 104693402000, "revenueEstimated": null, "fiscalDateEnding": "2021-03-31", "updatedFromDate": "2023-08-16"}, {"date": "2021-05-17", "symbol": "NEVDF", "eps": null, "epsEstimated": -0.1, "time": "bmo", "revenue": null, "revenueEstimated": null, "fiscalDateEnding": "2021-03-31", "updatedFromDate": "2023-08-16"}, {"date": "2021-05-17", "symbol": "SKPGF", "eps": -0.01, "epsEstimated": -0.00417, "time": "amc", "revenue": null, "revenueEstimated": null, "fiscalDateEnding": "2021-03-31", "updatedFromDate": "2023-08-16"}, {"date": "2021-05-17", "symbol": "LGIQ", "eps": -0.25, "epsEstimated": -0.25, "time": "bmo", "revenue": 8080312, "revenueEstimated": 8080312, "fiscalDateEnding": "2021-03-30", "updatedFromDate": "2023-09-29"}, {"date": "2021-05-17", "symbol": "030190.KQ", "eps": 246.04, "epsEstimated": null, "time": "bmo", "revenue": 117196016740, "revenueEstimated": null, "fiscalDateEnding": "2021-03-31", "updatedFromDate": "2023-08-16"}, {"date": "2021-05-17", "symbol": "086900.KQ", "eps": 8629.48, "epsEstimated": -815.42, "time": "bmo", "revenue": null, "revenueEstimated": null, "fiscalDateEnding": "2021-03-31", "updatedFromDate": "2023-08-16"}, {"date": "2021-05-17", "symbol": "MRMD", "eps": 0.01238, "epsEstimated": null, "time": "bmo", "revenue": 24642564, "revenueEstimated": null, "fiscalDateEnding": "2021-03-30", "updatedFromDate": "2023-09-29"}, {"date": "2021-05-17", "symbol": "036830.KQ", "eps": 867, "epsEstimated": 5674.4, "time": "bmo", "revenue": null, "revenueEstimated": null, "fiscalDateEnding": "2021-03-31", "updatedFromDate": "2023-08-16"}, {"date": "2021-05-17", "symbol": "IKT", "eps": -1.56, "epsEstimated": null, "time": "bmo", "revenue": 1407165, "revenueEstimated": null, "fiscalDateEnding": "2021-03-30", "updatedFromDate": "2023-09-29"}, {"date": "2021-05-17", "symbol": "MVP.TO", "eps": null, "epsEstimated": null, "time": "bmo", "revenue": null, "revenueEstimated": null, "fiscalDateEnding": "2021-03-31", "updatedFromDate": "2023-08-16"}, {"date": "2021-05-17", "symbol": "ARZGF", "eps": 0.51, "epsEstimated": 0.41, "time": "bmo", "revenue": null, "revenueEstimated": null, "fiscalDateEnding": "2021-03-31", "updatedFromDate": "2023-08-16"}, {"date": "2021-05-17", "symbol": "ROVR", "eps": -0.06737, "epsEstimated": null, "time": "amc", "revenue": 12196000, "revenueEstimated": null, "fiscalDateEnding": "2021-03-30", "updatedFromDate": "2023-09-29"}, {"date": "2021-05-17", "symbol": "6677.T", "eps": -13.65, "epsEstimated": null, "time": "bmo", "revenue": 4424710000, "revenueEstimated": null, "fiscalDateEnding": "2021-03-30", "updatedFromDate": "2023-08-16"}, {"date": "2021-05-17", "symbol": "000210.KS", "eps": 6621, "epsEstimated": 13015.65, "time": "bmo", "revenue": 509907602350, "revenueEstimated": null, "fiscalDateEnding": "2021-03-30", "updatedFromDate": "2023-08-16"}, {"date": "2021-05-17", "symbol": "MSGM", "eps": -13, "epsEstimated": -12.9, "time": "amc", "revenue": 2474132, "revenueEstimated": null, "fiscalDateEnding": "2021-03-30", "updatedFromDate": "2023-09-29"}, {"date": "2021-05-17", "symbol": "VEV", "eps": 0.06, "epsEstimated": null, "time": "amc", "revenue": 21624190.954535, "revenueEstimated": null, "fiscalDateEnding": "2021-03-31", "updatedFromDate": "2023-09-29"}, {"date": "2021-05-17", "symbol": "POLA", "eps": -0.15, "epsEstimated": -0.09, "time": "bmo", "revenue": 3290000, "revenueEstimated": 2714249.25, "fiscalDateEnding": "2021-03-30", "updatedFromDate": "2023-09-29"}, {"date": "2021-05-17", "symbol": "LIVE", "eps": 5.62, "epsEstimated": null, "time": "amc", "revenue": 70890000, "revenueEstimated": null, "fiscalDateEnding": "2021-03-30", "updatedFromDate": "2023-09-29"}, {"date": "2021-05-17", "symbol": "MULN", "eps": -146.6044, "epsEstimated": null, "time": "amc", "revenue": null, "revenueEstimated": null, "fiscalDateEnding": "2021-02-17", "updatedFromDate": "2023-10-17"}, {"date": "2021-05-17", "symbol": "091810.KS", "eps": -411.73, "epsEstimated": 2.3, "time": "bmo", "revenue": 35269080420, "revenueEstimated": null, "fiscalDateEnding": "2021-03-30", "updatedFromDate": "2023-08-16"}, {"date": "2021-05-17", "symbol": "SMU.SN", "eps": 0.87, "epsEstimated": null, "time": "bmo", "revenue": null, "revenueEstimated": null, "fiscalDateEnding": "2021-03-31", "updatedFromDate": "2023-08-16"}, {"date": "2021-05-17", "symbol": "BBAI", "eps": -0.02321, "epsEstimated": null, "time": "bmo", "revenue": 35570000, "revenueEstimated": null, "fiscalDateEnding": "2021-03-30", "updatedFromDate": "2023-09-29"}, {"date": "2021-05-17", "symbol": "GALT", "eps": -0.11, "epsEstimated": -0.17, "time": "bmo", "revenue": null, "revenueEstimated": null, "fiscalDateEnding": "2021-03-30", "updatedFromDate": "2023-09-29"}, {"date": "2021-05-17", "symbol": "ABML", "eps": -0.00984, "epsEstimated": null, "time": "bmo", "revenue": null, "revenueEstimated": null, "fiscalDateEnding": "2021-03-30", "updatedFromDate": "2023-10-16"}, {"date": "2021-05-17", "symbol": "TNTLF", "eps": null, "epsEstimated": null, "time": "bmo", "revenue": null, "revenueEstimated": null, "fiscalDateEnding": "2021-03-31", "updatedFromDate": "2023-08-16"}, {"date": "2021-05-17", "symbol": "NOVC.TO", "eps": -0.06, "epsEstimated": -0.01, "time": "bmo", "revenue": null, "revenueEstimated": null, "fiscalDateEnding": "2021-03-31", "updatedFromDate": "2023-08-16"}, {"date": "2021-05-17", "symbol": "DLPN", "eps": -0.19, "epsEstimated": -0.14, "time": "bmo", "revenue": 7177117, "revenueEstimated": 20762374, "fiscalDateEnding": "2021-03-30", "updatedFromDate": "2023-09-29"}, {"date": "2021-05-17", "symbol": "IMH.BK", "eps": -0.06905, "epsEstimated": null, "time": "bmo", "revenue": 42495098.46, "revenueEstimated": null, "fiscalDateEnding": "2021-03-31", "updatedFromDate": "2023-08-16"}, {"date": "2021-05-17", "symbol": "CK.BK", "eps": -0.09, "epsEstimated": -0.03351, "time": "bmo", "revenue": 2936796000, "revenueEstimated": null, "fiscalDateEnding": "2021-03-30", "updatedFromDate": "2023-08-16"}, {"date": "2021-05-17", "symbol": "060250.KQ", "eps": 234.67, "epsEstimated": 257.29, "time": "bmo", "revenue": null, "revenueEstimated": null, "fiscalDateEnding": "2021-03-31", "updatedFromDate": "2023-08-16"}, {"date": "2021-05-17", "symbol": "039030.KQ", "eps": 1374, "epsEstimated": null, "time": "bmo", "revenue": null, "revenueEstimated": null, "fiscalDateEnding": "2021-03-31", "updatedFromDate": "2023-08-16"}, {"date": "2021-05-17", "symbol": "196170.KQ", "eps": 16.67, "epsEstimated": null, "time": "bmo", "revenue": null, "revenueEstimated": null, "fiscalDateEnding": "2021-03-31", "updatedFromDate": "2023-08-16"}, {"date": "2021-05-17", "symbol": "ALPP", "eps": -0.31714, "epsEstimated": null, "time": "bmo", "revenue": 8668405, "revenueEstimated": null, "fiscalDateEnding": "2021-03-30", "updatedFromDate": "2023-09-29"}, {"date": "2021-05-17", "symbol": "GNPX", "eps": -0.14, "epsEstimated": -0.12, "time": "bmo", "revenue": null, "revenueEstimated": null, "fiscalDateEnding": "2021-03-30", "updatedFromDate": "2023-09-29"}, {"date": "2021-05-17", "symbol": "025900.KQ", "eps": 867, "epsEstimated": null, "time": "bmo", "revenue": null, "revenueEstimated": null, "fiscalDateEnding": "2021-03-31", "updatedFromDate": "2023-08-16"}, {"date": "2021-05-17", "symbol": "095720.KS", "eps": 24, "epsEstimated": 14, "time": "bmo", "revenue": 176562035160, "revenueEstimated": null, "fiscalDateEnding": "2021-03-30", "updatedFromDate": "2023-08-16"}, {"date": "2021-05-17", "symbol": "TENX", "eps": -32.8, "epsEstimated": -4.2, "time": "bmo", "revenue": null, "revenueEstimated": null, "fiscalDateEnding": "2021-03-30", "updatedFromDate": "2023-09-29"}, {"date": "2021-05-17", "symbol": "009580.KS", "eps": -106, "epsEstimated": -50, "time": "bmo", "revenue": 137881812420, "revenueEstimated": null, "fiscalDateEnding": "2021-03-30", "updatedFromDate": "2023-08-16"}, {"date": "2021-05-17", "symbol": "BLIN", "eps": -0.04, "epsEstimated": -0.00842, "time": "amc", "revenue": 2874000, "revenueEstimated": 12286350, "fiscalDateEnding": "2021-03-30", "updatedFromDate": "2023-09-29"}, {"date": "2021-05-17", "symbol": "071840.KS", "eps": 674, "epsEstimated": 524.5, "time": "bmo", "revenue": 955883020660, "revenueEstimated": null, "fiscalDateEnding": "2021-03-30", "updatedFromDate": "2023-08-16"}, {"date": "2021-05-17", "symbol": "GROM", "eps": -11.70126, "epsEstimated": -0.43, "time": "bmo", "revenue": 1875284, "revenueEstimated": 1200000, "fiscalDateEnding": "2021-03-30", "updatedFromDate": "2023-09-29"}, {"date": "2021-05-17", "symbol": "LABS.TO", "eps": -0.07, "epsEstimated": -0.03, "time": "bmo", "revenue": 5495000, "revenueEstimated": null, "fiscalDateEnding": "2021-03-31", "updatedFromDate": "2023-10-16"}, {"date": "2021-05-17", "symbol": "MYCO.NE", "eps": null, "epsEstimated": null, "time": "bmo", "revenue": null, "revenueEstimated": null, "fiscalDateEnding": "2021-03-31", "updatedFromDate": "2023-08-16"}, {"date": "2021-05-17", "symbol": "FUV", "eps": -2.6, "epsEstimated": -2.6, "time": "amc", "revenue": 1393975, "revenueEstimated": 1390000, "fiscalDateEnding": "2021-03-30", "updatedFromDate": "2023-09-29"}, {"date": "2021-05-17", "symbol": "TOMZ", "eps": -0.09, "epsEstimated": null, "time": "amc", "revenue": 2073455, "revenueEstimated": null, "fiscalDateEnding": "2021-03-30", "updatedFromDate": "2023-09-29"}, {"date": "2021-05-17", "symbol": "GRRB", "eps": 0.684, "epsEstimated": null, "time": "amc", "revenue": 12637000, "revenueEstimated": null, "fiscalDateEnding": "2021-03-30", "updatedFromDate": "2023-09-29"}, {"date": "2021-05-17", "symbol": "YMTX", "eps": -5.95, "epsEstimated": -0.83, "time": "bmo", "revenue": 3532000, "revenueEstimated": 500000, "fiscalDateEnding": "2021-03-30", "updatedFromDate": "2023-08-16"}, {"date": "2021-05-17", "symbol": "033640.KQ", "eps": -195, "epsEstimated": 223.5, "time": "bmo", "revenue": null, "revenueEstimated": null, "fiscalDateEnding": "2021-03-31", "updatedFromDate": "2023-08-16"}, {"date": "2021-05-17", "symbol": "XL", "eps": 0.42, "epsEstimated": 0.03, "time": "amc", "revenue": 675000, "revenueEstimated": 626481, "fiscalDateEnding": "2021-03-30", "updatedFromDate": "2023-08-16"}, {"date": "2021-05-17", "symbol": "XELB", "eps": -0.08, "epsEstimated": null, "time": "amc", "revenue": 7809000, "revenueEstimated": null, "fiscalDateEnding": "2021-03-30", "updatedFromDate": "2023-09-29"}, {"date": "2021-05-17", "symbol": "HQI", "eps": 0.09, "epsEstimated": null, "time": "amc", "revenue": 3402983, "revenueEstimated": null, "fiscalDateEnding": "2021-03-30", "updatedFromDate": "2023-09-29"}, {"date": "2021-05-17", "symbol": "227840.KS", "eps": 551, "epsEstimated": 559, "time": "bmo", "revenue": 33181304460, "revenueEstimated": null, "fiscalDateEnding": "2021-03-30", "updatedFromDate": "2023-08-16"}, {"date": "2021-05-17", "symbol": "NVVE", "eps": -0.52, "epsEstimated": -0.29, "time": "bmo", "revenue": 311903, "revenueEstimated": 269513.578125, "fiscalDateEnding": "2021-03-30", "updatedFromDate": "2023-09-29"}, {"date": "2021-05-17", "symbol": "122990.KQ", "eps": 252, "epsEstimated": 249.25, "time": "bmo", "revenue": null, "revenueEstimated": null, "fiscalDateEnding": "2021-03-31", "updatedFromDate": "2023-08-16"}, {"date": "2021-05-17", "symbol": "MRVFF", "eps": -1.58, "epsEstimated": -0.04, "time": "bmo", "revenue": null, "revenueEstimated": null, "fiscalDateEnding": "2021-03-31", "updatedFromDate": "2023-08-16"}, {"date": "2021-05-17", "symbol": "8032.T", "eps": 57.67, "epsEstimated": 83.4, "time": "bmo", "revenue": null, "revenueEstimated": null, "fiscalDateEnding": "2021-02-17", "updatedFromDate": "2023-10-17"}, {"date": "2021-05-17", "symbol": "EAGRF", "eps": null, "epsEstimated": null, "time": "bmo", "revenue": null, "revenueEstimated": null, "fiscalDateEnding": "2021-03-31", "updatedFromDate": "2023-08-16"}, {"date": "2021-05-17", "symbol": "OEG", "eps": -0.4, "epsEstimated": -0.15, "time": "bmo", "revenue": 9491000, "revenueEstimated": 9490999.5, "fiscalDateEnding": "2021-03-30", "updatedFromDate": "2023-08-16"}, {"date": "2021-05-17", "symbol": "SURG", "eps": -1.84892, "epsEstimated": null, "time": "bmo", "revenue": 10988948, "revenueEstimated": null, "fiscalDateEnding": "2021-03-30", "updatedFromDate": "2023-09-29"}, {"date": "2021-05-17", "symbol": "104700.KS", "eps": 208, "epsEstimated": 142, "time": "bmo", "revenue": 135607667550, "revenueEstimated": null, "fiscalDateEnding": "2021-03-30", "updatedFromDate": "2023-08-16"}, {"date": "2021-05-17", "symbol": "GTBP.PA", "eps": -1.83, "epsEstimated": -0.24, "time": "bmo", "revenue": null, "revenueEstimated": null, "fiscalDateEnding": "2021-03-30", "updatedFromDate": "2023-08-16"}, {"date": "2021-05-17", "symbol": "ROJNA.BK", "eps": 0.08, "epsEstimated": 0.09, "time": "bmo", "revenue": 3025255000, "revenueEstimated": null, "fiscalDateEnding": "2021-03-30", "updatedFromDate": "2023-08-16"}, {"date": "2021-05-17", "symbol": "VISL", "eps": -1.4, "epsEstimated": null, "time": "bmo", "revenue": 4090000, "revenueEstimated": null, "fiscalDateEnding": "2021-03-30", "updatedFromDate": "2023-09-29"}, {"date": "2021-05-17", "symbol": "GRID.TO", "eps": null, "epsEstimated": null, "time": "bmo", "revenue": null, "revenueEstimated": null, "fiscalDateEnding": "2021-03-31", "updatedFromDate": "2023-08-16"}, {"date": "2021-05-17", "symbol": "093370.KS", "eps": -42, "epsEstimated": 23.49, "time": "bmo", "revenue": 63219182860, "revenueEstimated": null, "fiscalDateEnding": "2021-03-30", "updatedFromDate": "2023-08-16"}, {"date": "2021-05-17", "symbol": "SMURF", "eps": null, "epsEstimated": null, "time": "bmo", "revenue": null, "revenueEstimated": null, "fiscalDateEnding": "2021-03-31", "updatedFromDate": "2023-08-16"}, {"date": "2021-05-17", "symbol": "329180.KS", "eps": null, "epsEstimated": null, "time": "bmo", "revenue": null, "revenueEstimated": null, "fiscalDateEnding": "2021-03-31", "updatedFromDate": "2023-08-16"}, {"date": "2021-05-17", "symbol": "071320.KS", "eps": 7853, "epsEstimated": 7450, "time": "bmo", "revenue": 848052527700, "revenueEstimated": null, "fiscalDateEnding": "2021-03-30", "updatedFromDate": "2023-08-16"}, {"date": "2021-05-17", "symbol": "SCPS", "eps": -0.22, "epsEstimated": -0.08, "time": "bmo", "revenue": null, "revenueEstimated": null, "fiscalDateEnding": "2021-03-30", "updatedFromDate": "2023-08-16"}, {"date": "2021-05-17", "symbol": "RDOR3.SA", "eps": 0.19, "epsEstimated": 0.22, "time": "bmo", "revenue": 4719725000, "revenueEstimated": null, "fiscalDateEnding": "2021-03-30", "updatedFromDate": "2023-08-16"}, {"date": "2021-05-17", "symbol": "2328.TW", "eps": 0.3254, "epsEstimated": null, "time": "bmo", "revenue": 4871995000, "revenueEstimated": null, "fiscalDateEnding": "2021-03-30", "updatedFromDate": "2023-08-16"}, {"date": "2021-05-17", "symbol": "SKE", "eps": -0.54966, "epsEstimated": null, "time": "bmo", "revenue": null, "revenueEstimated": null, "fiscalDateEnding": "2021-03-31", "updatedFromDate": "2023-09-29"}, {"date": "2021-05-17", "symbol": "NRBO", "eps": -4.5, "epsEstimated": -4.8, "time": "bmo", "revenue": null, "revenueEstimated": null, "fiscalDateEnding": "2021-03-30", "updatedFromDate": "2023-09-29"}, {"date": "2021-05-17", "symbol": "180640.KS", "eps": -1049, "epsEstimated": -258.01, "time": "bmo", "revenue": 74581281310, "revenueEstimated": null, "fiscalDateEnding": "2021-03-30", "updatedFromDate": "2023-08-16"}, {"date": "2021-05-17", "symbol": "NDM.TO", "eps": -0.02, "epsEstimated": null, "time": "bmo", "revenue": null, "revenueEstimated": null, "fiscalDateEnding": "2021-03-30", "updatedFromDate": "2023-08-16"}, {"date": "2021-05-17", "symbol": "CSED3.SA", "eps": 0.05, "epsEstimated": 0.19, "time": "bmo", "revenue": null, "revenueEstimated": null, "fiscalDateEnding": "2021-03-31", "updatedFromDate": "2023-08-16"}, {"date": "2021-05-17", "symbol": "TBCCF", "eps": 2.72, "epsEstimated": null, "time": "bmo", "revenue": null, "revenueEstimated": null, "fiscalDateEnding": "2021-03-31", "updatedFromDate": "2023-08-16"}, {"date": "2021-05-17", "symbol": "TMDI", "eps": -0.15, "epsEstimated": -0.1, "time": "bmo", "revenue": 50000, "revenueEstimated": 41250, "fiscalDateEnding": "2021-03-30", "updatedFromDate": "2023-08-16"}, {"date": "2021-05-17", "symbol": "VTWR.F", "eps": null, "epsEstimated": 0.34, "time": "bmo", "revenue": null, "revenueEstimated": null, "fiscalDateEnding": "2021-09-30", "updatedFromDate": "2023-08-16"}, {"date": "2021-05-17", "symbol": "CCHW.CN", "eps": -0.05, "epsEstimated": -0.038, "time": "bmo", "revenue": 86095000, "revenueEstimated": null, "fiscalDateEnding": "2021-03-31", "updatedFromDate": "2023-08-16"}, {"date": "2021-05-17", "symbol": "002320.KS", "eps": 12506, "epsEstimated": -1188, "time": "bmo", "revenue": 553687600510, "revenueEstimated": null, "fiscalDateEnding": "2021-03-30", "updatedFromDate": "2023-08-16"}, {"date": "2021-05-17", "symbol": "077500.KS", "eps": 422, "epsEstimated": 117.05, "time": "bmo", "revenue": 139006930030, "revenueEstimated": null, "fiscalDateEnding": "2021-03-30", "updatedFromDate": "2023-08-16"}, {"date": "2021-05-17", "symbol": "TPLKF", "eps": 0.02, "epsEstimated": null, "time": "bmo", "revenue": null, "revenueEstimated": null, "fiscalDateEnding": "2021-03-31", "updatedFromDate": "2023-08-16"}, {"date": "2021-05-17", "symbol": "MEDIF", "eps": -0.07, "epsEstimated": -0.03, "time": "bmo", "revenue": null, "revenueEstimated": null, "fiscalDateEnding": "2021-03-31", "updatedFromDate": "2023-08-16"}, {"date": "2021-05-17", "symbol": "011760.KS", "eps": 977, "epsEstimated": 752, "time": "bmo", "revenue": 752299953140, "revenueEstimated": null, "fiscalDateEnding": "2021-03-30", "updatedFromDate": "2023-08-16"}, {"date": "2021-05-17", "symbol": "NCU.TO", "eps": -0.02226, "epsEstimated": -0.1, "time": "bmo", "revenue": null, "revenueEstimated": null, "fiscalDateEnding": "2021-03-31", "updatedFromDate": "2023-10-16"}, {"date": "2021-05-17", "symbol": "FRLN", "eps": -0.98, "epsEstimated": -0.78, "time": "bmo", "revenue": null, "revenueEstimated": null, "fiscalDateEnding": "2021-03-31", "updatedFromDate": "2023-09-29"}, {"date": "2021-05-17", "symbol": "BSFC", "eps": -0.48799, "epsEstimated": null, "time": "amc", "revenue": 2485891, "revenueEstimated": null, "fiscalDateEnding": "2021-03-30", "updatedFromDate": "2023-09-29"}, {"date": "2021-05-17", "symbol": "IDEX", "eps": -0.00147, "epsEstimated": -3.75, "time": "amc", "revenue": 32709000, "revenueEstimated": 68688900, "fiscalDateEnding": "2021-03-30", "updatedFromDate": "2023-09-29"}, {"date": "2021-05-17", "symbol": "060980.KS", "eps": 3102, "epsEstimated": null, "time": "bmo", "revenue": 225051123000, "revenueEstimated": null, "fiscalDateEnding": "2021-03-30", "updatedFromDate": "2023-08-16"}, {"date": "2021-05-17", "symbol": "249420.KS", "eps": -542, "epsEstimated": -33.13, "time": "bmo", "revenue": 133268920290, "revenueEstimated": null, "fiscalDateEnding": "2021-03-30", "updatedFromDate": "2023-08-16"}, {"date": "2021-05-17", "symbol": "VRXWF", "eps": null, "epsEstimated": null, "time": "bmo", "revenue": null, "revenueEstimated": null, "fiscalDateEnding": "2021-03-31", "updatedFromDate": "2023-08-16"}, {"date": "2021-05-17", "symbol": "195870.KS", "eps": 548, "epsEstimated": 413, "time": "bmo", "revenue": 137478338060, "revenueEstimated": null, "fiscalDateEnding": "2021-03-30", "updatedFromDate": "2023-08-16"}, {"date": "2021-05-17", "symbol": "VISTAA.MX", "eps": 0.05, "epsEstimated": null, "time": "bmo", "revenue": null, "revenueEstimated": null, "fiscalDateEnding": "2021-03-31", "updatedFromDate": "2023-08-16"}, {"date": "2021-05-17", "symbol": "JAGX", "eps": -22.56, "epsEstimated": -1.5, "time": "bmo", "revenue": 1241000, "revenueEstimated": 3350700, "fiscalDateEnding": "2021-03-30", "updatedFromDate": "2023-09-29"}, {"date": "2021-05-17", "symbol": "011210.KS", "eps": 1164, "epsEstimated": 1059.08, "time": "bmo", "revenue": 1854756000000, "revenueEstimated": null, "fiscalDateEnding": "2021-03-30", "updatedFromDate": "2023-08-16"}, {"date": "2021-05-17", "symbol": "STGO.TO", "eps": -0.01, "epsEstimated": -0.1, "time": "bmo", "revenue": 1634000, "revenueEstimated": null, "fiscalDateEnding": "2021-03-31", "updatedFromDate": "2023-08-16"}, {"date": "2021-05-17", "symbol": "001230.KS", "eps": 268, "epsEstimated": 306, "time": "bmo", "revenue": 1395774735240, "revenueEstimated": null, "fiscalDateEnding": "2021-03-30", "updatedFromDate": "2023-08-16"}, {"date": "2021-05-17", "symbol": "075580.KS", "eps": 567, "epsEstimated": null, "time": "bmo", "revenue": 64906059810, "revenueEstimated": null, "fiscalDateEnding": "2021-03-30", "updatedFromDate": "2023-08-16"}, {"date": "2021-05-17", "symbol": "017960.KS", "eps": 177, "epsEstimated": 142, "time": "bmo", "revenue": 102105380600, "revenueEstimated": null, "fiscalDateEnding": "2021-03-30", "updatedFromDate": "2023-08-16"}, {"date": "2021-05-17", "symbol": "001680.KS", "eps": 1130, "epsEstimated": 1315, "time": "bmo", "revenue": 816645224780, "revenueEstimated": null, "fiscalDateEnding": "2021-03-30", "updatedFromDate": "2023-08-16"}, {"date": "2021-05-17", "symbol": "MYCOF", "eps": null, "epsEstimated": null, "time": "bmo", "revenue": null, "revenueEstimated": null, "fiscalDateEnding": "2021-03-31", "updatedFromDate": "2023-08-16"}, {"date": "2021-05-17", "symbol": "RAM.BK", "eps": 0.2823, "epsEstimated": null, "time": "bmo", "revenue": 2194002873, "revenueEstimated": null, "fiscalDateEnding": "2021-03-30", "updatedFromDate": "2023-08-16"}, {"date": "2021-05-17", "symbol": "BRDCY", "eps": 0.4, "epsEstimated": null, "time": "bmo", "revenue": 756893000000, "revenueEstimated": null, "fiscalDateEnding": "2021-03-31", "updatedFromDate": "2023-09-29"}, {"date": "2021-05-17", "symbol": "LWAY", "eps": 0.08, "epsEstimated": null, "time": "bmo", "revenue": 29376000, "revenueEstimated": 27096000, "fiscalDateEnding": "2021-03-30", "updatedFromDate": "2023-09-29"}, {"date": "2021-05-17", "symbol": "BTX", "eps": -12.73577, "epsEstimated": null, "time": "bmo", "revenue": null, "revenueEstimated": null, "fiscalDateEnding": "2021-03-30", "updatedFromDate": "2023-08-16"}, {"date": "2021-05-17", "symbol": "GLXY.TO", "eps": 0.86, "epsEstimated": 2.12, "time": "bmo", "revenue": null, "revenueEstimated": null, "fiscalDateEnding": "2021-03-31", "updatedFromDate": "2023-08-16"}, {"date": "2021-05-17", "symbol": "084010.KS", "eps": 958, "epsEstimated": 401, "time": "bmo", "revenue": 358454045420, "revenueEstimated": null, "fiscalDateEnding": "2021-03-31", "updatedFromDate": "2023-08-16"}, {"date": "2021-05-17", "symbol": "CWBR", "eps": -2.1, "epsEstimated": -1.8, "time": "amc", "revenue": null, "revenueEstimated": null, "fiscalDateEnding": "2021-03-30", "updatedFromDate": "2023-09-29"}, {"date": "2021-05-17", "symbol": "GHSI", "eps": -6.5, "epsEstimated": null, "time": "amc", "revenue": 233297, "revenueEstimated": null, "fiscalDateEnding": "2021-03-30", "updatedFromDate": "2023-09-29"}, {"date": "2021-05-17", "symbol": "VSOGF", "eps": 0.05, "epsEstimated": null, "time": "bmo", "revenue": null, "revenueEstimated": null, "fiscalDateEnding": "2021-03-31", "updatedFromDate": "2023-08-16"}, {"date": "2021-05-17", "symbol": "TTNP", "eps": -0.28, "epsEstimated": -0.85, "time": "bmo", "revenue": 682000, "revenueEstimated": 1025407, "fiscalDateEnding": "2021-03-30", "updatedFromDate": "2023-09-29"}, {"date": "2021-05-17", "symbol": "CYRN", "eps": -1, "epsEstimated": -1, "time": "bmo", "revenue": 8757000, "revenueEstimated": 8757000, "fiscalDateEnding": "2021-03-30", "updatedFromDate": "2023-08-16"}, {"date": "2021-05-17", "symbol": "PED", "eps": 0.01, "epsEstimated": null, "time": "bmo", "revenue": 3531000, "revenueEstimated": null, "fiscalDateEnding": "2021-03-30", "updatedFromDate": "2023-09-29"}, {"date": "2021-05-17", "symbol": "267980.KQ", "eps": 2112, "epsEstimated": 2178, "time": "bmo", "revenue": null, "revenueEstimated": null, "fiscalDateEnding": "2021-03-31", "updatedFromDate": "2023-08-16"}, {"date": "2021-05-17", "symbol": "035510.KS", "eps": 627.5, "epsEstimated": null, "time": "bmo", "revenue": 116716879380, "revenueEstimated": null, "fiscalDateEnding": "2021-03-30", "updatedFromDate": "2023-08-16"}, {"date": "2021-05-17", "symbol": "MAG.TO", "eps": -0.04, "epsEstimated": null, "time": "bmo", "revenue": null, "revenueEstimated": null, "fiscalDateEnding": "2021-03-31", "updatedFromDate": "2023-08-16"}, {"date": "2021-05-17", "symbol": "ALT", "eps": -0.38, "epsEstimated": -0.39, "time": "bmo", "revenue": 837516, "revenueEstimated": 2100000, "fiscalDateEnding": "2021-03-30", "updatedFromDate": "2023-09-29"}, {"date": "2021-05-17", "symbol": "MRV.TO", "eps": -1.58, "epsEstimated": -0.04, "time": "bmo", "revenue": null, "revenueEstimated": null, "fiscalDateEnding": "2021-03-31", "updatedFromDate": "2023-08-16"}, {"date": "2021-05-17", "symbol": "IVX.V", "eps": 0.04021, "epsEstimated": null, "time": "bmo", "revenue": 1800000, "revenueEstimated": null, "fiscalDateEnding": "2021-03-31", "updatedFromDate": "2023-10-16"}, {"date": "2021-05-17", "symbol": "6675.T", "eps": 93.83, "epsEstimated": null, "time": "bmo", "revenue": null, "revenueEstimated": null, "fiscalDateEnding": "2021-02-17", "updatedFromDate": "2023-10-17"}, {"date": "2021-05-17", "symbol": "PARKEN.CO", "eps": -5.35459, "epsEstimated": null, "time": "bmo", "revenue": 122055000, "revenueEstimated": null, "fiscalDateEnding": "2021-03-31", "updatedFromDate": "2023-10-16"}, {"date": "2021-05-17", "symbol": "EI.CN", "eps": -0.01248, "epsEstimated": null, "time": "bmo", "revenue": null, "revenueEstimated": null, "fiscalDateEnding": "2021-03-31", "updatedFromDate": "2023-05-17"}, {"date": "2021-05-17", "symbol": "ITMSF", "eps": null, "epsEstimated": null, "time": "amc", "revenue": null, "revenueEstimated": null, "fiscalDateEnding": "2021-03-31", "updatedFromDate": "2023-05-17"}, {"date": "2021-05-17", "symbol": "EBIX", "eps": 0.7, "epsEstimated": 0.87, "time": "bmo", "revenue": 290053000, "revenueEstimated": 187530000, "fiscalDateEnding": "2021-03-30", "updatedFromDate": "2023-09-29"}, {"date": "2021-05-17", "symbol": "SIG.CO", "eps": null, "epsEstimated": null, "time": "bmo", "revenue": null, "revenueEstimated": null, "fiscalDateEnding": "2021-02-17", "updatedFromDate": "2023-07-24"}, {"date": "2021-05-17", "symbol": "006260.KS", "eps": 1759, "epsEstimated": 4632.5, "time": "bmo", "revenue": 2908843000000, "revenueEstimated": null, "fiscalDateEnding": "2021-03-30", "updatedFromDate": "2023-05-17"}, {"date": "2021-05-17", "symbol": "THBR", "eps": 4.46, "epsEstimated": -0.06, "time": "bmo", "revenue": null, "revenueEstimated": null, "fiscalDateEnding": "2021-03-30", "updatedFromDate": "2023-05-17"}, {"date": "2021-05-17", "symbol": "ABEO.PA", "eps": null, "epsEstimated": null, "time": "bmo", "revenue": null, "revenueEstimated": null, "fiscalDateEnding": "2021-09-30", "updatedFromDate": "2023-10-17"}, {"date": "2021-05-17", "symbol": "XDSL", "eps": -0.00674, "epsEstimated": null, "time": "bmo", "revenue": 7659348, "revenueEstimated": null, "fiscalDateEnding": "2021-03-30", "updatedFromDate": "2023-09-29"}, {"date": "2021-05-17", "symbol": "PNVL3.SA", "eps": 0.1349, "epsEstimated": null, "time": "bmo", "revenue": 752338000, "revenueEstimated": null, "fiscalDateEnding": "2021-03-30", "updatedFromDate": "2023-05-17"}, {"date": "2021-05-17", "symbol": "234080.KS", "eps": 366, "epsEstimated": null, "time": "bmo", "revenue": 42427314090, "revenueEstimated": null, "fiscalDateEnding": "2021-03-30", "updatedFromDate": "2023-05-17"}, {"date": "2021-05-17", "symbol": "EMX", "eps": -0.04, "epsEstimated": null, "time": "bmo", "revenue": 310546.704798, "revenueEstimated": null, "fiscalDateEnding": "2021-03-31", "updatedFromDate": "2023-09-29"}, {"date": "2021-05-17", "symbol": "IPDN", "eps": -0.12, "epsEstimated": null, "time": "bmo", "revenue": 1484852, "revenueEstimated": null, "fiscalDateEnding": "2021-03-30", "updatedFromDate": "2023-09-29"}, {"date": "2021-05-17", "symbol": "BODY", "eps": -0.09874, "epsEstimated": null, "time": "bmo", "revenue": 226219000, "revenueEstimated": null, "fiscalDateEnding": "2021-03-30", "updatedFromDate": "2023-09-29"}, {"date": "2021-05-17", "symbol": "TME", "eps": 0.11, "epsEstimated": 0.11, "time": "amc", "revenue": 7824000000, "revenueEstimated": 1183410000, "fiscalDateEnding": "2021-03-31", "updatedFromDate": "2023-09-29"}, {"date": "2021-05-17", "symbol": "STEC.BK", "eps": 0.13, "epsEstimated": 0.22, "time": "bmo", "revenue": 7549100000, "revenueEstimated": null, "fiscalDateEnding": "2021-03-30", "updatedFromDate": "2023-05-17"}, {"date": "2021-05-17", "symbol": "QRHC", "eps": 0.06, "epsEstimated": null, "time": "amc", "revenue": 35101991, "revenueEstimated": 28200000, "fiscalDateEnding": "2021-03-30", "updatedFromDate": "2023-09-29"}, {"date": "2021-05-17", "symbol": "MBOT", "eps": -0.34, "epsEstimated": -0.33, "time": "bmo", "revenue": null, "revenueEstimated": null, "fiscalDateEnding": "2021-03-30", "updatedFromDate": "2023-09-29"}, {"date": "2021-05-17", "symbol": "RCRRF", "eps": 0.06, "epsEstimated": 6.5, "time": "bmo", "revenue": null, "revenueEstimated": null, "fiscalDateEnding": "2021-02-17", "updatedFromDate": "2023-10-17"}, {"date": "2021-05-17", "symbol": "CWCO", "eps": 0.06, "epsEstimated": 0.05, "time": "amc", "revenue": 17103317, "revenueEstimated": 14110236, "fiscalDateEnding": "2021-03-30", "updatedFromDate": "2023-09-29"}, {"date": "2021-05-17", "symbol": "000670.KS", "eps": 33374, "epsEstimated": null, "time": "bmo", "revenue": 799589862050, "revenueEstimated": null, "fiscalDateEnding": "2021-02-17", "updatedFromDate": "2023-05-17"}, {"date": "2021-05-17", "symbol": "000100.KS", "eps": 285.71, "epsEstimated": 346.93, "time": "bmo", "revenue": 433338112040, "revenueEstimated": null, "fiscalDateEnding": "2021-02-17", "updatedFromDate": "2023-05-17"}, {"date": "2021-05-17", "symbol": "214390.KS", "eps": 64, "epsEstimated": null, "time": "bmo", "revenue": 46064703390, "revenueEstimated": null, "fiscalDateEnding": "2021-02-17", "updatedFromDate": "2023-05-17"}, {"date": "2021-05-17", "symbol": "USAS", "eps": -0.28, "epsEstimated": -0.07, "time": "bmo", "revenue": 10186000, "revenueEstimated": 15020000, "fiscalDateEnding": "2021-03-31", "updatedFromDate": "2023-09-29"}, {"date": "2021-05-17", "symbol": "NTIP", "eps": 0.38, "epsEstimated": null, "time": "amc", "revenue": 18692000, "revenueEstimated": null, "fiscalDateEnding": "2021-03-30", "updatedFromDate": "2023-09-29"}, {"date": "2021-05-17", "symbol": "IMCC.CN", "eps": -0.6, "epsEstimated": null, "time": "bmo", "revenue": 8767000, "revenueEstimated": null, "fiscalDateEnding": "2021-03-31", "updatedFromDate": "2023-10-16"}, {"date": "2021-05-17", "symbol": "122900.KS", "eps": 85.34, "epsEstimated": null, "time": "bmo", "revenue": 721635637650, "revenueEstimated": null, "fiscalDateEnding": "2021-03-30", "updatedFromDate": "2023-05-17"}, {"date": "2021-05-17", "symbol": "284740.KS", "eps": 1788, "epsEstimated": 1219, "time": "bmo", "revenue": 230471591020, "revenueEstimated": null, "fiscalDateEnding": "2021-03-30", "updatedFromDate": "2023-05-17"}, {"date": "2021-05-17", "symbol": "DGLY", "eps": 9.8, "epsEstimated": -0.06, "time": "bmo", "revenue": 2535829, "revenueEstimated": 2960000, "fiscalDateEnding": "2021-03-30", "updatedFromDate": "2023-09-29"}, {"date": "2021-05-17", "symbol": "GBR", "eps": 0.01, "epsEstimated": -0.03, "time": "amc", "revenue": 26000, "revenueEstimated": 26000, "fiscalDateEnding": "2021-03-30", "updatedFromDate": "2023-09-29"}, {"date": "2021-05-17", "symbol": "307950.KS", "eps": 415, "epsEstimated": 909, "time": "bmo", "revenue": 514662290680, "revenueEstimated": null, "fiscalDateEnding": "2021-02-17", "updatedFromDate": "2023-05-17"}, {"date": "2021-05-17", "symbol": "BCRHF", "eps": null, "epsEstimated": null, "time": "bmo", "revenue": null, "revenueEstimated": 10000000, "fiscalDateEnding": "2021-03-29", "updatedFromDate": "2023-05-17"}, {"date": "2021-05-17", "symbol": "UNAM", "eps": 0.43, "epsEstimated": null, "time": "amc", "revenue": 11471654, "revenueEstimated": null, "fiscalDateEnding": "2021-03-30", "updatedFromDate": "2023-09-29"}, {"date": "2021-05-17", "symbol": "BRZL.ME", "eps": 26.99, "epsEstimated": null, "time": "bmo", "revenue": null, "revenueEstimated": null, "fiscalDateEnding": "2021-03-30", "updatedFromDate": "2023-05-17"}, {"date": "2021-05-17", "symbol": "GOEV", "eps": -0.07, "epsEstimated": -0.23, "time": "amc", "revenue": null, "revenueEstimated": null, "fiscalDateEnding": "2021-03-30", "updatedFromDate": "2023-09-29"}, {"date": "2021-05-17", "symbol": "JBOG.PA", "eps": null, "epsEstimated": null, "time": "bmo", "revenue": null, "revenueEstimated": null, "fiscalDateEnding": "2021-02-17", "updatedFromDate": "2023-05-17"}, {"date": "2021-05-17", "symbol": "HCAND", "eps": null, "epsEstimated": null, "time": "amc", "revenue": null, "revenueEstimated": null, "fiscalDateEnding": "2021-03-31", "updatedFromDate": "2023-05-17"}, {"date": "2021-05-17", "symbol": "AULRF", "eps": null, "epsEstimated": null, "time": "bmo", "revenue": null, "revenueEstimated": null, "fiscalDateEnding": "2021-03-31", "updatedFromDate": "2023-05-17"}, {"date": "2021-05-17", "symbol": "CERE", "eps": -0.4, "epsEstimated": -0.45, "time": "bmo", "revenue": null, "revenueEstimated": null, "fiscalDateEnding": "2021-03-30", "updatedFromDate": "2023-09-29"}, {"date": "2021-05-17", "symbol": "LBTI", "eps": -0.00062, "epsEstimated": null, "time": "bmo", "revenue": 1828380, "revenueEstimated": null, "fiscalDateEnding": "2021-03-30", "updatedFromDate": "2023-09-29"}, {"date": "2021-05-17", "symbol": "GURE", "eps": -0.25, "epsEstimated": null, "time": "amc", "revenue": 5259243, "revenueEstimated": null, "fiscalDateEnding": "2021-03-30", "updatedFromDate": "2023-09-29"}, {"date": "2021-05-17", "symbol": "PIRS", "eps": -0.07, "epsEstimated": -0.17, "time": "bmo", "revenue": 15633000, "revenueEstimated": 1469500, "fiscalDateEnding": "2021-03-30", "updatedFromDate": "2023-09-29"}, {"date": "2021-05-17", "symbol": "PRCH", "eps": -0.35, "epsEstimated": -0.23, "time": "amc", "revenue": 26742000, "revenueEstimated": 21789777, "fiscalDateEnding": "2021-03-30", "updatedFromDate": "2023-09-29"}, {"date": "2021-05-17", "symbol": "EMX.V", "eps": -0.04128, "epsEstimated": null, "time": "bmo", "revenue": 310546.704798, "revenueEstimated": null, "fiscalDateEnding": "2021-03-31", "updatedFromDate": "2023-10-16"}, {"date": "2021-05-17", "symbol": "CRTD", "eps": -0.7516, "epsEstimated": null, "time": "bmo", "revenue": 970857, "revenueEstimated": null, "fiscalDateEnding": "2021-02-17", "updatedFromDate": "2023-05-17"}, {"date": "2021-05-17", "symbol": "000180.KS", "eps": 76, "epsEstimated": null, "time": "bmo", "revenue": 52768654200, "revenueEstimated": null, "fiscalDateEnding": "2021-02-17", "updatedFromDate": "2023-05-17"}, {"date": "2021-05-17", "symbol": "MMAC", "eps": -1.38883, "epsEstimated": null, "time": "bmo", "revenue": 2272000, "revenueEstimated": null, "fiscalDateEnding": "2021-03-30", "updatedFromDate": "2023-05-17"}, {"date": "2021-05-17", "symbol": "ABRD.ME", "eps": null, "epsEstimated": null, "time": "bmo", "revenue": null, "revenueEstimated": null, "fiscalDateEnding": "2021-02-17", "updatedFromDate": "2023-05-17"}, {"date": "2021-05-17", "symbol": "DLTNF", "eps": null, "epsEstimated": null, "time": "bmo", "revenue": null, "revenueEstimated": null, "fiscalDateEnding": "2021-03-31", "updatedFromDate": "2023-05-17"}, {"date": "2021-05-17", "symbol": "DNMR", "eps": -0.14, "epsEstimated": -0.06461, "time": "amc", "revenue": 13181000, "revenueEstimated": 8155741.5, "fiscalDateEnding": "2021-03-30", "updatedFromDate": "2023-09-29"}, {"date": "2021-05-17", "symbol": "AML.WA", "eps": 3.22, "epsEstimated": null, "time": "bmo", "revenue": 513987000, "revenueEstimated": null, "fiscalDateEnding": "2021-03-30", "updatedFromDate": "2023-05-17"}, {"date": "2021-05-17", "symbol": "DYFSF", "eps": null, "epsEstimated": null, "time": "bmo", "revenue": null, "revenueEstimated": null, "fiscalDateEnding": "2021-03-31", "updatedFromDate": "2023-05-17"}, {"date": "2021-05-17", "symbol": "039130.KS", "eps": -2768.68, "epsEstimated": -2157.84, "time": "bmo", "revenue": 6995784730, "revenueEstimated": null, "fiscalDateEnding": "2021-03-30", "updatedFromDate": "2023-05-17"}, {"date": "2021-05-17", "symbol": "APPH", "eps": -0.35, "epsEstimated": -0.25, "time": "bmo", "revenue": 2299000, "revenueEstimated": 2069100, "fiscalDateEnding": "2021-03-30", "updatedFromDate": "2023-09-29"}, {"date": "2021-05-17", "symbol": "TCMC.BK", "eps": -0.04469, "epsEstimated": null, "time": "bmo", "revenue": 1838688888.81, "revenueEstimated": null, "fiscalDateEnding": "2021-03-30", "updatedFromDate": "2023-05-17"}, {"date": "2021-05-17", "symbol": "070960.KS", "eps": -53.23939, "epsEstimated": null, "time": "bmo", "revenue": 27869494400, "revenueEstimated": null, "fiscalDateEnding": "2021-03-30", "updatedFromDate": "2023-05-17"}, {"date": "2021-05-17", "symbol": "IAALF", "eps": 0.00388, "epsEstimated": null, "time": "bmo", "revenue": 7124000, "revenueEstimated": null, "fiscalDateEnding": "2021-02-17", "updatedFromDate": "2023-10-09"}, {"date": "2021-05-17", "symbol": "NTEC", "eps": -3.84, "epsEstimated": -3.48, "time": "bmo", "revenue": null, "revenueEstimated": null, "fiscalDateEnding": "2021-03-30", "updatedFromDate": "2023-05-17"}, {"date": "2021-05-17", "symbol": "034730.KS", "eps": 4417, "epsEstimated": 5079.7, "time": "bmo", "revenue": 22249844000000, "revenueEstimated": null, "fiscalDateEnding": "2021-03-30", "updatedFromDate": "2023-05-17"}, {"date": "2021-05-17", "symbol": "EB5.SI", "eps": null, "epsEstimated": 0.04, "time": "bmo", "revenue": null, "revenueEstimated": null, "fiscalDateEnding": "2021-03-31", "updatedFromDate": "2023-05-17"}, {"date": "2021-05-17", "symbol": "HGMCF", "eps": null, "epsEstimated": null, "time": "bmo", "revenue": null, "revenueEstimated": null, "fiscalDateEnding": "2021-03-31", "updatedFromDate": "2023-05-17"}, {"date": "2021-05-17", "symbol": "ANDR", "eps": -6e-05, "epsEstimated": null, "time": "bmo", "revenue": 426484, "revenueEstimated": null, "fiscalDateEnding": "2021-03-30", "updatedFromDate": "2023-09-29"}, {"date": "2021-05-17", "symbol": "ACRX", "eps": -1.6, "epsEstimated": -1.6, "time": "amc", "revenue": 511000, "revenueEstimated": 511000, "fiscalDateEnding": "2021-03-30", "updatedFromDate": "2023-09-29"}, {"date": "2021-05-17", "symbol": "RBCN", "eps": -0.33, "epsEstimated": null, "time": "bmo", "revenue": 729000, "revenueEstimated": null, "fiscalDateEnding": "2021-03-30", "updatedFromDate": "2023-09-29"}, {"date": "2021-05-17", "symbol": "HPK", "eps": 0.05, "epsEstimated": null, "time": "amc", "revenue": 25717000, "revenueEstimated": null, "fiscalDateEnding": "2021-03-30", "updatedFromDate": "2023-09-29"}, {"date": "2021-05-17", "symbol": "LABP", "eps": 0.38, "epsEstimated": 0.37, "time": "bmo", "revenue": null, "revenueEstimated": null, "fiscalDateEnding": "2021-03-30", "updatedFromDate": "2023-09-29"}, {"date": "2021-05-17", "symbol": "AKRN.ME", "eps": 309.02, "epsEstimated": null, "time": "bmo", "revenue": 38952000000, "revenueEstimated": null, "fiscalDateEnding": "2021-03-31", "updatedFromDate": "2023-05-17"}, {"date": "2021-05-17", "symbol": "ODL.WA", "eps": 0.2764, "epsEstimated": null, "time": "bmo", "revenue": 49911000, "revenueEstimated": null, "fiscalDateEnding": "2021-03-30", "updatedFromDate": "2023-05-17"}, {"date": "2021-05-17", "symbol": "HCANF", "eps": -58.75854, "epsEstimated": null, "time": "bmo", "revenue": 9939103, "revenueEstimated": null, "fiscalDateEnding": "2021-03-31", "updatedFromDate": "2023-05-17"}, {"date": "2021-05-17", "symbol": "357780.KQ", "eps": 5327, "epsEstimated": 5420.33, "time": "bmo", "revenue": null, "revenueEstimated": 270150000, "fiscalDateEnding": "2021-03-31", "updatedFromDate": "2023-05-17"}, {"date": "2021-05-17", "symbol": "CRDL.TO", "eps": 0.26, "epsEstimated": 0.14, "time": "bmo", "revenue": null, "revenueEstimated": null, "fiscalDateEnding": "2021-03-31", "updatedFromDate": "2023-08-25"}, {"date": "2021-05-17", "symbol": "BUSXF", "eps": null, "epsEstimated": null, "time": "bmo", "revenue": null, "revenueEstimated": null, "fiscalDateEnding": "2021-03-31", "updatedFromDate": "2023-05-17"}, {"date": "2021-05-17", "symbol": "USWS", "eps": -7.35, "epsEstimated": -3.87, "time": "bmo", "revenue": 76258000, "revenueEstimated": 53082715.921875, "fiscalDateEnding": "2021-03-30", "updatedFromDate": "2023-08-16"}, {"date": "2021-05-17", "symbol": "QST.V", "eps": 0.03, "epsEstimated": 0.01, "time": "bmo", "revenue": 1548391, "revenueEstimated": null, "fiscalDateEnding": "2021-03-31", "updatedFromDate": "2023-08-25"}]}