{"result": [{"date": "2022-03-11", "symbol": "8462.TW", "eps": 1.52, "epsEstimated": 1.13, "time": "bmo", "revenue": 876507000, "revenueEstimated": null, "fiscalDateEnding": "2021-12-31", "updatedFromDate": "2023-08-17"}, {"date": "2022-03-11", "symbol": "4592.T", "eps": 30.17, "epsEstimated": null, "time": "bmo", "revenue": null, "revenueEstimated": null, "fiscalDateEnding": "2021-12-11", "updatedFromDate": "2023-10-17"}, {"date": "2022-03-11", "symbol": "UBA", "eps": 0.14, "epsEstimated": 0.22, "time": "bmo", "revenue": 35555000, "revenueEstimated": 35660000, "fiscalDateEnding": "2022-01-30", "updatedFromDate": "2023-09-29"}, {"date": "2022-03-11", "symbol": "4147.TWO", "eps": -1.19, "epsEstimated": -0.28, "time": "bmo", "revenue": 75859000, "revenueEstimated": null, "fiscalDateEnding": "2021-12-30", "updatedFromDate": "2023-08-16"}, {"date": "2022-03-11", "symbol": "196170.KQ", "eps": null, "epsEstimated": 142, "time": "bmo", "revenue": null, "revenueEstimated": null, "fiscalDateEnding": "2021-12-31", "updatedFromDate": "2023-08-16"}, {"date": "2022-03-11", "symbol": "DSHK", "eps": 0.11, "epsEstimated": 0.13, "time": "bmo", "revenue": 70528000, "revenueEstimated": null, "fiscalDateEnding": "2021-12-31", "updatedFromDate": "2023-09-29"}, {"date": "2022-03-11", "symbol": "603986.SS", "eps": 1.05, "epsEstimated": 0.87, "time": "bmo", "revenue": null, "revenueEstimated": null, "fiscalDateEnding": "2021-12-31", "updatedFromDate": "2023-08-16"}, {"date": "2022-03-11", "symbol": "VZLA.V", "eps": -0.01353, "epsEstimated": null, "time": "bmo", "revenue": null, "revenueEstimated": null, "fiscalDateEnding": "2021-12-11", "updatedFromDate": "2023-10-17"}, {"date": "2022-03-11", "symbol": "601233.SS", "eps": 0.46, "epsEstimated": 0.68, "time": "bmo", "revenue": null, "revenueEstimated": null, "fiscalDateEnding": "2021-12-31", "updatedFromDate": "2023-08-16"}, {"date": "2022-03-11", "symbol": "1513.TW", "eps": 1.26, "epsEstimated": 0.95, "time": "bmo", "revenue": 5161198000, "revenueEstimated": null, "fiscalDateEnding": "2021-12-30", "updatedFromDate": "2023-08-16"}, {"date": "2022-03-11", "symbol": "3576.TW", "eps": -0.29, "epsEstimated": null, "time": "bmo", "revenue": 4123934000, "revenueEstimated": null, "fiscalDateEnding": "2021-12-30", "updatedFromDate": "2023-08-16"}, {"date": "2022-03-11", "symbol": "002493.SZ", "eps": 0.27, "epsEstimated": 0.35, "time": "bmo", "revenue": 47667217455.45, "revenueEstimated": null, "fiscalDateEnding": "2021-12-30", "updatedFromDate": "2023-08-16"}, {"date": "2022-03-11", "symbol": "JRVMF", "eps": null, "epsEstimated": null, "time": "bmo", "revenue": null, "revenueEstimated": null, "fiscalDateEnding": "2021-12-31", "updatedFromDate": "2023-10-17"}, {"date": "2022-03-11", "symbol": "1717.TW", "eps": 0.57, "epsEstimated": 0.63, "time": "bmo", "revenue": 13047729000, "revenueEstimated": null, "fiscalDateEnding": "2021-12-30", "updatedFromDate": "2023-08-16"}, {"date": "2022-03-11", "symbol": "GDNS.CN", "eps": -0.04, "epsEstimated": null, "time": "bmo", "revenue": 13655947, "revenueEstimated": null, "fiscalDateEnding": "2021-12-30", "updatedFromDate": "2023-08-16"}, {"date": "2022-03-11", "symbol": "WTRH", "eps": -0.06, "epsEstimated": -0.03, "time": "amc", "revenue": 38649000, "revenueEstimated": 35000000, "fiscalDateEnding": "2021-12-30", "updatedFromDate": "2023-08-16"}, {"date": "2022-03-11", "symbol": "SRNE", "eps": -0.47, "epsEstimated": -0.29, "time": "bmo", "revenue": 13076000, "revenueEstimated": null, "fiscalDateEnding": "2021-12-30", "updatedFromDate": "2023-08-16"}, {"date": "2022-03-11", "symbol": "ARTO.JK", "eps": 8.55, "epsEstimated": 8.74, "time": "bmo", "revenue": 271296000000, "revenueEstimated": null, "fiscalDateEnding": "2021-12-30", "updatedFromDate": "2023-08-16"}, {"date": "2022-03-11", "symbol": "8069.TWO", "eps": 1.2, "epsEstimated": 1.25, "time": "bmo", "revenue": 6767623000, "revenueEstimated": null, "fiscalDateEnding": "2021-12-30", "updatedFromDate": "2023-08-16"}, {"date": "2022-03-11", "symbol": "SBIG", "eps": -0.05684, "epsEstimated": null, "time": "bmo", "revenue": 24024000, "revenueEstimated": null, "fiscalDateEnding": "2021-12-30", "updatedFromDate": "2023-09-29"}, {"date": "2022-03-11", "symbol": "4384.T", "eps": 4.56, "epsEstimated": 0.82, "time": "bmo", "revenue": 8033705000, "revenueEstimated": null, "fiscalDateEnding": "2022-01-31", "updatedFromDate": "2023-08-25"}, {"date": "2022-03-11", "symbol": "JRV.V", "eps": null, "epsEstimated": null, "time": "bmo", "revenue": null, "revenueEstimated": null, "fiscalDateEnding": "2021-12-31", "updatedFromDate": "2023-10-16"}, {"date": "2022-03-11", "symbol": "3022.TW", "eps": 0.97, "epsEstimated": null, "time": "bmo", "revenue": 1630646000, "revenueEstimated": null, "fiscalDateEnding": "2021-12-30", "updatedFromDate": "2023-08-16"}, {"date": "2022-03-11", "symbol": "603195.SS", "eps": 0.95, "epsEstimated": null, "time": "bmo", "revenue": 3372395555.37, "revenueEstimated": null, "fiscalDateEnding": "2021-12-31", "updatedFromDate": "2023-08-17"}, {"date": "2022-03-11", "symbol": "KRBP", "eps": -12.01, "epsEstimated": null, "time": "bmo", "revenue": null, "revenueEstimated": null, "fiscalDateEnding": "2021-12-30", "updatedFromDate": "2023-09-29"}, {"date": "2022-03-11", "symbol": "BPMP", "eps": 0.38, "epsEstimated": 0.35, "time": "bmo", "revenue": -21800000, "revenueEstimated": 33350000, "fiscalDateEnding": "2021-12-11", "updatedFromDate": "2023-05-17"}, {"date": "2022-03-11", "symbol": "CAI.AX", "eps": null, "epsEstimated": null, "time": "bmo", "revenue": null, "revenueEstimated": null, "fiscalDateEnding": "2021-12-11", "updatedFromDate": "2023-10-17"}, {"date": "2022-03-11", "symbol": "3662.T", "eps": -31.27, "epsEstimated": null, "time": "bmo", "revenue": 8559000000, "revenueEstimated": null, "fiscalDateEnding": "2022-01-31", "updatedFromDate": "2023-05-17"}, {"date": "2022-03-11", "symbol": "3843.T", "eps": 26.42, "epsEstimated": null, "time": "bmo", "revenue": 11439771000, "revenueEstimated": null, "fiscalDateEnding": "2021-12-11", "updatedFromDate": "2023-10-17"}, {"date": "2022-03-11", "symbol": "JAGX", "eps": -23.31, "epsEstimated": -6.75, "time": "bmo", "revenue": 2080000, "revenueEstimated": 1620000, "fiscalDateEnding": "2021-12-30", "updatedFromDate": "2023-09-29"}, {"date": "2022-03-11", "symbol": "MSZ.WA", "eps": 0.04198, "epsEstimated": null, "time": "bmo", "revenue": 200241000, "revenueEstimated": null, "fiscalDateEnding": "2021-12-31", "updatedFromDate": "2023-05-17"}, {"date": "2022-03-11", "symbol": "VZLA", "eps": -0.01353, "epsEstimated": null, "time": "bmo", "revenue": null, "revenueEstimated": null, "fiscalDateEnding": "2021-12-11", "updatedFromDate": "2023-10-17"}, {"date": "2022-03-11", "symbol": "RGF", "eps": 1.28, "epsEstimated": 0.19, "time": "bmo", "revenue": 25608000, "revenueEstimated": 25608000, "fiscalDateEnding": "2021-12-30", "updatedFromDate": "2023-09-29"}, {"date": "2022-03-11", "symbol": "GDNSF", "eps": -0.1, "epsEstimated": -0.025, "time": "bmo", "revenue": -754496, "revenueEstimated": 18160000, "fiscalDateEnding": "2021-12-30", "updatedFromDate": "2023-05-17"}, {"date": "2022-03-11", "symbol": "4382.T", "eps": -34.68894, "epsEstimated": null, "time": "bmo", "revenue": 389720000, "revenueEstimated": null, "fiscalDateEnding": "2021-12-11", "updatedFromDate": "2023-10-17"}, {"date": "2022-03-11", "symbol": "MIKN.SW", "eps": null, "epsEstimated": null, "time": "bmo", "revenue": null, "revenueEstimated": null, "fiscalDateEnding": "2021-12-11", "updatedFromDate": "2023-05-17"}, {"date": "2022-03-11", "symbol": "SDPI", "eps": 0.02318, "epsEstimated": 0.0058, "time": "bmo", "revenue": 3950469, "revenueEstimated": 3200000, "fiscalDateEnding": "2021-12-30", "updatedFromDate": "2023-09-29"}, {"date": "2022-03-11", "symbol": "MUEL", "eps": 1.81, "epsEstimated": null, "time": "amc", "revenue": null, "revenueEstimated": null, "fiscalDateEnding": "2021-12-11", "updatedFromDate": "2023-09-29"}, {"date": "2022-03-11", "symbol": "600379.SS", "eps": 0.05, "epsEstimated": null, "time": "bmo", "revenue": 194311351.12, "revenueEstimated": null, "fiscalDateEnding": "2021-12-30", "updatedFromDate": "2023-05-17"}, {"date": "2022-03-11", "symbol": "2313.TW", "eps": 1.69, "epsEstimated": 1.42, "time": "bmo", "revenue": 19735379000, "revenueEstimated": null, "fiscalDateEnding": "2021-12-30", "updatedFromDate": "2023-05-17"}, {"date": "2022-03-11", "symbol": "3708.TW", "eps": 1.07, "epsEstimated": 0.29, "time": "bmo", "revenue": 2918261000, "revenueEstimated": null, "fiscalDateEnding": "2021-12-30", "updatedFromDate": "2023-05-17"}, {"date": "2022-03-11", "symbol": "SDOS.ST", "eps": -0.04386, "epsEstimated": null, "time": "bmo", "revenue": 15693000, "revenueEstimated": null, "fiscalDateEnding": "2021-12-11", "updatedFromDate": "2023-10-17"}, {"date": "2022-03-11", "symbol": "1844.T", "eps": 5.48, "epsEstimated": null, "time": "bmo", "revenue": null, "revenueEstimated": null, "fiscalDateEnding": "2022-06-30", "updatedFromDate": "2023-05-17"}, {"date": "2022-03-11", "symbol": "002911.SZ", "eps": null, "epsEstimated": null, "time": "bmo", "revenue": null, "revenueEstimated": null, "fiscalDateEnding": "2021-12-31", "updatedFromDate": "2023-05-17"}, {"date": "2022-03-11", "symbol": "DAT.WA", "eps": -1.46451, "epsEstimated": null, "time": "bmo", "revenue": 4182000, "revenueEstimated": null, "fiscalDateEnding": "2021-12-11", "updatedFromDate": "2023-05-17"}, {"date": "2022-03-11", "symbol": "GSKY", "eps": 0.09, "epsEstimated": 0.07, "time": "amc", "revenue": -136432000, "revenueEstimated": 134830000, "fiscalDateEnding": "2021-12-11", "updatedFromDate": "2023-05-17"}, {"date": "2022-03-11", "symbol": "1437.TW", "eps": 0.59, "epsEstimated": null, "time": "bmo", "revenue": 197596000, "revenueEstimated": null, "fiscalDateEnding": "2021-12-30", "updatedFromDate": "2023-05-17"}, {"date": "2022-03-11", "symbol": "NWE.AX", "eps": null, "epsEstimated": null, "time": "bmo", "revenue": null, "revenueEstimated": null, "fiscalDateEnding": "2021-12-29", "updatedFromDate": "2023-05-17"}, {"date": "2022-03-11", "symbol": "RLX", "eps": 0.06, "epsEstimated": null, "time": "bmo", "revenue": 1904355000, "revenueEstimated": 367800000, "fiscalDateEnding": "2021-12-31", "updatedFromDate": "2023-09-29"}, {"date": "2022-03-11", "symbol": "600212.SS", "eps": -0.04744, "epsEstimated": null, "time": "bmo", "revenue": 65586898.64, "revenueEstimated": null, "fiscalDateEnding": "2021-12-30", "updatedFromDate": "2023-05-17"}, {"date": "2022-03-11", "symbol": "PED", "eps": -0.02, "epsEstimated": -0.01111, "time": "bmo", "revenue": 4520000, "revenueEstimated": 47420000, "fiscalDateEnding": "2021-12-30", "updatedFromDate": "2023-09-29"}, {"date": "2022-03-11", "symbol": "CIR.MI", "eps": null, "epsEstimated": null, "time": "bmo", "revenue": null, "revenueEstimated": null, "fiscalDateEnding": "2021-12-31", "updatedFromDate": "2023-05-17"}, {"date": "2022-03-11", "symbol": "6630.T", "eps": 26.68, "epsEstimated": null, "time": "bmo", "revenue": 14880438000, "revenueEstimated": null, "fiscalDateEnding": "2021-12-11", "updatedFromDate": "2023-10-17"}, {"date": "2022-03-11", "symbol": "NOBH", "eps": 0.33, "epsEstimated": null, "time": "bmo", "revenue": 10808270, "revenueEstimated": null, "fiscalDateEnding": "2022-02-04", "updatedFromDate": "2023-09-29"}, {"date": "2022-03-11", "symbol": "2376.TW", "eps": 5.81, "epsEstimated": 4.79, "time": "bmo", "revenue": 30456560000, "revenueEstimated": null, "fiscalDateEnding": "2021-12-30", "updatedFromDate": "2023-05-17"}, {"date": "2022-03-11", "symbol": "2923.TW", "eps": -0.02, "epsEstimated": null, "time": "bmo", "revenue": 1038019000, "revenueEstimated": null, "fiscalDateEnding": "2021-12-30", "updatedFromDate": "2023-05-17"}, {"date": "2022-03-11", "symbol": "FGPRQ", "eps": 2.68, "epsEstimated": null, "time": "bmo", "revenue": null, "revenueEstimated": null, "fiscalDateEnding": "2021-12-31", "updatedFromDate": "2023-09-29"}, {"date": "2022-03-11", "symbol": "600211.SS", "eps": -0.84, "epsEstimated": null, "time": "bmo", "revenue": 576668230.99, "revenueEstimated": null, "fiscalDateEnding": "2021-12-30", "updatedFromDate": "2023-05-17"}, {"date": "2022-03-11", "symbol": "HTBX", "eps": -0.54, "epsEstimated": -0.32, "time": "bmo", "revenue": -347961, "revenueEstimated": 350000, "fiscalDateEnding": "2021-12-30", "updatedFromDate": "2023-05-17"}, {"date": "2022-03-11", "symbol": "603668.SS", "eps": 0.02936, "epsEstimated": null, "time": "bmo", "revenue": 1419034731.77, "revenueEstimated": null, "fiscalDateEnding": "2021-12-30", "updatedFromDate": "2023-05-17"}, {"date": "2022-03-11", "symbol": "BKE", "eps": 1.69, "epsEstimated": 1.48, "time": "bmo", "revenue": 332341000, "revenueEstimated": 306710000, "fiscalDateEnding": "2021-12-11", "updatedFromDate": "2023-10-10"}, {"date": "2022-03-11", "symbol": "2484.TW", "eps": 0.7, "epsEstimated": null, "time": "bmo", "revenue": 781706000, "revenueEstimated": null, "fiscalDateEnding": "2021-12-30", "updatedFromDate": "2023-05-17"}, {"date": "2022-03-11", "symbol": "ELLH", "eps": -0.70492, "epsEstimated": null, "time": "amc", "revenue": 6000, "revenueEstimated": null, "fiscalDateEnding": "2021-12-11", "updatedFromDate": "2023-05-17"}, {"date": "2022-03-11", "symbol": "TOR.WA", "eps": 1.79, "epsEstimated": null, "time": "bmo", "revenue": 348713000, "revenueEstimated": null, "fiscalDateEnding": "2021-12-30", "updatedFromDate": "2023-05-17"}, {"date": "2022-03-11", "symbol": "AIRS", "eps": 0.04, "epsEstimated": 0.01059, "time": "bmo", "revenue": 37556000, "revenueEstimated": 37556000, "fiscalDateEnding": "2021-12-30", "updatedFromDate": "2023-09-29"}, {"date": "2022-03-11", "symbol": "600050.SS", "eps": 0.02, "epsEstimated": 0.01905, "time": "bmo", "revenue": 83365300376, "revenueEstimated": null, "fiscalDateEnding": "2021-12-31", "updatedFromDate": "2023-08-25"}, {"date": "2022-03-11", "symbol": "ASAP", "eps": 1.2, "epsEstimated": 0.6, "time": "amc", "revenue": 38649000, "revenueEstimated": 35000000, "fiscalDateEnding": "2021-12-31", "updatedFromDate": "2023-09-29"}, {"date": "2022-03-11", "symbol": "2029.TW", "eps": 0.98, "epsEstimated": null, "time": "bmo", "revenue": 3906749000, "revenueEstimated": null, "fiscalDateEnding": "2021-12-31", "updatedFromDate": "2023-08-25"}, {"date": "2022-03-11", "symbol": "CEAB3.SA", "eps": null, "epsEstimated": null, "time": "bmo", "revenue": null, "revenueEstimated": null, "fiscalDateEnding": "2021-12-31", "updatedFromDate": "2023-05-17"}, {"date": "2022-03-11", "symbol": "SOBR", "eps": -0.38156, "epsEstimated": null, "time": "bmo", "revenue": null, "revenueEstimated": null, "fiscalDateEnding": "2021-12-30", "updatedFromDate": "2023-09-29"}, {"date": "2022-03-11", "symbol": "VEN.AX", "eps": null, "epsEstimated": null, "time": "bmo", "revenue": null, "revenueEstimated": null, "fiscalDateEnding": "2021-12-11", "updatedFromDate": "2023-10-17"}, {"date": "2022-03-11", "symbol": "BTLS.BR", "eps": null, "epsEstimated": null, "time": "bmo", "revenue": null, "revenueEstimated": null, "fiscalDateEnding": "2021-12-31", "updatedFromDate": "2023-11-21"}, {"date": "2022-03-11", "symbol": "5971.T", "eps": 190.84, "epsEstimated": null, "time": "bmo", "revenue": null, "revenueEstimated": null, "fiscalDateEnding": "2021-12-31", "updatedFromDate": "2023-05-19"}, {"date": "2022-03-11", "symbol": "BLDP.TO", "eps": -0.15, "epsEstimated": -0.07, "time": "bmo", "revenue": 36705000, "revenueEstimated": null, "fiscalDateEnding": "2021-12-30", "updatedFromDate": "2023-05-17"}, {"date": "2022-03-11", "symbol": "EQOS", "eps": null, "epsEstimated": -0.22, "time": "bmo", "revenue": null, "revenueEstimated": null, "fiscalDateEnding": "2022-06-30", "updatedFromDate": "2023-05-17"}, {"date": "2022-03-11", "symbol": "3903.T", "eps": -26.42, "epsEstimated": null, "time": "bmo", "revenue": 4027418000, "revenueEstimated": null, "fiscalDateEnding": "2021-12-11", "updatedFromDate": "2023-10-17"}, {"date": "2022-03-11", "symbol": "PLXP", "eps": -0.73, "epsEstimated": -0.69, "time": "bmo", "revenue": 1591900, "revenueEstimated": 3900000, "fiscalDateEnding": "2021-12-30", "updatedFromDate": "2023-09-29"}, {"date": "2022-03-11", "symbol": "600292.SS", "eps": -0.03427, "epsEstimated": null, "time": "bmo", "revenue": 1329173230.36, "revenueEstimated": null, "fiscalDateEnding": "2021-12-30", "updatedFromDate": "2023-05-17"}, {"date": "2022-03-11", "symbol": "EGFEF", "eps": null, "epsEstimated": 0.03, "time": "bmo", "revenue": null, "revenueEstimated": null, "fiscalDateEnding": "2021-12-31", "updatedFromDate": "2023-05-17"}, {"date": "2022-03-11", "symbol": "603290.SS", "eps": 0.81, "epsEstimated": 0.76, "time": "bmo", "revenue": 542492302.21, "revenueEstimated": null, "fiscalDateEnding": "2021-12-11", "updatedFromDate": "2023-05-17"}, {"date": "2022-03-11", "symbol": "BYFC", "eps": -0.02, "epsEstimated": null, "time": "bmo", "revenue": 6636000, "revenueEstimated": null, "fiscalDateEnding": "2021-12-30", "updatedFromDate": "2023-09-29"}, {"date": "2022-03-11", "symbol": "LPTX", "eps": -1, "epsEstimated": -1.1, "time": "bmo", "revenue": 375000, "revenueEstimated": 190000, "fiscalDateEnding": "2021-12-30", "updatedFromDate": "2023-09-29"}, {"date": "2022-03-11", "symbol": "ANIX", "eps": -0.13, "epsEstimated": -0.13, "time": "bmo", "revenue": null, "revenueEstimated": null, "fiscalDateEnding": "2022-01-30", "updatedFromDate": "2023-09-29"}, {"date": "2022-03-11", "symbol": "067830.KS", "eps": 5.28, "epsEstimated": null, "time": "bmo", "revenue": 27945575810, "revenueEstimated": null, "fiscalDateEnding": "2021-12-11", "updatedFromDate": "2023-05-17"}, {"date": "2022-03-11", "symbol": "GENI", "eps": -0.44, "epsEstimated": -0.23, "time": "bmo", "revenue": 84012000, "revenueEstimated": 77920000, "fiscalDateEnding": "2021-12-31", "updatedFromDate": "2023-09-29"}, {"date": "2022-03-11", "symbol": "SPIE.PA", "eps": null, "epsEstimated": null, "time": "bmo", "revenue": null, "revenueEstimated": null, "fiscalDateEnding": "2021-12-11", "updatedFromDate": "2023-05-17"}, {"date": "2022-03-11", "symbol": "BLDP", "eps": -0.15, "epsEstimated": -0.08, "time": "amc", "revenue": 36705000, "revenueEstimated": 26460000, "fiscalDateEnding": "2021-12-31", "updatedFromDate": "2023-09-29"}, {"date": "2022-03-11", "symbol": "MSLP", "eps": -0.20344, "epsEstimated": null, "time": "bmo", "revenue": 10042000, "revenueEstimated": null, "fiscalDateEnding": "2021-12-30", "updatedFromDate": "2023-05-17"}, {"date": "2022-03-11", "symbol": "014620.KQ", "eps": -2.02, "epsEstimated": null, "time": "bmo", "revenue": null, "revenueEstimated": null, "fiscalDateEnding": "2021-12-31", "updatedFromDate": "2023-08-16"}, {"date": "2022-03-11", "symbol": "4557.TW", "eps": 2.16, "epsEstimated": null, "time": "bmo", "revenue": 684403000, "revenueEstimated": null, "fiscalDateEnding": "2021-12-11", "updatedFromDate": "2023-05-17"}, {"date": "2022-03-11", "symbol": "EQOSQ", "eps": null, "epsEstimated": -0.22, "time": "bmo", "revenue": null, "revenueEstimated": null, "fiscalDateEnding": "2022-06-30", "updatedFromDate": "2023-05-17"}, {"date": "2022-03-11", "symbol": "UBP", "eps": 0.14, "epsEstimated": null, "time": "bmo", "revenue": 35555000, "revenueEstimated": null, "fiscalDateEnding": "2022-01-30", "updatedFromDate": "2023-09-29"}, {"date": "2022-03-11", "symbol": "3023.TW", "eps": 1.88, "epsEstimated": 2.42, "time": "bmo", "revenue": 6469567000, "revenueEstimated": null, "fiscalDateEnding": "2021-12-30", "updatedFromDate": "2023-05-17"}, {"date": "2022-03-11", "symbol": "3159.T", "eps": 4.68, "epsEstimated": null, "time": "bmo", "revenue": 38608000000, "revenueEstimated": null, "fiscalDateEnding": "2021-12-11", "updatedFromDate": "2023-10-17"}, {"date": "2022-03-11", "symbol": "NPK", "eps": 0.45, "epsEstimated": null, "time": "amc", "revenue": 100407000, "revenueEstimated": null, "fiscalDateEnding": "2021-12-30", "updatedFromDate": "2023-09-29"}, {"date": "2022-03-11", "symbol": "600163.SS", "eps": 0.1524, "epsEstimated": null, "time": "bmo", "revenue": 550406313.56, "revenueEstimated": null, "fiscalDateEnding": "2021-12-11", "updatedFromDate": "2023-05-17"}, {"date": "2022-03-11", "symbol": "KT", "eps": 0.72, "epsEstimated": null, "time": "bmo", "revenue": 6623585000000, "revenueEstimated": null, "fiscalDateEnding": "2021-12-31", "updatedFromDate": "2023-09-29"}, {"date": "2022-03-11", "symbol": "KLXE", "eps": null, "epsEstimated": null, "time": "amc", "revenue": null, "revenueEstimated": 157100000, "fiscalDateEnding": "2021-12-29", "updatedFromDate": "2023-09-29"}, {"date": "2022-03-11", "symbol": "LAZY", "eps": 0.9, "epsEstimated": 0.83, "time": "bmo", "revenue": 322536000, "revenueEstimated": 287850000, "fiscalDateEnding": "2021-12-30", "updatedFromDate": "2023-09-29"}, {"date": "2022-03-11", "symbol": "8169.HK", "eps": 0.00361, "epsEstimated": null, "time": "bmo", "revenue": 26655000, "revenueEstimated": null, "fiscalDateEnding": "2022-01-31", "updatedFromDate": "2023-05-17"}, {"date": "2022-03-11", "symbol": "FGPR", "eps": -1.82395, "epsEstimated": null, "time": "bmo", "revenue": 394506000, "revenueEstimated": 484270000, "fiscalDateEnding": "2022-01-30", "updatedFromDate": "2023-05-17"}, {"date": "2022-03-11", "symbol": "HSON", "eps": 1.02, "epsEstimated": 0.46, "time": "bmo", "revenue": 50062000, "revenueEstimated": 50062000, "fiscalDateEnding": "2021-12-30", "updatedFromDate": "2023-09-29"}, {"date": "2022-03-11", "symbol": "3193.T", "eps": -0.37, "epsEstimated": null, "time": "bmo", "revenue": 5076096000, "revenueEstimated": null, "fiscalDateEnding": "2022-01-31", "updatedFromDate": "2023-05-17"}, {"date": "2022-03-11", "symbol": "TXT.MI", "eps": null, "epsEstimated": null, "time": "bmo", "revenue": null, "revenueEstimated": null, "fiscalDateEnding": "2021-12-11", "updatedFromDate": "2023-05-17"}, {"date": "2022-03-11", "symbol": "WISA", "eps": -19, "epsEstimated": -21, "time": "bmo", "revenue": 2000000, "revenueEstimated": 1380000, "fiscalDateEnding": "2021-12-30", "updatedFromDate": "2023-09-29"}, {"date": "2022-03-11", "symbol": "2739.TW", "eps": -1.54, "epsEstimated": null, "time": "bmo", "revenue": 811247000, "revenueEstimated": null, "fiscalDateEnding": "2021-12-11", "updatedFromDate": "2023-05-17"}, {"date": "2022-03-11", "symbol": "CLNN", "eps": -0.19, "epsEstimated": -0.18, "time": "bmo", "revenue": 199000, "revenueEstimated": 100000, "fiscalDateEnding": "2021-12-30", "updatedFromDate": "2023-09-29"}, {"date": "2022-03-11", "symbol": "LOAN", "eps": 0.09, "epsEstimated": 0.1, "time": "bmo", "revenue": 1514690, "revenueEstimated": 1250000, "fiscalDateEnding": "2021-12-30", "updatedFromDate": "2023-09-29"}, {"date": "2022-03-11", "symbol": "ITPOF", "eps": 0.43, "epsEstimated": 0.42, "time": "bmo", "revenue": null, "revenueEstimated": 383170000, "fiscalDateEnding": "2021-12-11", "updatedFromDate": "2023-05-17"}, {"date": "2022-03-11", "symbol": "ODC", "eps": 0.28, "epsEstimated": null, "time": "amc", "revenue": 87210000, "revenueEstimated": null, "fiscalDateEnding": "2022-01-30", "updatedFromDate": "2023-09-29"}, {"date": "2022-03-11", "symbol": "DS", "eps": -0.11, "epsEstimated": -0.13, "time": "bmo", "revenue": 70527000, "revenueEstimated": 67030000, "fiscalDateEnding": "2021-12-30", "updatedFromDate": "2023-05-17"}, {"date": "2022-03-11", "symbol": "9692.T", "eps": 35.46, "epsEstimated": null, "time": "bmo", "revenue": 11809533000, "revenueEstimated": null, "fiscalDateEnding": "2021-12-11", "updatedFromDate": "2023-10-17"}, {"date": "2022-03-11", "symbol": "1455.TW", "eps": 0.15, "epsEstimated": null, "time": "bmo", "revenue": 3121160000, "revenueEstimated": null, "fiscalDateEnding": "2021-12-30", "updatedFromDate": "2023-05-17"}, {"date": "2022-03-11", "symbol": "SPNE", "eps": -0.52, "epsEstimated": -0.35, "time": "amc", "revenue": 191451000, "revenueEstimated": 54460000, "fiscalDateEnding": "2021-12-30", "updatedFromDate": "2023-05-17"}, {"date": "2022-03-11", "symbol": "CIA", "eps": 1.02, "epsEstimated": null, "time": "bmo", "revenue": 69921000, "revenueEstimated": null, "fiscalDateEnding": "2021-12-30", "updatedFromDate": "2023-09-29"}, {"date": "2022-03-11", "symbol": "3733.T", "eps": 125.97, "epsEstimated": null, "time": "bmo", "revenue": 5708811000, "revenueEstimated": null, "fiscalDateEnding": "2022-01-31", "updatedFromDate": "2023-10-16"}, {"date": "2022-03-11", "symbol": "6272.T", "eps": 12.58, "epsEstimated": null, "time": "bmo", "revenue": 9439894000, "revenueEstimated": null, "fiscalDateEnding": "2021-12-11", "updatedFromDate": "2023-10-17"}, {"date": "2022-03-11", "symbol": "9743.T", "eps": 17.06, "epsEstimated": null, "time": "bmo", "revenue": 15190378000, "revenueEstimated": null, "fiscalDateEnding": "2021-12-11", "updatedFromDate": "2023-10-17"}, {"date": "2022-03-11", "symbol": "3361.T", "eps": 17.07, "epsEstimated": null, "time": "bmo", "revenue": 6007741000, "revenueEstimated": null, "fiscalDateEnding": "2021-12-11", "updatedFromDate": "2023-10-17"}, {"date": "2022-03-11", "symbol": "PTPP.JK", "eps": 22.08, "epsEstimated": null, "time": "bmo", "revenue": 5552178608977, "revenueEstimated": null, "fiscalDateEnding": "2021-12-30", "updatedFromDate": "2023-05-17"}, {"date": "2022-03-11", "symbol": "MELG.OL", "eps": 4.02, "epsEstimated": 3.9, "time": "bmo", "revenue": 58931000, "revenueEstimated": null, "fiscalDateEnding": "2021-12-30", "updatedFromDate": "2023-05-17"}, {"date": "2022-03-11", "symbol": "603055.SS", "eps": 0.802, "epsEstimated": null, "time": "bmo", "revenue": 1188802532.15, "revenueEstimated": null, "fiscalDateEnding": "2021-12-30", "updatedFromDate": "2023-05-17"}, {"date": "2022-03-11", "symbol": "JRV.AX", "eps": null, "epsEstimated": null, "time": "bmo", "revenue": null, "revenueEstimated": null, "fiscalDateEnding": "2021-12-11", "updatedFromDate": "2023-10-16"}, {"date": "2022-03-11", "symbol": "LGVN", "eps": -0.2, "epsEstimated": -0.25, "time": "bmo", "revenue": 209000, "revenueEstimated": 250000, "fiscalDateEnding": "2021-12-30", "updatedFromDate": "2023-09-29"}, {"date": "2022-03-11", "symbol": "INSE", "eps": -0.05, "epsEstimated": 0.16, "time": "bmo", "revenue": 67000000, "revenueEstimated": 58070000, "fiscalDateEnding": "2021-12-30", "updatedFromDate": "2023-09-29"}, {"date": "2022-03-11", "symbol": "BPTH", "eps": -0.59, "epsEstimated": -0.32, "time": "bmo", "revenue": null, "revenueEstimated": null, "fiscalDateEnding": "2021-12-30", "updatedFromDate": "2023-09-29"}, {"date": "2022-03-11", "symbol": "000408.SZ", "eps": 0.3022, "epsEstimated": null, "time": "bmo", "revenue": 1523207541.76, "revenueEstimated": null, "fiscalDateEnding": "2021-12-30", "updatedFromDate": "2023-05-17"}, {"date": "2022-03-11", "symbol": "0L85.L", "eps": -0.47, "epsEstimated": -0.29, "time": "bmo", "revenue": null, "revenueEstimated": null, "fiscalDateEnding": "2021-12-31", "updatedFromDate": "2023-08-16"}, {"date": "2022-03-11", "symbol": "3524.T", "eps": 17.49, "epsEstimated": null, "time": "bmo", "revenue": 4867225000, "revenueEstimated": null, "fiscalDateEnding": "2021-12-11", "updatedFromDate": "2023-10-17"}, {"date": "2022-03-11", "symbol": "0762.HK", "eps": null, "epsEstimated": null, "time": "amc", "revenue": null, "revenueEstimated": null, "fiscalDateEnding": "2021-12-11", "updatedFromDate": "2023-05-17"}, {"date": "2022-03-11", "symbol": "1433.T", "eps": 30.82, "epsEstimated": null, "time": "bmo", "revenue": 1330232000, "revenueEstimated": null, "fiscalDateEnding": "2021-12-11", "updatedFromDate": "2023-10-17"}, {"date": "2022-03-11", "symbol": "000999.SZ", "eps": 0.31, "epsEstimated": 0.28, "time": "bmo", "revenue": 4194386685.74, "revenueEstimated": null, "fiscalDateEnding": "2021-12-11", "updatedFromDate": "2023-05-17"}, {"date": "2022-03-11", "symbol": "LTE.JO", "eps": null, "epsEstimated": null, "time": "bmo", "revenue": null, "revenueEstimated": null, "fiscalDateEnding": "2021-12-11", "updatedFromDate": "2023-10-16"}, {"date": "2022-03-11", "symbol": "SVOL-B.ST", "eps": -13.7, "epsEstimated": null, "time": "bmo", "revenue": -1400000000, "revenueEstimated": null, "fiscalDateEnding": "2022-02-28", "updatedFromDate": "2023-05-17"}, {"date": "2022-03-11", "symbol": "023160.KQ", "eps": 112.74, "epsEstimated": null, "time": "bmo", "revenue": null, "revenueEstimated": null, "fiscalDateEnding": "2021-12-31", "updatedFromDate": "2023-08-16"}, {"date": "2022-03-11", "symbol": "TAPM", "eps": -0.11, "epsEstimated": null, "time": "bmo", "revenue": null, "revenueEstimated": 6500000, "fiscalDateEnding": "2021-12-29", "updatedFromDate": "2023-09-29"}, {"date": "2022-03-11", "symbol": "5876.TW", "eps": 0.74, "epsEstimated": null, "time": "bmo", "revenue": 8790408000, "revenueEstimated": null, "fiscalDateEnding": "2021-12-30", "updatedFromDate": "2023-05-17"}, {"date": "2022-03-11", "symbol": "5218.T", "eps": 23.01, "epsEstimated": null, "time": "bmo", "revenue": 6703994000, "revenueEstimated": null, "fiscalDateEnding": "2022-01-31", "updatedFromDate": "2023-05-17"}, {"date": "2022-03-11", "symbol": "4996.T", "eps": 21.66, "epsEstimated": null, "time": "bmo", "revenue": 32787000000, "revenueEstimated": null, "fiscalDateEnding": "2022-01-31", "updatedFromDate": "2023-05-17"}, {"date": "2022-03-11", "symbol": "1070.HK", "eps": null, "epsEstimated": null, "time": "bmo", "revenue": null, "revenueEstimated": null, "fiscalDateEnding": "2021-12-11", "updatedFromDate": "2023-05-17"}, {"date": "2022-03-11", "symbol": "TES.MI", "eps": null, "epsEstimated": null, "time": "bmo", "revenue": null, "revenueEstimated": null, "fiscalDateEnding": "2021-12-31", "updatedFromDate": "2023-05-17"}, {"date": "2022-03-11", "symbol": "2748.TW", "eps": 1.02, "epsEstimated": null, "time": "bmo", "revenue": 500729000, "revenueEstimated": null, "fiscalDateEnding": "2021-12-31", "updatedFromDate": "2023-08-16"}, {"date": "2022-03-11", "symbol": "4075.T", "eps": 6.37, "epsEstimated": null, "time": "bmo", "revenue": 263220000, "revenueEstimated": null, "fiscalDateEnding": "2022-01-31", "updatedFromDate": "2023-05-17"}, {"date": "2022-03-11", "symbol": "EUZOF", "eps": null, "epsEstimated": null, "time": "bmo", "revenue": null, "revenueEstimated": null, "fiscalDateEnding": "2021-12-31", "updatedFromDate": "2023-05-17"}, {"date": "2022-03-11", "symbol": "MWT.WA", "eps": -0.11398, "epsEstimated": null, "time": "bmo", "revenue": 185000, "revenueEstimated": null, "fiscalDateEnding": "2021-12-30", "updatedFromDate": "2023-05-17"}, {"date": "2022-03-11", "symbol": "POST.VI", "eps": 0.68, "epsEstimated": 0.76, "time": "bmo", "revenue": 689000000, "revenueEstimated": null, "fiscalDateEnding": "2021-12-30", "updatedFromDate": "2023-08-16"}, {"date": "2022-03-11", "symbol": "XELA", "eps": -1360, "epsEstimated": -0.09, "time": "bmo", "revenue": 294312000, "revenueEstimated": 296150000, "fiscalDateEnding": "2021-12-30", "updatedFromDate": "2023-09-29"}, {"date": "2022-03-11", "symbol": "KSL.BK", "eps": 0.0765, "epsEstimated": null, "time": "bmo", "revenue": 3426060000, "revenueEstimated": null, "fiscalDateEnding": "2022-01-31", "updatedFromDate": "2023-05-17"}, {"date": "2022-03-11", "symbol": "603380.SS", "eps": 0.36, "epsEstimated": null, "time": "bmo", "revenue": 538744291.78, "revenueEstimated": null, "fiscalDateEnding": "2021-12-30", "updatedFromDate": "2023-05-17"}, {"date": "2022-03-11", "symbol": "NHWK", "eps": 0.54, "epsEstimated": 0.32, "time": "bmo", "revenue": 613100, "revenueEstimated": null, "fiscalDateEnding": "2021-12-30", "updatedFromDate": "2023-09-29"}, {"date": "2022-03-11", "symbol": "EUROB.AT", "eps": null, "epsEstimated": 0.03, "time": "bmo", "revenue": null, "revenueEstimated": null, "fiscalDateEnding": "2021-12-31", "updatedFromDate": "2023-05-17"}, {"date": "2022-03-11", "symbol": "BCOW", "eps": -0.05, "epsEstimated": null, "time": "bmo", "revenue": 4291000, "revenueEstimated": null, "fiscalDateEnding": "2021-12-30", "updatedFromDate": "2023-09-29"}, {"date": "2022-03-11", "symbol": "6049.T", "eps": 3.41, "epsEstimated": null, "time": "bmo", "revenue": 892361000, "revenueEstimated": null, "fiscalDateEnding": "2022-01-31", "updatedFromDate": "2023-05-17"}, {"date": "2022-03-11", "symbol": "TG", "eps": 0.18, "epsEstimated": null, "time": "bmo", "revenue": 238486000, "revenueEstimated": 845690000, "fiscalDateEnding": "2021-12-11", "updatedFromDate": "2023-10-10"}, {"date": "2022-03-11", "symbol": "MZZ.AX", "eps": null, "epsEstimated": null, "time": "bmo", "revenue": null, "revenueEstimated": null, "fiscalDateEnding": "2021-12-11", "updatedFromDate": "2023-10-16"}, {"date": "2022-03-11", "symbol": "INPX", "eps": -5.26, "epsEstimated": null, "time": "bmo", "revenue": 5138000, "revenueEstimated": 11924000, "fiscalDateEnding": "2021-12-30", "updatedFromDate": "2023-09-29"}, {"date": "2022-03-11", "symbol": "1524.TW", "eps": 0.1, "epsEstimated": null, "time": "bmo", "revenue": 555383000, "revenueEstimated": null, "fiscalDateEnding": "2021-12-30", "updatedFromDate": "2023-05-17"}, {"date": "2022-03-11", "symbol": "ZV.MI", "eps": null, "epsEstimated": null, "time": "bmo", "revenue": null, "revenueEstimated": null, "fiscalDateEnding": "2021-12-31", "updatedFromDate": "2023-05-17"}, {"date": "2022-03-11", "symbol": "4807.TW", "eps": 0.94, "epsEstimated": 1.02, "time": "bmo", "revenue": 571629000, "revenueEstimated": null, "fiscalDateEnding": "2021-12-31", "updatedFromDate": "2023-08-16"}, {"date": "2022-03-11", "symbol": "SUNW", "eps": -0.47, "epsEstimated": -0.21, "time": "bmo", "revenue": 31674000, "revenueEstimated": 29500000, "fiscalDateEnding": "2021-12-30", "updatedFromDate": "2023-09-29"}, {"date": "2022-03-11", "symbol": "WE", "eps": -1.02661, "epsEstimated": null, "time": "bmo", "revenue": 718127000, "revenueEstimated": null, "fiscalDateEnding": "2021-12-30", "updatedFromDate": "2023-09-29"}, {"date": "2022-03-11", "symbol": "000792.SZ", "eps": 0.13, "epsEstimated": 0.97, "time": "bmo", "revenue": 3979735267.13, "revenueEstimated": null, "fiscalDateEnding": "2021-12-31", "updatedFromDate": "2023-08-16"}, {"date": "2022-03-11", "symbol": "603801.SS", "eps": 0.69, "epsEstimated": null, "time": "bmo", "revenue": null, "revenueEstimated": null, "fiscalDateEnding": "2021-12-31", "updatedFromDate": "2023-08-16"}, {"date": "2022-03-11", "symbol": "BRG", "eps": -1.06, "epsEstimated": -0.57, "time": "bmo", "revenue": 57217000, "revenueEstimated": 57760000, "fiscalDateEnding": "2021-12-30", "updatedFromDate": "2023-08-16"}, {"date": "2022-03-11", "symbol": "FUTU", "eps": 0.42, "epsEstimated": 5.43, "time": "bmo", "revenue": 1385956000, "revenueEstimated": 281170000, "fiscalDateEnding": "2021-12-31", "updatedFromDate": "2023-09-29"}, {"date": "2022-03-11", "symbol": "086900.KQ", "eps": -1502.72, "epsEstimated": 883.64, "time": "bmo", "revenue": null, "revenueEstimated": null, "fiscalDateEnding": "2021-12-31", "updatedFromDate": "2023-08-16"}, {"date": "2022-03-11", "symbol": "CDRO", "eps": null, "epsEstimated": -0.12, "time": "bmo", "revenue": null, "revenueEstimated": null, "fiscalDateEnding": "2021-12-31", "updatedFromDate": "2023-08-16"}, {"date": "2022-03-11", "symbol": "EM", "eps": -0.04, "epsEstimated": -0.26, "time": "bmo", "revenue": 836177000, "revenueEstimated": null, "fiscalDateEnding": "2021-12-31", "updatedFromDate": "2023-09-29"}, {"date": "2022-03-11", "symbol": "000568.SZ", "eps": 1.15, "epsEstimated": 0.88, "time": "bmo", "revenue": 6532437110.01, "revenueEstimated": null, "fiscalDateEnding": "2021-12-31", "updatedFromDate": "2023-08-16"}, {"date": "2022-03-11", "symbol": "OCCI", "eps": 0.78, "epsEstimated": 0.35, "time": "bmo", "revenue": null, "revenueEstimated": 6200000, "fiscalDateEnding": "2021-12-11", "updatedFromDate": "2023-09-29"}, {"date": "2022-03-12", "symbol": "6214.TW", "eps": 0.58, "epsEstimated": null, "time": "bmo", "revenue": 7575163000, "revenueEstimated": null, "fiscalDateEnding": "2021-12-30", "updatedFromDate": "2023-05-17"}, {"date": "2022-03-12", "symbol": "002867.SZ", "eps": 0.21, "epsEstimated": 0.3, "time": "bmo", "revenue": null, "revenueEstimated": null, "fiscalDateEnding": "2021-12-31", "updatedFromDate": "2023-08-16"}, {"date": "2022-03-12", "symbol": "2455.TW", "eps": 1.03, "epsEstimated": 1.14, "time": "bmo", "revenue": 839197000, "revenueEstimated": null, "fiscalDateEnding": "2021-12-12", "updatedFromDate": "2023-05-17"}, {"date": "2022-03-12", "symbol": "603477.SS", "eps": 0.1187, "epsEstimated": null, "time": "bmo", "revenue": 898771482.36, "revenueEstimated": null, "fiscalDateEnding": "2021-12-30", "updatedFromDate": "2023-05-17"}, {"date": "2022-03-12", "symbol": "603303.SS", "eps": 0.09, "epsEstimated": null, "time": "bmo", "revenue": 1566179111.52, "revenueEstimated": null, "fiscalDateEnding": "2021-12-30", "updatedFromDate": "2023-05-17"}, {"date": "2022-03-12", "symbol": "RF.PA", "eps": null, "epsEstimated": null, "time": "bmo", "revenue": null, "revenueEstimated": null, "fiscalDateEnding": "2021-12-12", "updatedFromDate": "2023-05-17"}, {"date": "2022-03-13", "symbol": "000301.SZ", "eps": 0.66, "epsEstimated": 0.07, "time": "bmo", "revenue": 26645371085.42, "revenueEstimated": null, "fiscalDateEnding": "2021-12-31", "updatedFromDate": "2023-08-16"}, {"date": "2022-03-13", "symbol": "9511.SR", "eps": null, "epsEstimated": null, "time": "bmo", "revenue": null, "revenueEstimated": null, "fiscalDateEnding": "2021-12-31", "updatedFromDate": "2023-05-17"}, {"date": "2022-03-13", "symbol": "HSRMF", "eps": null, "epsEstimated": null, "time": "bmo", "revenue": null, "revenueEstimated": null, "fiscalDateEnding": "2022-03-31", "updatedFromDate": "2023-05-17"}, {"date": "2022-03-13", "symbol": "NWH-UN.TO", "eps": 0.952, "epsEstimated": null, "time": "bmo", "revenue": 96368000, "revenueEstimated": null, "fiscalDateEnding": "2021-12-30", "updatedFromDate": "2023-05-17"}, {"date": "2022-03-13", "symbol": "WTON.JK", "eps": 3.32, "epsEstimated": null, "time": "bmo", "revenue": 1835199174506, "revenueEstimated": null, "fiscalDateEnding": "2021-12-30", "updatedFromDate": "2023-05-17"}, {"date": "2022-03-13", "symbol": "DEUZF", "eps": null, "epsEstimated": null, "time": "bmo", "revenue": null, "revenueEstimated": null, "fiscalDateEnding": "2021-12-31", "updatedFromDate": "2023-08-16"}, {"date": "2022-03-13", "symbol": "BQSSF", "eps": null, "epsEstimated": null, "time": "bmo", "revenue": null, "revenueEstimated": null, "fiscalDateEnding": "2022-03-31", "updatedFromDate": "2023-05-17"}, {"date": "2022-03-13", "symbol": "NWHUF", "eps": null, "epsEstimated": null, "time": "amc", "revenue": null, "revenueEstimated": null, "fiscalDateEnding": "2021-12-31", "updatedFromDate": "2023-05-17"}, {"date": "2022-03-13", "symbol": "002390.KS", "eps": 24.97, "epsEstimated": null, "time": "bmo", "revenue": 127083450030, "revenueEstimated": null, "fiscalDateEnding": "2021-12-13", "updatedFromDate": "2023-05-17"}, {"date": "2022-03-13", "symbol": "1831.SR", "eps": 1.04, "epsEstimated": null, "time": "bmo", "revenue": 349666780, "revenueEstimated": null, "fiscalDateEnding": "2021-12-30", "updatedFromDate": "2023-05-17"}, {"date": "2022-03-13", "symbol": "4164.SR", "eps": null, "epsEstimated": null, "time": "bmo", "revenue": null, "revenueEstimated": null, "fiscalDateEnding": "2021-12-31", "updatedFromDate": "2023-08-16"}, {"date": "2022-03-13", "symbol": "3080.SR", "eps": 0.49, "epsEstimated": null, "time": "bmo", "revenue": 159275000, "revenueEstimated": null, "fiscalDateEnding": "2021-12-30", "updatedFromDate": "2023-05-17"}, {"date": "2022-03-13", "symbol": "SMSAAM.SN", "eps": null, "epsEstimated": null, "time": "bmo", "revenue": null, "revenueEstimated": null, "fiscalDateEnding": "2021-12-31", "updatedFromDate": "2023-05-17"}, {"date": "2022-03-13", "symbol": "KOBNF", "eps": 23.48, "epsEstimated": 23.82, "time": "bmo", "revenue": null, "revenueEstimated": null, "fiscalDateEnding": "2022-03-31", "updatedFromDate": "2023-05-17"}, {"date": "2022-03-13", "symbol": "HYPOF", "eps": 0.78, "epsEstimated": null, "time": "bmo", "revenue": null, "revenueEstimated": null, "fiscalDateEnding": "2021-12-31", "updatedFromDate": "2023-05-17"}, {"date": "2022-03-13", "symbol": "8020.SR", "eps": -0.69, "epsEstimated": null, "time": "bmo", "revenue": 225304000, "revenueEstimated": null, "fiscalDateEnding": "2021-12-30", "updatedFromDate": "2023-05-17"}, {"date": "2022-03-13", "symbol": "PNXGF", "eps": null, "epsEstimated": null, "time": "bmo", "revenue": null, "revenueEstimated": null, "fiscalDateEnding": "2021-12-31", "updatedFromDate": "2023-05-17"}]}