{"result": [{"date": "2022-11-06", "symbol": "SSNEF", "eps": 114.38, "epsEstimated": null, "time": "bmo", "revenue": null, "revenueEstimated": null, "fiscalDateEnding": "2022-09-30", "updatedFromDate": "2023-05-17"}, {"date": "2022-11-06", "symbol": "ESALY", "eps": 13.36, "epsEstimated": null, "time": "bmo", "revenue": 174364000000, "revenueEstimated": null, "fiscalDateEnding": "2022-09-29", "updatedFromDate": "2023-05-17"}, {"date": "2022-11-06", "symbol": "QSCGF", "eps": null, "epsEstimated": null, "time": "bmo", "revenue": null, "revenueEstimated": null, "fiscalDateEnding": "2022-09-30", "updatedFromDate": "2023-05-17"}, {"date": "2022-11-06", "symbol": "CTRRF", "eps": null, "epsEstimated": null, "time": "bmo", "revenue": null, "revenueEstimated": null, "fiscalDateEnding": "2022-09-30", "updatedFromDate": "2023-05-17"}, {"date": "2022-11-06", "symbol": "ESALF", "eps": 12.44, "epsEstimated": null, "time": "bmo", "revenue": 184262000000, "revenueEstimated": null, "fiscalDateEnding": "2022-08-06", "updatedFromDate": "2023-10-17"}, {"date": "2022-11-06", "symbol": "IIJIF", "eps": 23.51, "epsEstimated": null, "time": "bmo", "revenue": null, "revenueEstimated": null, "fiscalDateEnding": "2022-09-30", "updatedFromDate": "2023-05-17"}, {"date": "2022-11-06", "symbol": "TCNRF", "eps": 107.99, "epsEstimated": null, "time": "bmo", "revenue": null, "revenueEstimated": null, "fiscalDateEnding": "2023-03-31", "updatedFromDate": "2023-05-17"}, {"date": "2022-11-06", "symbol": "RYAOF", "eps": 0.95, "epsEstimated": 1.12, "time": "bmo", "revenue": null, "revenueEstimated": null, "fiscalDateEnding": "2022-09-30", "updatedFromDate": "2023-05-17"}, {"date": "2022-11-06", "symbol": "YATRF", "eps": 27.69, "epsEstimated": 36.88, "time": "bmo", "revenue": 424159000000, "revenueEstimated": null, "fiscalDateEnding": "2022-08-06", "updatedFromDate": "2023-10-17"}, {"date": "2022-11-06", "symbol": "PRKCF", "eps": 19.54, "epsEstimated": null, "time": "bmo", "revenue": null, "revenueEstimated": null, "fiscalDateEnding": "2023-03-31", "updatedFromDate": "2023-05-17"}, {"date": "2022-11-06", "symbol": "SHWDF", "eps": 43.91, "epsEstimated": null, "time": "bmo", "revenue": null, "revenueEstimated": null, "fiscalDateEnding": "2022-09-30", "updatedFromDate": "2023-05-17"}, {"date": "2022-11-06", "symbol": "POGHF", "eps": 79.72, "epsEstimated": null, "time": "bmo", "revenue": null, "revenueEstimated": null, "fiscalDateEnding": "2022-09-30", "updatedFromDate": "2023-05-17"}, {"date": "2022-11-06", "symbol": "TNTFF", "eps": -0.04, "epsEstimated": null, "time": "bmo", "revenue": null, "revenueEstimated": null, "fiscalDateEnding": "2022-09-30", "updatedFromDate": "2023-08-16"}, {"date": "2022-11-06", "symbol": "HIZOF", "eps": -7.04, "epsEstimated": null, "time": "bmo", "revenue": null, "revenueEstimated": null, "fiscalDateEnding": "2023-03-31", "updatedFromDate": "2023-05-17"}, {"date": "2022-11-06", "symbol": "AJINF", "eps": 35.95, "epsEstimated": 39.39, "time": "bmo", "revenue": null, "revenueEstimated": null, "fiscalDateEnding": "2023-03-31", "updatedFromDate": "2023-05-17"}, {"date": "2022-11-06", "symbol": "1831.SR", "eps": 1.65, "epsEstimated": null, "time": "bmo", "revenue": 419469944, "revenueEstimated": null, "fiscalDateEnding": "2022-09-30", "updatedFromDate": "2023-05-17"}, {"date": "2022-11-06", "symbol": "NICFF", "eps": 85.81, "epsEstimated": null, "time": "bmo", "revenue": null, "revenueEstimated": null, "fiscalDateEnding": "2023-03-31", "updatedFromDate": "2023-05-17"}, {"date": "2022-11-06", "symbol": "TYOYF", "eps": 101.47, "epsEstimated": 96.62, "time": "bmo", "revenue": null, "revenueEstimated": null, "fiscalDateEnding": "2022-09-30", "updatedFromDate": "2023-05-17"}, {"date": "2022-11-06", "symbol": "UNCHF", "eps": 34.84, "epsEstimated": 35.21, "time": "bmo", "revenue": 232935000000, "revenueEstimated": null, "fiscalDateEnding": "2022-09-30", "updatedFromDate": "2023-08-16"}, {"date": "2022-11-06", "symbol": "8250.SR", "eps": 0.53, "epsEstimated": null, "time": "bmo", "revenue": 369786000, "revenueEstimated": null, "fiscalDateEnding": "2022-09-30", "updatedFromDate": "2023-05-17"}, {"date": "2022-11-06", "symbol": "7200.SR", "eps": 0.84, "epsEstimated": null, "time": "bmo", "revenue": 198801620, "revenueEstimated": null, "fiscalDateEnding": "2022-09-30", "updatedFromDate": "2023-05-17"}, {"date": "2022-11-06", "symbol": "MITNF", "eps": null, "epsEstimated": null, "time": "bmo", "revenue": null, "revenueEstimated": null, "fiscalDateEnding": "2022-09-30", "updatedFromDate": "2023-05-17"}, {"date": "2022-11-06", "symbol": "3040.SR", "eps": 0.26, "epsEstimated": null, "time": "bmo", "revenue": 166779051, "revenueEstimated": null, "fiscalDateEnding": "2022-09-30", "updatedFromDate": "2023-08-16"}, {"date": "2022-11-06", "symbol": "8020.SR", "eps": -0.0234, "epsEstimated": null, "time": "bmo", "revenue": 235922000, "revenueEstimated": null, "fiscalDateEnding": "2022-09-30", "updatedFromDate": "2023-05-17"}, {"date": "2022-11-06", "symbol": "CEJOF", "eps": 54.51, "epsEstimated": null, "time": "bmo", "revenue": null, "revenueEstimated": null, "fiscalDateEnding": "2023-03-31", "updatedFromDate": "2023-05-17"}, {"date": "2022-11-06", "symbol": "SKXJF", "eps": 230.35, "epsEstimated": null, "time": "bmo", "revenue": null, "revenueEstimated": null, "fiscalDateEnding": "2023-03-31", "updatedFromDate": "2023-05-17"}, {"date": "2022-11-06", "symbol": "8270.SR", "eps": 0.12, "epsEstimated": null, "time": "bmo", "revenue": 121818637, "revenueEstimated": null, "fiscalDateEnding": "2022-09-30", "updatedFromDate": "2023-05-17"}, {"date": "2022-11-06", "symbol": "CHBAF", "eps": 25.01, "epsEstimated": null, "time": "bmo", "revenue": null, "revenueEstimated": null, "fiscalDateEnding": "2023-03-31", "updatedFromDate": "2023-08-16"}, {"date": "2022-11-06", "symbol": "BU.TO", "eps": -0.03674, "epsEstimated": null, "time": "bmo", "revenue": 90538, "revenueEstimated": null, "fiscalDateEnding": "2022-08-06", "updatedFromDate": "2023-10-16"}, {"date": "2022-11-06", "symbol": "2081.SR", "eps": 1.12, "epsEstimated": null, "time": "bmo", "revenue": 193503017, "revenueEstimated": null, "fiscalDateEnding": "2022-09-30", "updatedFromDate": "2023-05-17"}, {"date": "2022-11-06", "symbol": "TKCBF", "eps": 32.22, "epsEstimated": null, "time": "bmo", "revenue": null, "revenueEstimated": null, "fiscalDateEnding": "2022-09-30", "updatedFromDate": "2023-08-16"}, {"date": "2022-11-06", "symbol": "SHMZF", "eps": 53.67, "epsEstimated": 41.03, "time": "bmo", "revenue": null, "revenueEstimated": null, "fiscalDateEnding": "2023-03-31", "updatedFromDate": "2023-05-17"}, {"date": "2022-11-06", "symbol": "ORXCF", "eps": 50.62, "epsEstimated": 59.78, "time": "bmo", "revenue": null, "revenueEstimated": null, "fiscalDateEnding": "2022-09-30", "updatedFromDate": "2023-05-17"}, {"date": "2022-11-06", "symbol": "CBCFF", "eps": 29.11, "epsEstimated": 34.67, "time": "bmo", "revenue": 65323000000, "revenueEstimated": null, "fiscalDateEnding": "2022-08-06", "updatedFromDate": "2023-10-17"}, {"date": "2022-11-06", "symbol": "TINLF", "eps": 1.59, "epsEstimated": null, "time": "bmo", "revenue": 243834000000, "revenueEstimated": null, "fiscalDateEnding": "2022-08-06", "updatedFromDate": "2023-10-17"}, {"date": "2022-11-06", "symbol": "SYRVF", "eps": null, "epsEstimated": null, "time": "bmo", "revenue": null, "revenueEstimated": null, "fiscalDateEnding": "2022-09-30", "updatedFromDate": "2023-05-17"}, {"date": "2022-11-06", "symbol": "MRSKF", "eps": 38.53, "epsEstimated": null, "time": "bmo", "revenue": null, "revenueEstimated": null, "fiscalDateEnding": "2022-09-30", "updatedFromDate": "2023-05-17"}, {"date": "2022-11-06", "symbol": "CRT-UN.TO", "eps": 0.2359, "epsEstimated": null, "time": "bmo", "revenue": 133155000, "revenueEstimated": null, "fiscalDateEnding": "2022-09-30", "updatedFromDate": "2023-05-17"}, {"date": "2022-11-06", "symbol": "THKLF", "eps": 73, "epsEstimated": 55.13, "time": "bmo", "revenue": null, "revenueEstimated": null, "fiscalDateEnding": "2022-09-30", "updatedFromDate": "2023-05-17"}, {"date": "2022-11-06", "symbol": "MRUHF", "eps": 106.78, "epsEstimated": null, "time": "bmo", "revenue": null, "revenueEstimated": null, "fiscalDateEnding": "2022-09-30", "updatedFromDate": "2023-05-17"}, {"date": "2022-11-06", "symbol": "ARHCF", "eps": 24.1, "epsEstimated": null, "time": "bmo", "revenue": null, "revenueEstimated": null, "fiscalDateEnding": "2023-03-31", "updatedFromDate": "2023-05-17"}, {"date": "2022-11-06", "symbol": "TRGNF", "eps": null, "epsEstimated": null, "time": "bmo", "revenue": null, "revenueEstimated": null, "fiscalDateEnding": "2022-09-30", "updatedFromDate": "2023-05-17"}, {"date": "2022-11-06", "symbol": "ALSRF", "eps": null, "epsEstimated": null, "time": "bmo", "revenue": null, "revenueEstimated": null, "fiscalDateEnding": "2022-09-30", "updatedFromDate": "2023-08-16"}, {"date": "2022-11-06", "symbol": "8230.SR", "eps": 0.56, "epsEstimated": null, "time": "bmo", "revenue": 636810000, "revenueEstimated": null, "fiscalDateEnding": "2022-09-30", "updatedFromDate": "2023-05-17"}, {"date": "2022-11-06", "symbol": "NHNCF", "eps": 1689, "epsEstimated": 1614.02, "time": "bmo", "revenue": null, "revenueEstimated": null, "fiscalDateEnding": "2022-09-30", "updatedFromDate": "2023-05-17"}, {"date": "2022-11-06", "symbol": "FMMFF", "eps": 54.38, "epsEstimated": 37.9, "time": "bmo", "revenue": 153326000000, "revenueEstimated": null, "fiscalDateEnding": "2022-09-30", "updatedFromDate": "2023-08-25"}, {"date": "2022-11-07", "symbol": "RYAAY", "eps": 4.78, "epsEstimated": 5.54, "time": "bmo", "revenue": 4014600000, "revenueEstimated": 3943270000, "fiscalDateEnding": "2022-09-30", "updatedFromDate": "2023-09-29"}, {"date": "2022-11-07", "symbol": "HYPRF", "eps": -0.38, "epsEstimated": -0.31, "time": "bmo", "revenue": null, "revenueEstimated": null, "fiscalDateEnding": "2022-09-30", "updatedFromDate": "2023-05-17"}, {"date": "2022-11-07", "symbol": "NRG", "eps": 0.29, "epsEstimated": 1.43, "time": "bmo", "revenue": 8510000000, "revenueEstimated": null, "fiscalDateEnding": "2022-09-29", "updatedFromDate": "2023-09-29"}, {"date": "2022-11-07", "symbol": "MOS", "eps": 3.22, "epsEstimated": 3.52, "time": "amc", "revenue": 5348500000, "revenueEstimated": null, "fiscalDateEnding": "2022-09-29", "updatedFromDate": "2023-09-29"}, {"date": "2022-11-07", "symbol": "MEDS", "eps": -0.9, "epsEstimated": -1.8, "time": "amc", "revenue": 2400311, "revenueEstimated": null, "fiscalDateEnding": "2022-09-29", "updatedFromDate": "2023-09-29"}, {"date": "2022-11-07", "symbol": "2634.TW", "eps": 0.6, "epsEstimated": 0.54, "time": "bmo", "revenue": 8156354000, "revenueEstimated": null, "fiscalDateEnding": "2022-09-30", "updatedFromDate": "2023-05-17"}, {"date": "2022-11-07", "symbol": "MITUF", "eps": 84.62, "epsEstimated": 79.74, "time": "bmo", "revenue": null, "revenueEstimated": null, "fiscalDateEnding": "2022-09-30", "updatedFromDate": "2023-05-17"}, {"date": "2022-11-07", "symbol": "SAVA", "eps": -0.51, "epsEstimated": -0.47, "time": "bmo", "revenue": null, "revenueEstimated": null, "fiscalDateEnding": "2022-09-29", "updatedFromDate": "2023-09-29"}, {"date": "2022-11-07", "symbol": "9845.T", "eps": 19.54, "epsEstimated": null, "time": "bmo", "revenue": 13321000000, "revenueEstimated": null, "fiscalDateEnding": "2022-08-07", "updatedFromDate": "2023-10-17"}, {"date": "2022-11-07", "symbol": "4564.TW", "eps": -0.02, "epsEstimated": null, "time": "bmo", "revenue": 469071000, "revenueEstimated": null, "fiscalDateEnding": "2022-09-30", "updatedFromDate": "2023-05-17"}, {"date": "2022-11-07", "symbol": "ASNXF", "eps": 24.83, "epsEstimated": null, "time": "bmo", "revenue": null, "revenueEstimated": null, "fiscalDateEnding": "2023-03-31", "updatedFromDate": "2023-05-17"}, {"date": "2022-11-07", "symbol": "BNNNF", "eps": -22.96, "epsEstimated": null, "time": "bmo", "revenue": null, "revenueEstimated": null, "fiscalDateEnding": "2022-12-31", "updatedFromDate": "2023-05-17"}, {"date": "2022-11-07", "symbol": "PLTR", "eps": 0.01, "epsEstimated": 0.01618, "time": "bmo", "revenue": 477880000, "revenueEstimated": null, "fiscalDateEnding": "2022-09-29", "updatedFromDate": "2023-09-29"}, {"date": "2022-11-07", "symbol": "AKYA", "eps": -0.47, "epsEstimated": -0.4, "time": "amc", "revenue": 18852000, "revenueEstimated": null, "fiscalDateEnding": "2022-09-29", "updatedFromDate": "2023-09-29"}, {"date": "2022-11-07", "symbol": "STMNF", "eps": 155.04, "epsEstimated": 116.31, "time": "bmo", "revenue": null, "revenueEstimated": null, "fiscalDateEnding": "2023-03-31", "updatedFromDate": "2023-05-17"}, {"date": "2022-11-07", "symbol": "1473.TW", "eps": 0.61, "epsEstimated": null, "time": "bmo", "revenue": 1885915000, "revenueEstimated": null, "fiscalDateEnding": "2022-09-30", "updatedFromDate": "2023-05-17"}, {"date": "2022-11-07", "symbol": "8566.T", "eps": 121.53, "epsEstimated": null, "time": "bmo", "revenue": 76394000000, "revenueEstimated": null, "fiscalDateEnding": "2022-08-07", "updatedFromDate": "2023-10-17"}, {"date": "2022-11-07", "symbol": "VRM", "eps": -0.64, "epsEstimated": -0.59, "time": "amc", "revenue": 340797000, "revenueEstimated": null, "fiscalDateEnding": "2022-09-29", "updatedFromDate": "2023-09-29"}, {"date": "2022-11-07", "symbol": "DKL", "eps": 1.03, "epsEstimated": 1.21, "time": "bmo", "revenue": 294025000, "revenueEstimated": null, "fiscalDateEnding": "2022-09-29", "updatedFromDate": "2023-09-29"}, {"date": "2022-11-07", "symbol": "DHT-UN.TO", "eps": 0.57, "epsEstimated": 0.05, "time": "bmo", "revenue": 23798000, "revenueEstimated": null, "fiscalDateEnding": "2022-09-30", "updatedFromDate": "2023-05-17"}, {"date": "2022-11-07", "symbol": "CHBAY", "eps": 0.92, "epsEstimated": null, "time": "bmo", "revenue": 58043000000, "revenueEstimated": null, "fiscalDateEnding": "2022-08-07", "updatedFromDate": "2023-10-17"}, {"date": "2022-11-07", "symbol": "7192.T", "eps": 20.67, "epsEstimated": null, "time": "bmo", "revenue": 1845083000, "revenueEstimated": null, "fiscalDateEnding": "2022-08-07", "updatedFromDate": "2023-10-17"}, {"date": "2022-11-07", "symbol": "4008.T", "eps": 253.93, "epsEstimated": null, "time": "bmo", "revenue": 36947000000, "revenueEstimated": null, "fiscalDateEnding": "2022-08-07", "updatedFromDate": "2023-10-17"}, {"date": "2022-11-07", "symbol": "7287.T", "eps": 22.27, "epsEstimated": null, "time": "bmo", "revenue": 56212000000, "revenueEstimated": null, "fiscalDateEnding": "2022-08-07", "updatedFromDate": "2023-10-17"}, {"date": "2022-11-07", "symbol": "ACRDF", "eps": -0.2, "epsEstimated": -0.03333, "time": "bmo", "revenue": 61419000, "revenueEstimated": null, "fiscalDateEnding": "2022-09-29", "updatedFromDate": "2023-08-16"}, {"date": "2022-11-07", "symbol": "ATRWF", "eps": 0.01, "epsEstimated": 0.018, "time": "amc", "revenue": null, "revenueEstimated": null, "fiscalDateEnding": "2022-09-30", "updatedFromDate": "2023-08-16"}, {"date": "2022-11-07", "symbol": "HENOF", "eps": null, "epsEstimated": 0.98, "time": "bmo", "revenue": null, "revenueEstimated": null, "fiscalDateEnding": "2022-09-30", "updatedFromDate": "2023-05-17"}, {"date": "2022-11-07", "symbol": "EVKIF", "eps": 0.54, "epsEstimated": 0.52, "time": "bmo", "revenue": null, "revenueEstimated": null, "fiscalDateEnding": "2022-09-30", "updatedFromDate": "2023-05-17"}, {"date": "2022-11-07", "symbol": "6050.T", "eps": 34.51, "epsEstimated": null, "time": "bmo", "revenue": 3051471000, "revenueEstimated": null, "fiscalDateEnding": "2022-09-30", "updatedFromDate": "2023-05-17"}, {"date": "2022-11-07", "symbol": "HELKF", "eps": null, "epsEstimated": null, "time": "bmo", "revenue": null, "revenueEstimated": null, "fiscalDateEnding": "2022-09-30", "updatedFromDate": "2023-05-17"}, {"date": "2022-11-07", "symbol": "9074.T", "eps": 55.63, "epsEstimated": null, "time": "bmo", "revenue": 8083000000, "revenueEstimated": null, "fiscalDateEnding": "2022-08-07", "updatedFromDate": "2023-10-17"}, {"date": "2022-11-07", "symbol": "TGS", "eps": 0.24, "epsEstimated": -0.17, "time": "bmo", "revenue": 29696955000, "revenueEstimated": null, "fiscalDateEnding": "2022-09-30", "updatedFromDate": "2023-09-29"}, {"date": "2022-11-07", "symbol": "KE", "eps": 0.38, "epsEstimated": 0.47, "time": "amc", "revenue": 405889000, "revenueEstimated": null, "fiscalDateEnding": "2022-09-29", "updatedFromDate": "2023-09-29"}, {"date": "2022-11-07", "symbol": "8471.HK", "eps": -0.00097, "epsEstimated": null, "time": "bmo", "revenue": 15980000, "revenueEstimated": null, "fiscalDateEnding": "2022-09-30", "updatedFromDate": "2023-05-17"}, {"date": "2022-11-07", "symbol": "4001.SR", "eps": 0.28, "epsEstimated": 0.68, "time": "bmo", "revenue": null, "revenueEstimated": null, "fiscalDateEnding": "2022-08-07", "updatedFromDate": "2023-05-17"}, {"date": "2022-11-07", "symbol": "NARRF", "eps": 23.2, "epsEstimated": null, "time": "bmo", "revenue": null, "revenueEstimated": null, "fiscalDateEnding": "2023-03-31", "updatedFromDate": "2023-05-17"}, {"date": "2022-11-07", "symbol": "MSZ.WA", "eps": 0.1421, "epsEstimated": null, "time": "bmo", "revenue": 348977000, "revenueEstimated": null, "fiscalDateEnding": "2022-09-30", "updatedFromDate": "2023-05-17"}, {"date": "2022-11-07", "symbol": "CARA", "eps": -0.43, "epsEstimated": -0.42, "time": "amc", "revenue": 10813000, "revenueEstimated": null, "fiscalDateEnding": "2022-09-29", "updatedFromDate": "2023-09-29"}, {"date": "2022-11-07", "symbol": "8350.HK", "eps": -0.00233, "epsEstimated": null, "time": "bmo", "revenue": 2103000, "revenueEstimated": null, "fiscalDateEnding": "2022-09-30", "updatedFromDate": "2023-05-17"}, {"date": "2022-11-07", "symbol": "FTT.TO", "eps": 0.97, "epsEstimated": 0.73, "time": "bmo", "revenue": 2384000000, "revenueEstimated": null, "fiscalDateEnding": "2022-09-30", "updatedFromDate": "2023-05-17"}, {"date": "2022-11-07", "symbol": "8495.HK", "eps": 0.01698, "epsEstimated": null, "time": "bmo", "revenue": 107264000, "revenueEstimated": null, "fiscalDateEnding": "2022-09-30", "updatedFromDate": "2023-05-17"}, {"date": "2022-11-07", "symbol": "2476.TW", "eps": 1.62, "epsEstimated": null, "time": "bmo", "revenue": 1897287000, "revenueEstimated": null, "fiscalDateEnding": "2022-09-30", "updatedFromDate": "2023-05-17"}, {"date": "2022-11-07", "symbol": "9064.T", "eps": 27.69, "epsEstimated": 36.88, "time": "bmo", "revenue": 424159000000, "revenueEstimated": null, "fiscalDateEnding": "2022-08-07", "updatedFromDate": "2023-10-17"}, {"date": "2022-11-07", "symbol": "EOSE", "eps": -1.12, "epsEstimated": -0.75, "time": "amc", "revenue": 6065000, "revenueEstimated": null, "fiscalDateEnding": "2022-09-29", "updatedFromDate": "2023-09-29"}, {"date": "2022-11-07", "symbol": "APT", "eps": 0.04, "epsEstimated": null, "time": "bmo", "revenue": 14722000, "revenueEstimated": null, "fiscalDateEnding": "2022-09-29", "updatedFromDate": "2023-09-29"}, {"date": "2022-11-07", "symbol": "EFC", "eps": 0.44, "epsEstimated": 0.43, "time": "amc", "revenue": 6214000, "revenueEstimated": null, "fiscalDateEnding": "2022-09-29", "updatedFromDate": "2023-09-29"}, {"date": "2022-11-07", "symbol": "6996.T", "eps": -11.55, "epsEstimated": 20.51, "time": "bmo", "revenue": 41014000000, "revenueEstimated": null, "fiscalDateEnding": "2022-08-07", "updatedFromDate": "2023-10-17"}, {"date": "2022-11-07", "symbol": "031430.KS", "eps": 455, "epsEstimated": 624.69, "time": "bmo", "revenue": 387496432080, "revenueEstimated": null, "fiscalDateEnding": "2022-09-30", "updatedFromDate": "2023-05-17"}, {"date": "2022-11-07", "symbol": "CHYCF", "eps": 12.1, "epsEstimated": null, "time": "bmo", "revenue": null, "revenueEstimated": null, "fiscalDateEnding": "2023-03-31", "updatedFromDate": "2023-05-17"}, {"date": "2022-11-07", "symbol": "SESN", "eps": 2, "epsEstimated": -3.1, "time": "bmo", "revenue": 40000000, "revenueEstimated": null, "fiscalDateEnding": "2022-09-29", "updatedFromDate": "2023-08-25"}, {"date": "2022-11-07", "symbol": "TTWO", "eps": 1.25, "epsEstimated": 1.37, "time": "amc", "revenue": 1393500000, "revenueEstimated": null, "fiscalDateEnding": "2022-09-29", "updatedFromDate": "2023-09-29"}, {"date": "2022-11-07", "symbol": "BRCPF", "eps": null, "epsEstimated": null, "time": "bmo", "revenue": null, "revenueEstimated": null, "fiscalDateEnding": "2022-09-30", "updatedFromDate": "2023-05-17"}, {"date": "2022-11-07", "symbol": "9911.TW", "eps": 1.15, "epsEstimated": null, "time": "bmo", "revenue": 1962032000, "revenueEstimated": null, "fiscalDateEnding": "2022-09-30", "updatedFromDate": "2023-05-17"}, {"date": "2022-11-07", "symbol": "NSSC", "eps": 0.17, "epsEstimated": 0.13, "time": "bmo", "revenue": 39493000, "revenueEstimated": null, "fiscalDateEnding": "2022-09-29", "updatedFromDate": "2023-09-29"}, {"date": "2022-11-07", "symbol": "1898.T", "eps": 7.33, "epsEstimated": null, "time": "bmo", "revenue": 20025000000, "revenueEstimated": null, "fiscalDateEnding": "2022-08-07", "updatedFromDate": "2023-10-17"}, {"date": "2022-11-07", "symbol": "BMEA", "eps": -0.78, "epsEstimated": -0.65, "time": "bmo", "revenue": null, "revenueEstimated": null, "fiscalDateEnding": "2022-09-29", "updatedFromDate": "2023-09-29"}, {"date": "2022-11-07", "symbol": "PHX.TO", "eps": 0.27, "epsEstimated": 0.17, "time": "bmo", "revenue": 142418326, "revenueEstimated": null, "fiscalDateEnding": "2022-09-30", "updatedFromDate": "2023-05-17"}, {"date": "2022-11-07", "symbol": "EML", "eps": 0.65, "epsEstimated": null, "time": "amc", "revenue": 71636746, "revenueEstimated": null, "fiscalDateEnding": "2022-09-30", "updatedFromDate": "2023-09-29"}, {"date": "2022-11-07", "symbol": "6997.T", "eps": 87.14, "epsEstimated": null, "time": "bmo", "revenue": 41137000000, "revenueEstimated": null, "fiscalDateEnding": "2022-08-07", "updatedFromDate": "2023-10-17"}, {"date": "2022-11-07", "symbol": "CLAR", "eps": 0.26, "epsEstimated": 0.42, "time": "amc", "revenue": 115715000, "revenueEstimated": null, "fiscalDateEnding": "2022-09-29", "updatedFromDate": "2023-09-29"}, {"date": "2022-11-07", "symbol": "DHT-U.TO", "eps": 0.57, "epsEstimated": 0.05, "time": "bmo", "revenue": null, "revenueEstimated": null, "fiscalDateEnding": "2022-09-30", "updatedFromDate": "2023-05-17"}, {"date": "2022-11-07", "symbol": "PNTG", "eps": 0.14, "epsEstimated": 0.18, "time": "amc", "revenue": 118350000, "revenueEstimated": null, "fiscalDateEnding": "2022-09-29", "updatedFromDate": "2023-09-29"}, {"date": "2022-11-07", "symbol": "SANM", "eps": 1.5, "epsEstimated": 1.36, "time": "amc", "revenue": 2202561000, "revenueEstimated": null, "fiscalDateEnding": "2022-09-30", "updatedFromDate": "2023-09-29"}, {"date": "2022-11-07", "symbol": "RIZZO-B.ST", "eps": -0.3352, "epsEstimated": null, "time": "bmo", "revenue": 91738000, "revenueEstimated": null, "fiscalDateEnding": "2022-08-31", "updatedFromDate": "2023-05-17"}, {"date": "2022-11-07", "symbol": "FWRG", "eps": 0.00076, "epsEstimated": 0.00038, "time": "bmo", "revenue": 186852000, "revenueEstimated": null, "fiscalDateEnding": "2022-09-24", "updatedFromDate": "2023-09-29"}, {"date": "2022-11-07", "symbol": "CZNC", "eps": 0.29, "epsEstimated": null, "time": "bmo", "revenue": 26153000, "revenueEstimated": 23805000, "fiscalDateEnding": "2022-09-29", "updatedFromDate": "2023-09-29"}, {"date": "2022-11-07", "symbol": "AGM", "eps": 3.07, "epsEstimated": 2.9, "time": "amc", "revenue": 71878000, "revenueEstimated": null, "fiscalDateEnding": "2022-09-29", "updatedFromDate": "2023-09-29"}, {"date": "2022-11-07", "symbol": "4031.SR", "eps": -0.27, "epsEstimated": null, "time": "bmo", "revenue": 555091000, "revenueEstimated": null, "fiscalDateEnding": "2022-09-30", "updatedFromDate": "2023-05-17"}, {"date": "2022-11-07", "symbol": "6141.T", "eps": 38.53, "epsEstimated": null, "time": "bmo", "revenue": 116593000000, "revenueEstimated": null, "fiscalDateEnding": "2022-09-30", "updatedFromDate": "2023-10-16"}, {"date": "2022-11-07", "symbol": "STPGF", "eps": 0.16, "epsEstimated": 0.08, "time": "bmo", "revenue": 21710000, "revenueEstimated": null, "fiscalDateEnding": "2022-09-30", "updatedFromDate": "2023-08-25"}, {"date": "2022-11-07", "symbol": "LYFT", "eps": 0.11, "epsEstimated": 0.08, "time": "amc", "revenue": 1053820000, "revenueEstimated": null, "fiscalDateEnding": "2022-09-29", "updatedFromDate": "2023-09-29"}, {"date": "2022-11-07", "symbol": "BBSE3.SA", "eps": 0.83, "epsEstimated": 0.75, "time": "bmo", "revenue": 1336539000, "revenueEstimated": null, "fiscalDateEnding": "2022-08-07", "updatedFromDate": "2023-05-17"}, {"date": "2022-11-07", "symbol": "2617.TW", "eps": 0.74, "epsEstimated": 0.61, "time": "bmo", "revenue": 972151000, "revenueEstimated": 948000000, "fiscalDateEnding": "2022-09-30", "updatedFromDate": "2023-05-17"}, {"date": "2022-11-07", "symbol": "AVEO", "eps": -0.09, "epsEstimated": -0.18, "time": "amc", "revenue": 30449000, "revenueEstimated": null, "fiscalDateEnding": "2022-09-29", "updatedFromDate": "2023-05-17"}, {"date": "2022-11-07", "symbol": "AIMD", "eps": -0.51, "epsEstimated": null, "time": "bmo", "revenue": 1757774, "revenueEstimated": null, "fiscalDateEnding": "2022-09-29", "updatedFromDate": "2023-09-29"}, {"date": "2022-11-07", "symbol": "ICTEF", "eps": 0.08, "epsEstimated": 0.06, "time": "bmo", "revenue": null, "revenueEstimated": null, "fiscalDateEnding": "2022-09-30", "updatedFromDate": "2023-05-17"}, {"date": "2022-11-07", "symbol": "RC", "eps": 0.44, "epsEstimated": 0.45, "time": "amc", "revenue": 128369000, "revenueEstimated": null, "fiscalDateEnding": "2022-09-29", "updatedFromDate": "2023-09-29"}, {"date": "2022-11-07", "symbol": "001720.KS", "eps": -3131.17997, "epsEstimated": null, "time": "bmo", "revenue": 17435371960, "revenueEstimated": null, "fiscalDateEnding": "2022-08-07", "updatedFromDate": "2023-10-17"}, {"date": "2022-11-07", "symbol": "PRIM", "eps": 0.8, "epsEstimated": 0.79, "time": "amc", "revenue": 1284128000, "revenueEstimated": null, "fiscalDateEnding": "2022-09-29", "updatedFromDate": "2023-09-29"}, {"date": "2022-11-07", "symbol": "AVTX", "eps": 0.34, "epsEstimated": 1.09, "time": "bmo", "revenue": 14949000, "revenueEstimated": null, "fiscalDateEnding": "2022-09-29", "updatedFromDate": "2023-09-29"}, {"date": "2022-11-07", "symbol": "GRWG", "eps": -0.12, "epsEstimated": -0.12, "time": "amc", "revenue": 70850000, "revenueEstimated": null, "fiscalDateEnding": "2022-09-29", "updatedFromDate": "2023-09-29"}, {"date": "2022-11-07", "symbol": "FPRUF", "eps": 1.24, "epsEstimated": 1.71, "time": "bmo", "revenue": null, "revenueEstimated": null, "fiscalDateEnding": "2022-09-30", "updatedFromDate": "2023-05-17"}, {"date": "2022-11-07", "symbol": "NVIV", "eps": -1.98, "epsEstimated": null, "time": "bmo", "revenue": null, "revenueEstimated": null, "fiscalDateEnding": "2022-09-29", "updatedFromDate": "2023-09-29"}, {"date": "2022-11-07", "symbol": "TDC", "eps": 0.31, "epsEstimated": 0.28, "time": "amc", "revenue": 417000000, "revenueEstimated": null, "fiscalDateEnding": "2022-09-29", "updatedFromDate": "2023-09-29"}, {"date": "2022-11-07", "symbol": "LTRN", "eps": -0.21, "epsEstimated": -0.54, "time": "amc", "revenue": null, "revenueEstimated": null, "fiscalDateEnding": "2022-09-29", "updatedFromDate": "2023-09-29"}, {"date": "2022-11-07", "symbol": "LNT", "eps": 0.93, "epsEstimated": 1.01, "time": "amc", "revenue": 1135000000, "revenueEstimated": null, "fiscalDateEnding": "2022-09-29", "updatedFromDate": "2023-09-29"}, {"date": "2022-11-07", "symbol": "APLS", "eps": -1.75, "epsEstimated": -1.48, "time": "amc", "revenue": 22056000, "revenueEstimated": null, "fiscalDateEnding": "2022-09-29", "updatedFromDate": "2023-09-29"}, {"date": "2022-11-07", "symbol": "KLR", "eps": -0.91, "epsEstimated": -1.09, "time": "amc", "revenue": 83916000, "revenueEstimated": null, "fiscalDateEnding": "2022-09-29", "updatedFromDate": "2023-09-29"}, {"date": "2022-11-07", "symbol": "2784.T", "eps": 24.1, "epsEstimated": null, "time": "bmo", "revenue": 657122000000, "revenueEstimated": null, "fiscalDateEnding": "2022-08-07", "updatedFromDate": "2023-10-17"}, {"date": "2022-11-07", "symbol": "DK", "eps": 0.02, "epsEstimated": 0.31, "time": "bmo", "revenue": 5324900000, "revenueEstimated": null, "fiscalDateEnding": "2022-09-29", "updatedFromDate": "2023-09-29"}, {"date": "2022-11-07", "symbol": "SUMCF", "eps": 58.46, "epsEstimated": 53.68, "time": "bmo", "revenue": null, "revenueEstimated": null, "fiscalDateEnding": "2022-09-30", "updatedFromDate": "2023-05-17"}, {"date": "2022-11-07", "symbol": "PXLW", "eps": -0.06, "epsEstimated": -0.07, "time": "amc", "revenue": 17552000, "revenueEstimated": null, "fiscalDateEnding": "2022-09-29", "updatedFromDate": "2023-09-29"}, {"date": "2022-11-07", "symbol": "DALQF", "eps": null, "epsEstimated": null, "time": "bmo", "revenue": null, "revenueEstimated": null, "fiscalDateEnding": "2022-09-30", "updatedFromDate": "2023-05-17"}, {"date": "2022-11-07", "symbol": "7359.T", "eps": -16.2, "epsEstimated": null, "time": "bmo", "revenue": null, "revenueEstimated": null, "fiscalDateEnding": "2022-08-07", "updatedFromDate": "2023-05-17"}, {"date": "2022-11-07", "symbol": "SDC", "eps": -0.18, "epsEstimated": -0.22, "time": "amc", "revenue": 106770000, "revenueEstimated": null, "fiscalDateEnding": "2022-09-29", "updatedFromDate": "2023-09-29"}, {"date": "2022-11-07", "symbol": "ALDLT.PA", "eps": null, "epsEstimated": null, "time": "bmo", "revenue": null, "revenueEstimated": null, "fiscalDateEnding": "2022-08-07", "updatedFromDate": "2023-05-17"}, {"date": "2022-11-07", "symbol": "CIO", "eps": 0.39, "epsEstimated": 0.37, "time": "bmo", "revenue": 45522000, "revenueEstimated": null, "fiscalDateEnding": "2022-09-29", "updatedFromDate": "2023-09-29"}, {"date": "2022-11-07", "symbol": "8439.T", "eps": 107.99, "epsEstimated": null, "time": "bmo", "revenue": 315140000000, "revenueEstimated": null, "fiscalDateEnding": "2022-08-07", "updatedFromDate": "2023-10-17"}, {"date": "2022-11-07", "symbol": "GAMI", "eps": 0.36, "epsEstimated": null, "time": "bmo", "revenue": 61918000, "revenueEstimated": null, "fiscalDateEnding": "2022-09-30", "updatedFromDate": "2023-09-29"}, {"date": "2022-11-07", "symbol": "8114.T", "eps": 36.81, "epsEstimated": null, "time": "bmo", "revenue": 26425000000, "revenueEstimated": null, "fiscalDateEnding": "2022-08-07", "updatedFromDate": "2023-10-17"}, {"date": "2022-11-07", "symbol": "3042.TW", "eps": 2.75, "epsEstimated": 2.58, "time": "bmo", "revenue": 3431726000, "revenueEstimated": null, "fiscalDateEnding": "2022-09-30", "updatedFromDate": "2023-05-17"}, {"date": "2022-11-07", "symbol": "4114.T", "eps": 162.46, "epsEstimated": 127.9, "time": "bmo", "revenue": 111505000000, "revenueEstimated": null, "fiscalDateEnding": "2022-08-07", "updatedFromDate": "2023-10-17"}, {"date": "2022-11-07", "symbol": "NI", "eps": 0.1, "epsEstimated": 0.11, "time": "bmo", "revenue": 1089500000, "revenueEstimated": null, "fiscalDateEnding": "2022-09-29", "updatedFromDate": "2023-09-29"}, {"date": "2022-11-07", "symbol": "7846.T", "eps": 79.72, "epsEstimated": null, "time": "bmo", "revenue": 26627000000, "revenueEstimated": null, "fiscalDateEnding": "2022-09-30", "updatedFromDate": "2023-05-17"}, {"date": "2022-11-07", "symbol": "FANG", "eps": 6.48, "epsEstimated": 6.33, "time": "amc", "revenue": 2437000000, "revenueEstimated": null, "fiscalDateEnding": "2022-09-29", "updatedFromDate": "2023-09-29"}, {"date": "2022-11-07", "symbol": "8150.T", "eps": 114.38, "epsEstimated": null, "time": "bmo", "revenue": 35675000000, "revenueEstimated": null, "fiscalDateEnding": "2022-08-07", "updatedFromDate": "2023-10-17"}, {"date": "2022-11-07", "symbol": "PNDZF", "eps": 7.8, "epsEstimated": 7.35, "time": "bmo", "revenue": null, "revenueEstimated": null, "fiscalDateEnding": "2022-09-30", "updatedFromDate": "2023-05-17"}, {"date": "2022-11-07", "symbol": "BNG.TO", "eps": 0.0008, "epsEstimated": null, "time": "bmo", "revenue": 2463000, "revenueEstimated": null, "fiscalDateEnding": "2022-08-07", "updatedFromDate": "2023-10-17"}, {"date": "2022-11-07", "symbol": "000120.KS", "eps": 2595, "epsEstimated": 3117, "time": "bmo", "revenue": 3023402557890, "revenueEstimated": null, "fiscalDateEnding": "2022-08-07", "updatedFromDate": "2023-05-17"}, {"date": "2022-11-07", "symbol": "ORIC", "eps": -0.63, "epsEstimated": -0.55, "time": "bmo", "revenue": null, "revenueEstimated": null, "fiscalDateEnding": "2022-09-29", "updatedFromDate": "2023-09-29"}, {"date": "2022-11-07", "symbol": "004170.KS", "eps": 6936, "epsEstimated": 8351.11, "time": "bmo", "revenue": 2214047576580, "revenueEstimated": null, "fiscalDateEnding": "2022-08-07", "updatedFromDate": "2023-05-17"}, {"date": "2022-11-07", "symbol": "DENKF", "eps": 115.85, "epsEstimated": 70.04, "time": "bmo", "revenue": null, "revenueEstimated": null, "fiscalDateEnding": "2023-03-31", "updatedFromDate": "2023-05-17"}, {"date": "2022-11-07", "symbol": "1707.TW", "eps": 2.45, "epsEstimated": 2.17, "time": "bmo", "revenue": 2491870000, "revenueEstimated": null, "fiscalDateEnding": "2022-09-30", "updatedFromDate": "2023-05-17"}, {"date": "2022-11-07", "symbol": "AGRX", "eps": -11.5, "epsEstimated": -15, "time": "amc", "revenue": 3002000, "revenueEstimated": null, "fiscalDateEnding": "2022-09-29", "updatedFromDate": "2023-09-29"}, {"date": "2022-11-07", "symbol": "NTDOF", "eps": 95.75, "epsEstimated": 80.08, "time": "bmo", "revenue": null, "revenueEstimated": null, "fiscalDateEnding": "2023-03-31", "updatedFromDate": "2023-05-17"}, {"date": "2022-11-07", "symbol": "FN", "eps": 1.97, "epsEstimated": 1.74, "time": "amc", "revenue": 655429000, "revenueEstimated": null, "fiscalDateEnding": "2022-09-29", "updatedFromDate": "2023-09-29"}, {"date": "2022-11-07", "symbol": "1420.T", "eps": 4.55, "epsEstimated": null, "time": "bmo", "revenue": 6899060000, "revenueEstimated": null, "fiscalDateEnding": "2022-08-07", "updatedFromDate": "2023-10-17"}, {"date": "2022-11-07", "symbol": "2733.T", "eps": 123.27, "epsEstimated": null, "time": "bmo", "revenue": 220051000000, "revenueEstimated": null, "fiscalDateEnding": "2022-08-07", "updatedFromDate": "2023-10-17"}, {"date": "2022-11-07", "symbol": "JHIUF", "eps": 0.39, "epsEstimated": 0.41, "time": "bmo", "revenue": null, "revenueEstimated": null, "fiscalDateEnding": "2022-09-30", "updatedFromDate": "2023-05-17"}, {"date": "2022-11-07", "symbol": "MANZF", "eps": null, "epsEstimated": null, "time": "bmo", "revenue": null, "revenueEstimated": null, "fiscalDateEnding": "2022-09-30", "updatedFromDate": "2023-05-17"}, {"date": "2022-11-07", "symbol": "PWSC", "eps": 0.21, "epsEstimated": 0.21, "time": "amc", "revenue": 162434000, "revenueEstimated": null, "fiscalDateEnding": "2022-09-29", "updatedFromDate": "2023-09-29"}, {"date": "2022-11-07", "symbol": "VOL.V", "eps": null, "epsEstimated": null, "time": "bmo", "revenue": null, "revenueEstimated": null, "fiscalDateEnding": "2022-09-30", "updatedFromDate": "2023-05-17"}, {"date": "2022-11-07", "symbol": "LINC", "eps": 0.1, "epsEstimated": 0.11, "time": "bmo", "revenue": 91813000, "revenueEstimated": null, "fiscalDateEnding": "2022-09-29", "updatedFromDate": "2023-09-29"}, {"date": "2022-11-07", "symbol": "ORA.TO", "eps": 0.00096, "epsEstimated": null, "time": "bmo", "revenue": 81189000, "revenueEstimated": null, "fiscalDateEnding": "2022-09-30", "updatedFromDate": "2023-08-16"}, {"date": "2022-11-07", "symbol": "3639.T", "eps": -10.62, "epsEstimated": null, "time": "bmo", "revenue": 1296435000, "revenueEstimated": null, "fiscalDateEnding": "2022-08-07", "updatedFromDate": "2023-10-17"}, {"date": "2022-11-07", "symbol": "BLBRF", "eps": 0.14, "epsEstimated": 0.13, "time": "bmo", "revenue": null, "revenueEstimated": null, "fiscalDateEnding": "2022-09-30", "updatedFromDate": "2023-05-17"}, {"date": "2022-11-07", "symbol": "SBFM", "eps": -0.08, "epsEstimated": null, "time": "bmo", "revenue": 132808, "revenueEstimated": null, "fiscalDateEnding": "2022-09-29", "updatedFromDate": "2023-09-29"}, {"date": "2022-11-07", "symbol": "BHF", "eps": -0.04, "epsEstimated": 0.78, "time": "amc", "revenue": 1482000000, "revenueEstimated": null, "fiscalDateEnding": "2022-09-29", "updatedFromDate": "2023-09-29"}, {"date": "2022-11-07", "symbol": "ATOS", "eps": -0.06, "epsEstimated": -0.06, "time": "bmo", "revenue": null, "revenueEstimated": null, "fiscalDateEnding": "2022-09-29", "updatedFromDate": "2023-09-29"}, {"date": "2022-11-07", "symbol": "SLSSF", "eps": -0.12, "epsEstimated": -0.09, "time": "amc", "revenue": null, "revenueEstimated": null, "fiscalDateEnding": "2022-09-30", "updatedFromDate": "2023-08-16"}, {"date": "2022-11-07", "symbol": "WELL", "eps": -0.01, "epsEstimated": 0.84, "time": "amc", "revenue": 1473844000, "revenueEstimated": null, "fiscalDateEnding": "2022-09-29", "updatedFromDate": "2023-09-29"}, {"date": "2022-11-07", "symbol": "9535.T", "eps": 4.67, "epsEstimated": null, "time": "bmo", "revenue": 20863000000, "revenueEstimated": null, "fiscalDateEnding": "2022-08-07", "updatedFromDate": "2023-10-16"}, {"date": "2022-11-07", "symbol": "CCXI", "eps": null, "epsEstimated": -0.46, "time": "amc", "revenue": null, "revenueEstimated": 18230000, "fiscalDateEnding": "2022-09-29", "updatedFromDate": "2023-05-17"}, {"date": "2022-11-07", "symbol": "BTRS", "eps": -0.13, "epsEstimated": -0.08, "time": "amc", "revenue": 51362000, "revenueEstimated": null, "fiscalDateEnding": "2022-09-29", "updatedFromDate": "2023-05-17"}, {"date": "2022-11-07", "symbol": "IEA", "eps": null, "epsEstimated": 0.63, "time": "amc", "revenue": null, "revenueEstimated": 762330000, "fiscalDateEnding": "2022-09-29", "updatedFromDate": "2023-05-17"}, {"date": "2022-11-07", "symbol": "PACB", "eps": -0.32, "epsEstimated": -0.35, "time": "amc", "revenue": 32311000, "revenueEstimated": null, "fiscalDateEnding": "2022-09-29", "updatedFromDate": "2023-09-29"}, {"date": "2022-11-07", "symbol": "4801.T", "eps": 27.14, "epsEstimated": null, "time": "bmo", "revenue": 10397000000, "revenueEstimated": null, "fiscalDateEnding": "2022-08-07", "updatedFromDate": "2023-10-17"}, {"date": "2022-11-07", "symbol": "KKPCF", "eps": 81.46, "epsEstimated": null, "time": "bmo", "revenue": null, "revenueEstimated": null, "fiscalDateEnding": "2023-03-31", "updatedFromDate": "2023-05-17"}, {"date": "2022-11-07", "symbol": "IIJIY", "eps": 0.34, "epsEstimated": null, "time": "bmo", "revenue": 63772000000, "revenueEstimated": null, "fiscalDateEnding": "2022-09-30", "updatedFromDate": "2023-09-29"}, {"date": "2022-11-07", "symbol": "PCVX", "eps": -0.93, "epsEstimated": -0.8, "time": "bmo", "revenue": null, "revenueEstimated": null, "fiscalDateEnding": "2022-09-29", "updatedFromDate": "2023-09-29"}, {"date": "2022-11-07", "symbol": "IAA", "eps": 0.45, "epsEstimated": 0.5, "time": "bmo", "revenue": 497500000, "revenueEstimated": null, "fiscalDateEnding": "2022-10-01", "updatedFromDate": "2023-05-17"}, {"date": "2022-11-07", "symbol": "INGXF", "eps": 0.114, "epsEstimated": 0.13, "time": "amc", "revenue": 258389000, "revenueEstimated": null, "fiscalDateEnding": "2022-09-30", "updatedFromDate": "2023-09-29"}, {"date": "2022-11-07", "symbol": "AVIR", "eps": -0.1, "epsEstimated": -0.44, "time": "amc", "revenue": null, "revenueEstimated": null, "fiscalDateEnding": "2022-09-29", "updatedFromDate": "2023-09-29"}, {"date": "2022-11-07", "symbol": "MTW", "eps": 0.1, "epsEstimated": 0.08, "time": "amc", "revenue": 454700000, "revenueEstimated": null, "fiscalDateEnding": "2022-09-29", "updatedFromDate": "2023-09-29"}, {"date": "2022-11-07", "symbol": "NSTG", "eps": -0.79, "epsEstimated": -0.46, "time": "amc", "revenue": 29541000, "revenueEstimated": null, "fiscalDateEnding": "2022-09-29", "updatedFromDate": "2023-09-29"}, {"date": "2022-11-07", "symbol": "ACJJF", "eps": 10.48, "epsEstimated": null, "time": "bmo", "revenue": null, "revenueEstimated": null, "fiscalDateEnding": "2022-09-30", "updatedFromDate": "2023-05-17"}, {"date": "2022-11-07", "symbol": "HAE", "eps": 0.83, "epsEstimated": 0.67, "time": "bmo", "revenue": 297485000, "revenueEstimated": null, "fiscalDateEnding": "2022-09-30", "updatedFromDate": "2023-09-29"}, {"date": "2022-11-07", "symbol": "FNV.TO", "eps": 0.83, "epsEstimated": 0.86, "time": "bmo", "revenue": 304200000, "revenueEstimated": null, "fiscalDateEnding": "2022-09-30", "updatedFromDate": "2023-05-17"}, {"date": "2022-11-07", "symbol": "HOC.DE", "eps": null, "epsEstimated": null, "time": "bmo", "revenue": null, "revenueEstimated": 30600000, "fiscalDateEnding": "2022-09-30", "updatedFromDate": "2023-05-17"}, {"date": "2022-11-07", "symbol": "OMIC", "eps": -0.33, "epsEstimated": -0.37, "time": "amc", "revenue": null, "revenueEstimated": null, "fiscalDateEnding": "2022-09-29", "updatedFromDate": "2023-09-29"}, {"date": "2022-11-07", "symbol": "AAON", "eps": 0.34, "epsEstimated": 0.29, "time": "amc", "revenue": 242605000, "revenueEstimated": null, "fiscalDateEnding": "2022-09-29", "updatedFromDate": "2023-09-29"}, {"date": "2022-11-07", "symbol": "9078.T", "eps": 6.82, "epsEstimated": null, "time": "bmo", "revenue": 11917000000, "revenueEstimated": null, "fiscalDateEnding": "2022-08-07", "updatedFromDate": "2023-10-17"}, {"date": "2022-11-07", "symbol": "CHE-UN.TO", "eps": 0.38, "epsEstimated": 0.18, "time": "bmo", "revenue": 519920000, "revenueEstimated": null, "fiscalDateEnding": "2022-09-30", "updatedFromDate": "2023-05-17"}, {"date": "2022-11-07", "symbol": "PSPSF", "eps": null, "epsEstimated": null, "time": "bmo", "revenue": null, "revenueEstimated": null, "fiscalDateEnding": "2022-09-30", "updatedFromDate": "2023-05-17"}, {"date": "2022-11-07", "symbol": "JMCCF", "eps": 10.42, "epsEstimated": null, "time": "bmo", "revenue": null, "revenueEstimated": null, "fiscalDateEnding": "2023-03-31", "updatedFromDate": "2023-05-17"}, {"date": "2022-11-07", "symbol": "COLO-B.CO", "eps": 5.79, "epsEstimated": 6.07, "time": "bmo", "revenue": 6059000000, "revenueEstimated": null, "fiscalDateEnding": "2022-09-30", "updatedFromDate": "2023-07-24"}, {"date": "2022-11-07", "symbol": "7266.T", "eps": -12.69, "epsEstimated": null, "time": "bmo", "revenue": 22354000000, "revenueEstimated": null, "fiscalDateEnding": "2022-08-07", "updatedFromDate": "2023-10-17"}, {"date": "2022-11-07", "symbol": "INDT", "eps": 0.08, "epsEstimated": null, "time": "amc", "revenue": 13044000, "revenueEstimated": null, "fiscalDateEnding": "2022-09-29", "updatedFromDate": "2023-09-29"}, {"date": "2022-11-07", "symbol": "DOCN", "eps": 0.38, "epsEstimated": 0.23, "time": "amc", "revenue": 152115000, "revenueEstimated": null, "fiscalDateEnding": "2022-09-29", "updatedFromDate": "2023-09-29"}, {"date": "2022-11-07", "symbol": "NSPR+", "eps": -0.58, "epsEstimated": -0.73, "time": "bmo", "revenue": null, "revenueEstimated": null, "fiscalDateEnding": "2022-09-29", "updatedFromDate": "2023-08-17"}, {"date": "2022-11-07", "symbol": "PDNLB", "eps": -0.00368, "epsEstimated": null, "time": "amc", "revenue": 275935, "revenueEstimated": null, "fiscalDateEnding": "2022-09-29", "updatedFromDate": "2023-05-17"}, {"date": "2022-11-07", "symbol": "SPHXF", "eps": 0.27, "epsEstimated": 0.28, "time": "bmo", "revenue": null, "revenueEstimated": null, "fiscalDateEnding": "2022-09-30", "updatedFromDate": "2023-05-17"}, {"date": "2022-11-07", "symbol": "GHIFF", "eps": 0.1384, "epsEstimated": null, "time": "amc", "revenue": 18100000, "revenueEstimated": null, "fiscalDateEnding": "2022-09-30", "updatedFromDate": "2023-08-17"}, {"date": "2022-11-07", "symbol": "INSPIRISYS.NS", "eps": -0.67, "epsEstimated": null, "time": "bmo", "revenue": 891500000, "revenueEstimated": null, "fiscalDateEnding": "2022-08-07", "updatedFromDate": "2023-10-16"}, {"date": "2022-11-07", "symbol": "ONC.TO", "eps": -0.08, "epsEstimated": -0.11, "time": "bmo", "revenue": null, "revenueEstimated": null, "fiscalDateEnding": "2022-09-30", "updatedFromDate": "2023-05-17"}, {"date": "2022-11-07", "symbol": "FSK", "eps": 0.73, "epsEstimated": 0.73, "time": "amc", "revenue": 411000000, "revenueEstimated": null, "fiscalDateEnding": "2022-09-29", "updatedFromDate": "2023-09-29"}, {"date": "2022-11-07", "symbol": "IVC", "eps": -0.92, "epsEstimated": -0.39, "time": "amc", "revenue": 170408000, "revenueEstimated": null, "fiscalDateEnding": "2022-09-29", "updatedFromDate": "2023-08-16"}, {"date": "2022-11-07", "symbol": "RXST", "eps": -0.61, "epsEstimated": -0.7, "time": "amc", "revenue": 12615000, "revenueEstimated": null, "fiscalDateEnding": "2022-09-29", "updatedFromDate": "2023-09-29"}, {"date": "2022-11-07", "symbol": "FRZA", "eps": -0.12, "epsEstimated": null, "time": "bmo", "revenue": null, "revenueEstimated": null, "fiscalDateEnding": "2022-09-29", "updatedFromDate": "2023-09-29"}, {"date": "2022-11-07", "symbol": "SCYR.MC", "eps": 0.1064, "epsEstimated": null, "time": "bmo", "revenue": 1502531000, "revenueEstimated": null, "fiscalDateEnding": "2022-09-30", "updatedFromDate": "2023-05-17"}, {"date": "2022-11-07", "symbol": "EGRX", "eps": 1.12, "epsEstimated": 0.84, "time": "bmo", "revenue": 65901000, "revenueEstimated": null, "fiscalDateEnding": "2022-09-29", "updatedFromDate": "2023-09-29"}, {"date": "2022-11-07", "symbol": "MBRFF", "eps": null, "epsEstimated": null, "time": "bmo", "revenue": null, "revenueEstimated": null, "fiscalDateEnding": "2022-09-30", "updatedFromDate": "2023-05-17"}, {"date": "2022-11-07", "symbol": "BKFKF", "eps": 4, "epsEstimated": 4.7, "time": "bmo", "revenue": null, "revenueEstimated": null, "fiscalDateEnding": "2022-09-30", "updatedFromDate": "2023-05-17"}, {"date": "2022-11-07", "symbol": "PHN.MI", "eps": 0.48, "epsEstimated": 0.42, "time": "bmo", "revenue": null, "revenueEstimated": null, "fiscalDateEnding": "2022-09-30", "updatedFromDate": "2023-05-17"}, {"date": "2022-11-07", "symbol": "4886.T", "eps": 36.24, "epsEstimated": null, "time": "bmo", "revenue": 15269000000, "revenueEstimated": null, "fiscalDateEnding": "2022-08-07", "updatedFromDate": "2023-10-17"}, {"date": "2022-11-07", "symbol": "TSVT", "eps": -1.76, "epsEstimated": -1.74, "time": "bmo", "revenue": 13408000, "revenueEstimated": 12360000, "fiscalDateEnding": "2022-09-29", "updatedFromDate": "2023-09-29"}, {"date": "2022-11-07", "symbol": "ASUR", "eps": -0.01, "epsEstimated": -0.00583, "time": "amc", "revenue": 21903000, "revenueEstimated": null, "fiscalDateEnding": "2022-09-29", "updatedFromDate": "2023-09-29"}, {"date": "2022-11-07", "symbol": "SBRA", "eps": -0.22, "epsEstimated": 0.38, "time": "amc", "revenue": 140764000, "revenueEstimated": null, "fiscalDateEnding": "2022-09-29", "updatedFromDate": "2023-09-29"}, {"date": "2022-11-07", "symbol": "FNV", "eps": 0.83, "epsEstimated": 0.86, "time": "bmo", "revenue": 304200000, "revenueEstimated": null, "fiscalDateEnding": "2022-09-30", "updatedFromDate": "2023-09-29"}, {"date": "2022-11-07", "symbol": "SEDG", "eps": 0.91, "epsEstimated": 1.43, "time": "amc", "revenue": 836723000, "revenueEstimated": null, "fiscalDateEnding": "2022-09-29", "updatedFromDate": "2023-09-29"}, {"date": "2022-11-07", "symbol": "2229.T", "eps": 29.11, "epsEstimated": 34.67, "time": "bmo", "revenue": 65323000000, "revenueEstimated": null, "fiscalDateEnding": "2022-08-07", "updatedFromDate": "2023-10-17"}, {"date": "2022-11-07", "symbol": "FLNT", "eps": 0.04, "epsEstimated": 0.005, "time": "amc", "revenue": 89046000, "revenueEstimated": null, "fiscalDateEnding": "2022-09-29", "updatedFromDate": "2023-09-29"}, {"date": "2022-11-07", "symbol": "DAC", "eps": 8.71, "epsEstimated": 7.42, "time": "amc", "revenue": 260037000, "revenueEstimated": null, "fiscalDateEnding": "2022-09-30", "updatedFromDate": "2023-09-29"}, {"date": "2022-11-07", "symbol": "6417.T", "eps": 230.35, "epsEstimated": null, "time": "bmo", "revenue": 27763000000, "revenueEstimated": null, "fiscalDateEnding": "2022-08-07", "updatedFromDate": "2023-10-17"}, {"date": "2022-11-07", "symbol": "MTLHF", "eps": 20.44, "epsEstimated": 20.63, "time": "bmo", "revenue": 1061242000000, "revenueEstimated": null, "fiscalDateEnding": "2022-08-07", "updatedFromDate": "2023-10-16"}, {"date": "2022-11-07", "symbol": "9613.T", "eps": 23.57, "epsEstimated": 29.67, "time": "bmo", "revenue": 677368000000, "revenueEstimated": null, "fiscalDateEnding": "2022-08-07", "updatedFromDate": "2023-10-17"}, {"date": "2022-11-07", "symbol": "4203.T", "eps": 96.04, "epsEstimated": null, "time": "bmo", "revenue": 71733000000, "revenueEstimated": null, "fiscalDateEnding": "2022-08-07", "updatedFromDate": "2023-10-17"}, {"date": "2022-11-07", "symbol": "INTA", "eps": 0.01, "epsEstimated": 0.00439, "time": "amc", "revenue": 79538000, "revenueEstimated": null, "fiscalDateEnding": "2022-09-29", "updatedFromDate": "2023-09-29"}, {"date": "2022-11-07", "symbol": "OXSQ", "eps": 0.11, "epsEstimated": 0.11, "time": "bmo", "revenue": -21202026, "revenueEstimated": null, "fiscalDateEnding": "2022-09-29", "updatedFromDate": "2023-09-29"}, {"date": "2022-11-07", "symbol": "WTRG", "eps": 0.26, "epsEstimated": 0.22, "time": "bmo", "revenue": 434618000, "revenueEstimated": null, "fiscalDateEnding": "2022-09-29", "updatedFromDate": "2023-09-29"}, {"date": "2022-11-07", "symbol": "TASK", "eps": 0.35, "epsEstimated": 0.3, "time": "amc", "revenue": 232130000, "revenueEstimated": null, "fiscalDateEnding": "2022-09-29", "updatedFromDate": "2023-09-29"}, {"date": "2022-11-07", "symbol": "BRMK", "eps": 0.12, "epsEstimated": 0.16, "time": "amc", "revenue": 27128000, "revenueEstimated": null, "fiscalDateEnding": "2022-09-29", "updatedFromDate": "2023-09-29"}, {"date": "2022-11-07", "symbol": "MRMD.CN", "eps": 0.01, "epsEstimated": 0.01, "time": "bmo", "revenue": 33912000, "revenueEstimated": null, "fiscalDateEnding": "2022-09-30", "updatedFromDate": "2023-08-16"}, {"date": "2022-11-07", "symbol": "ENTEL.SN", "eps": 141.72, "epsEstimated": 79.19, "time": "bmo", "revenue": null, "revenueEstimated": null, "fiscalDateEnding": "2022-09-30", "updatedFromDate": "2023-05-17"}, {"date": "2022-11-07", "symbol": "108670.KS", "eps": 1180.59, "epsEstimated": null, "time": "bmo", "revenue": 913995000000, "revenueEstimated": null, "fiscalDateEnding": "2022-09-30", "updatedFromDate": "2023-08-16"}, {"date": "2022-11-07", "symbol": "CBT", "eps": 1.55, "epsEstimated": 1.45, "time": "amc", "revenue": 1112000000, "revenueEstimated": null, "fiscalDateEnding": "2022-09-29", "updatedFromDate": "2023-09-29"}, {"date": "2022-11-07", "symbol": "6924.T", "eps": -187.21, "epsEstimated": null, "time": "bmo", "revenue": 14360000000, "revenueEstimated": null, "fiscalDateEnding": "2022-09-30", "updatedFromDate": "2023-05-17"}, {"date": "2022-11-07", "symbol": "VPG", "eps": 0.69, "epsEstimated": 0.59, "time": "amc", "revenue": 90057000, "revenueEstimated": null, "fiscalDateEnding": "2022-09-30", "updatedFromDate": "2023-09-29"}, {"date": "2022-11-07", "symbol": "AKSEN.IS", "eps": 1.19, "epsEstimated": null, "time": "bmo", "revenue": 15161474658, "revenueEstimated": null, "fiscalDateEnding": "2022-09-30", "updatedFromDate": "2023-05-17"}, {"date": "2022-11-07", "symbol": "CYT", "eps": -0.31, "epsEstimated": -0.41, "time": "bmo", "revenue": null, "revenueEstimated": null, "fiscalDateEnding": "2022-09-29", "updatedFromDate": "2023-09-29"}, {"date": "2022-11-07", "symbol": "DIOD", "eps": 2, "epsEstimated": 1.88, "time": "amc", "revenue": 521273000, "revenueEstimated": null, "fiscalDateEnding": "2022-09-29", "updatedFromDate": "2023-09-29"}, {"date": "2022-11-07", "symbol": "GOOD", "eps": -0.02, "epsEstimated": 0.37, "time": "amc", "revenue": 39834000, "revenueEstimated": null, "fiscalDateEnding": "2022-09-29", "updatedFromDate": "2023-09-29"}, {"date": "2022-11-07", "symbol": "FTHM", "eps": -0.38, "epsEstimated": -0.36, "time": "amc", "revenue": 111264000, "revenueEstimated": null, "fiscalDateEnding": "2022-09-29", "updatedFromDate": "2023-09-29"}, {"date": "2022-11-07", "symbol": "8146.HK", "eps": 0.00531, "epsEstimated": null, "time": "bmo", "revenue": 23773000, "revenueEstimated": null, "fiscalDateEnding": "2022-09-30", "updatedFromDate": "2023-05-17"}, {"date": "2022-11-07", "symbol": "CHW.TO", "eps": 0.58, "epsEstimated": 0.5, "time": "bmo", "revenue": 55221000, "revenueEstimated": null, "fiscalDateEnding": "2022-09-30", "updatedFromDate": "2023-05-17"}, {"date": "2022-11-07", "symbol": "MRSN", "eps": -0.61, "epsEstimated": -0.09, "time": "bmo", "revenue": 5573000, "revenueEstimated": null, "fiscalDateEnding": "2022-09-29", "updatedFromDate": "2023-09-29"}, {"date": "2022-11-07", "symbol": "7701.T", "eps": 53.67, "epsEstimated": 41.03, "time": "bmo", "revenue": 98639000000, "revenueEstimated": null, "fiscalDateEnding": "2022-08-07", "updatedFromDate": "2023-10-17"}, {"date": "2022-11-07", "symbol": "PLDIF", "eps": -6.58, "epsEstimated": -10.94, "time": "bmo", "revenue": null, "revenueEstimated": null, "fiscalDateEnding": "2022-12-31", "updatedFromDate": "2023-05-17"}, {"date": "2022-11-07", "symbol": "CERT", "eps": 0.1, "epsEstimated": 0.11, "time": "amc", "revenue": 84700000, "revenueEstimated": null, "fiscalDateEnding": "2022-09-29", "updatedFromDate": "2023-09-29"}, {"date": "2022-11-07", "symbol": "ONCY", "eps": -0.06, "epsEstimated": -0.09, "time": "bmo", "revenue": null, "revenueEstimated": null, "fiscalDateEnding": "2022-09-30", "updatedFromDate": "2023-09-29"}, {"date": "2022-11-07", "symbol": "NEWT", "eps": 0.62, "epsEstimated": 0.65, "time": "amc", "revenue": 13007000, "revenueEstimated": null, "fiscalDateEnding": "2022-09-29", "updatedFromDate": "2023-09-29"}, {"date": "2022-11-07", "symbol": "RLYB", "eps": -0.6, "epsEstimated": -0.54, "time": "bmo", "revenue": null, "revenueEstimated": null, "fiscalDateEnding": "2022-09-29", "updatedFromDate": "2023-09-29"}, {"date": "2022-11-07", "symbol": "8187.HK", "eps": -0.08602, "epsEstimated": null, "time": "bmo", "revenue": 8524000, "revenueEstimated": null, "fiscalDateEnding": "2022-09-30", "updatedFromDate": "2023-11-08"}, {"date": "2022-11-07", "symbol": "YAMHF", "eps": 1.07, "epsEstimated": 0.79, "time": "bmo", "revenue": 608200000000, "revenueEstimated": null, "fiscalDateEnding": "2022-09-30", "updatedFromDate": "2023-09-29"}, {"date": "2022-11-07", "symbol": "CURLF", "eps": -0.07, "epsEstimated": -0.05, "time": "amc", "revenue": 339728000, "revenueEstimated": null, "fiscalDateEnding": "2022-09-30", "updatedFromDate": "2023-09-29"}, {"date": "2022-11-07", "symbol": "KRR.TO", "eps": 0.04, "epsEstimated": 0.05, "time": "bmo", "revenue": 81326000, "revenueEstimated": null, "fiscalDateEnding": "2022-09-30", "updatedFromDate": "2023-05-17"}, {"date": "2022-11-07", "symbol": "5393.T", "eps": 85.81, "epsEstimated": null, "time": "bmo", "revenue": 54617000000, "revenueEstimated": null, "fiscalDateEnding": "2022-08-07", "updatedFromDate": "2023-10-17"}, {"date": "2022-11-07", "symbol": "4491.T", "eps": 45.45, "epsEstimated": null, "time": "bmo", "revenue": 1594186000, "revenueEstimated": null, "fiscalDateEnding": "2022-08-07", "updatedFromDate": "2023-10-17"}, {"date": "2022-11-07", "symbol": "LPSN", "eps": -0.11, "epsEstimated": -0.12, "time": "amc", "revenue": 122477000, "revenueEstimated": null, "fiscalDateEnding": "2022-08-07", "updatedFromDate": "2023-10-10"}, {"date": "2022-11-07", "symbol": "9539.T", "eps": 50.19, "epsEstimated": null, "time": "bmo", "revenue": null, "revenueEstimated": null, "fiscalDateEnding": "2022-09-30", "updatedFromDate": "2023-09-20"}, {"date": "2022-11-07", "symbol": "EKGYO.IS", "eps": 0.18, "epsEstimated": null, "time": "bmo", "revenue": null, "revenueEstimated": null, "fiscalDateEnding": "2022-09-30", "updatedFromDate": "2023-05-17"}, {"date": "2022-11-07", "symbol": "TCMD", "eps": 0.1, "epsEstimated": -0.1, "time": "amc", "revenue": 65262000, "revenueEstimated": null, "fiscalDateEnding": "2022-09-29", "updatedFromDate": "2023-09-29"}, {"date": "2022-11-07", "symbol": "AMGXF", "eps": -18.09, "epsEstimated": null, "time": "bmo", "revenue": null, "revenueEstimated": null, "fiscalDateEnding": "2022-09-30", "updatedFromDate": "2023-05-17"}, {"date": "2022-11-07", "symbol": "SIBN", "eps": -0.41, "epsEstimated": -0.45, "time": "amc", "revenue": 26432000, "revenueEstimated": null, "fiscalDateEnding": "2022-09-29", "updatedFromDate": "2023-09-29"}, {"date": "2022-11-07", "symbol": "6958.T", "eps": 10.74, "epsEstimated": null, "time": "bmo", "revenue": 19753000000, "revenueEstimated": null, "fiscalDateEnding": "2022-08-07", "updatedFromDate": "2023-10-17"}, {"date": "2022-11-07", "symbol": "VTRS", "eps": 0.86, "epsEstimated": 0.82, "time": "bmo", "revenue": 4078200000, "revenueEstimated": null, "fiscalDateEnding": "2022-09-29", "updatedFromDate": "2023-09-29"}, {"date": "2022-11-07", "symbol": "MOVI3.SA", "eps": 0.26, "epsEstimated": 0.65, "time": "bmo", "revenue": null, "revenueEstimated": null, "fiscalDateEnding": "2022-09-30", "updatedFromDate": "2023-05-17"}, {"date": "2022-11-07", "symbol": "ERB.WA", "eps": null, "epsEstimated": null, "time": "bmo", "revenue": null, "revenueEstimated": null, "fiscalDateEnding": "2022-08-07", "updatedFromDate": "2023-05-17"}, {"date": "2022-11-07", "symbol": "TRYIF", "eps": 11.98, "epsEstimated": 6.89, "time": "bmo", "revenue": null, "revenueEstimated": null, "fiscalDateEnding": "2023-03-31", "updatedFromDate": "2023-05-17"}, {"date": "2022-11-07", "symbol": "EXCL.JK", "eps": 35, "epsEstimated": 35.15, "time": "bmo", "revenue": 7520530000000, "revenueEstimated": null, "fiscalDateEnding": "2022-09-30", "updatedFromDate": "2023-05-17"}, {"date": "2022-11-07", "symbol": "RDVT", "eps": 0.16, "epsEstimated": null, "time": "amc", "revenue": 15026000, "revenueEstimated": null, "fiscalDateEnding": "2022-09-29", "updatedFromDate": "2023-09-29"}, {"date": "2022-11-07", "symbol": "NVACF", "eps": -0.03, "epsEstimated": -0.06, "time": "amc", "revenue": 58907000, "revenueEstimated": null, "fiscalDateEnding": "2022-09-30", "updatedFromDate": "2023-11-08"}, {"date": "2022-11-07", "symbol": "FNCNF", "eps": null, "epsEstimated": null, "time": "bmo", "revenue": null, "revenueEstimated": null, "fiscalDateEnding": "2022-09-30", "updatedFromDate": "2023-05-17"}, {"date": "2022-11-07", "symbol": "3577.T", "eps": -26.29, "epsEstimated": null, "time": "bmo", "revenue": 3077528000, "revenueEstimated": null, "fiscalDateEnding": "2022-08-07", "updatedFromDate": "2023-10-17"}, {"date": "2022-11-07", "symbol": "HE", "eps": 0.57, "epsEstimated": 0.55, "time": "amc", "revenue": 1042197000, "revenueEstimated": null, "fiscalDateEnding": "2022-09-29", "updatedFromDate": "2023-09-29"}, {"date": "2022-11-07", "symbol": "KOS", "eps": 0.19, "epsEstimated": 0.19, "time": "bmo", "revenue": 456056000, "revenueEstimated": null, "fiscalDateEnding": "2022-09-29", "updatedFromDate": "2023-09-29"}, {"date": "2022-11-07", "symbol": "ATVI", "eps": 0.68, "epsEstimated": 0.5, "time": "amc", "revenue": 1782000000, "revenueEstimated": null, "fiscalDateEnding": "2022-09-29", "updatedFromDate": "2023-09-29"}, {"date": "2022-11-07", "symbol": "CNCE", "eps": -0.58, "epsEstimated": -0.59, "time": "bmo", "revenue": 8000, "revenueEstimated": null, "fiscalDateEnding": "2022-09-29", "updatedFromDate": "2023-05-17"}, {"date": "2022-11-07", "symbol": "OPRT", "eps": 0.25, "epsEstimated": -0.12, "time": "amc", "revenue": 146983000, "revenueEstimated": null, "fiscalDateEnding": "2022-09-29", "updatedFromDate": "2023-09-29"}, {"date": "2022-11-07", "symbol": "IPMLF", "eps": null, "epsEstimated": null, "time": "bmo", "revenue": null, "revenueEstimated": null, "fiscalDateEnding": "2022-09-30", "updatedFromDate": "2023-05-17"}, {"date": "2022-11-07", "symbol": "1530.TW", "eps": 1.51, "epsEstimated": null, "time": "bmo", "revenue": 1061375000, "revenueEstimated": null, "fiscalDateEnding": "2022-09-30", "updatedFromDate": "2023-08-16"}, {"date": "2022-11-07", "symbol": "FC.TO", "eps": 0.24, "epsEstimated": 0.25, "time": "bmo", "revenue": 10236767, "revenueEstimated": null, "fiscalDateEnding": "2022-09-30", "updatedFromDate": "2023-05-17"}, {"date": "2022-11-07", "symbol": "TUPY3.SA", "eps": 1.35, "epsEstimated": 0.93, "time": "bmo", "revenue": 2694013000, "revenueEstimated": null, "fiscalDateEnding": "2022-09-30", "updatedFromDate": "2023-05-17"}, {"date": "2022-11-07", "symbol": "6853.T", "eps": -0.02, "epsEstimated": null, "time": "bmo", "revenue": null, "revenueEstimated": null, "fiscalDateEnding": "2022-08-07", "updatedFromDate": "2023-05-17"}, {"date": "2022-11-07", "symbol": "2819.T", "eps": 62.65, "epsEstimated": null, "time": "bmo", "revenue": 10649000000, "revenueEstimated": null, "fiscalDateEnding": "2022-08-07", "updatedFromDate": "2023-10-17"}, {"date": "2022-11-07", "symbol": "4572.T", "eps": -31.92, "epsEstimated": null, "time": "bmo", "revenue": 256064000, "revenueEstimated": null, "fiscalDateEnding": "2022-09-30", "updatedFromDate": "2023-05-17"}, {"date": "2022-11-07", "symbol": "2344.T", "eps": 15.94, "epsEstimated": null, "time": "bmo", "revenue": 2312403000, "revenueEstimated": null, "fiscalDateEnding": "2022-08-07", "updatedFromDate": "2023-10-17"}, {"date": "2022-11-07", "symbol": "ILM.BK", "eps": 0.3, "epsEstimated": null, "time": "bmo", "revenue": 2187838000, "revenueEstimated": null, "fiscalDateEnding": "2022-09-30", "updatedFromDate": "2023-05-17"}, {"date": "2022-11-07", "symbol": "6947.T", "eps": 31.65, "epsEstimated": null, "time": "bmo", "revenue": 7703896000, "revenueEstimated": null, "fiscalDateEnding": "2022-08-07", "updatedFromDate": "2023-10-17"}, {"date": "2022-11-07", "symbol": "FLGT", "eps": 0.32, "epsEstimated": 0.17, "time": "amc", "revenue": 105655000, "revenueEstimated": null, "fiscalDateEnding": "2022-09-29", "updatedFromDate": "2023-09-29"}, {"date": "2022-11-07", "symbol": "8098.T", "eps": 88.75, "epsEstimated": null, "time": "bmo", "revenue": 184062000000, "revenueEstimated": null, "fiscalDateEnding": "2022-08-07", "updatedFromDate": "2023-10-17"}, {"date": "2022-11-07", "symbol": "CVO.TO", "eps": -0.04, "epsEstimated": -0.08, "time": "bmo", "revenue": 26462000, "revenueEstimated": null, "fiscalDateEnding": "2022-08-07", "updatedFromDate": "2023-10-17"}, {"date": "2022-11-07", "symbol": "BEAM", "eps": -1.56, "epsEstimated": -1.3, "time": "bmo", "revenue": 15799000, "revenueEstimated": null, "fiscalDateEnding": "2022-09-29", "updatedFromDate": "2023-09-29"}, {"date": "2022-11-07", "symbol": "7128.T", "eps": 47.1, "epsEstimated": null, "time": "bmo", "revenue": null, "revenueEstimated": null, "fiscalDateEnding": "2022-09-30", "updatedFromDate": "2023-05-17"}, {"date": "2022-11-07", "symbol": "BSXGF", "eps": -0.02, "epsEstimated": -0.005, "time": "bmo", "revenue": null, "revenueEstimated": null, "fiscalDateEnding": "2022-09-30", "updatedFromDate": "2023-08-16"}, {"date": "2022-11-07", "symbol": "2612.T", "eps": 78.78, "epsEstimated": null, "time": "bmo", "revenue": 8931000000, "revenueEstimated": null, "fiscalDateEnding": "2022-08-07", "updatedFromDate": "2023-10-17"}, {"date": "2022-11-07", "symbol": "215200.KQ", "eps": 3592, "epsEstimated": null, "time": "bmo", "revenue": null, "revenueEstimated": null, "fiscalDateEnding": "2022-09-30", "updatedFromDate": "2023-05-17"}, {"date": "2022-11-07", "symbol": "GEST.MC", "eps": 0.11, "epsEstimated": 0.11, "time": "bmo", "revenue": 2826600000, "revenueEstimated": null, "fiscalDateEnding": "2022-09-30", "updatedFromDate": "2023-05-17"}, {"date": "2022-11-07", "symbol": "MRNS", "eps": -0.35, "epsEstimated": 0.25, "time": "bmo", "revenue": 2340000, "revenueEstimated": null, "fiscalDateEnding": "2022-09-29", "updatedFromDate": "2023-09-29"}, {"date": "2022-11-07", "symbol": "FIVN", "eps": 0.39, "epsEstimated": 0.36, "time": "amc", "revenue": 198342000, "revenueEstimated": null, "fiscalDateEnding": "2022-09-29", "updatedFromDate": "2023-09-29"}, {"date": "2022-11-07", "symbol": "NCMI", "eps": -1.3, "epsEstimated": -1.2, "time": "amc", "revenue": 54500000, "revenueEstimated": null, "fiscalDateEnding": "2022-09-28", "updatedFromDate": "2023-09-29"}, {"date": "2022-11-07", "symbol": "GMPUF", "eps": 0.11, "epsEstimated": 0.11, "time": "bmo", "revenue": null, "revenueEstimated": null, "fiscalDateEnding": "2022-09-30", "updatedFromDate": "2023-05-17"}, {"date": "2022-11-07", "symbol": "7564.T", "eps": 36.55, "epsEstimated": 42.08, "time": "bmo", "revenue": 33326000000, "revenueEstimated": null, "fiscalDateEnding": "2022-08-07", "updatedFromDate": "2023-10-17"}, {"date": "2022-11-07", "symbol": "LPSN.TA", "eps": -0.56, "epsEstimated": -0.08, "time": "bmo", "revenue": 129561000, "revenueEstimated": null, "fiscalDateEnding": "2022-09-30", "updatedFromDate": "2023-05-17"}, {"date": "2022-11-07", "symbol": "6976.T", "eps": 101.47, "epsEstimated": 96.62, "time": "bmo", "revenue": 81740000000, "revenueEstimated": null, "fiscalDateEnding": "2022-08-07", "updatedFromDate": "2023-10-17"}, {"date": "2022-11-07", "symbol": "NINJ3.SA", "eps": -0.05, "epsEstimated": -0.02596, "time": "bmo", "revenue": 14287000, "revenueEstimated": null, "fiscalDateEnding": "2022-09-30", "updatedFromDate": "2023-05-17"}, {"date": "2022-11-07", "symbol": "ATC.WA", "eps": 3.2, "epsEstimated": null, "time": "bmo", "revenue": 1402141000, "revenueEstimated": null, "fiscalDateEnding": "2022-09-30", "updatedFromDate": "2023-05-17"}, {"date": "2022-11-07", "symbol": "OUST", "eps": -2, "epsEstimated": -0.17, "time": "amc", "revenue": 11204000, "revenueEstimated": null, "fiscalDateEnding": "2022-09-29", "updatedFromDate": "2023-09-29"}, {"date": "2022-11-07", "symbol": "MBGCF", "eps": 88.6, "epsEstimated": 69.22, "time": "bmo", "revenue": null, "revenueEstimated": null, "fiscalDateEnding": "2023-03-31", "updatedFromDate": "2023-05-17"}, {"date": "2022-11-07", "symbol": "4404.T", "eps": -47.72, "epsEstimated": null, "time": "bmo", "revenue": 13001000000, "revenueEstimated": null, "fiscalDateEnding": "2022-09-30", "updatedFromDate": "2023-05-17"}, {"date": "2022-11-07", "symbol": "EDAC.MI", "eps": null, "epsEstimated": null, "time": "bmo", "revenue": null, "revenueEstimated": null, "fiscalDateEnding": "2022-09-30", "updatedFromDate": "2023-05-17"}, {"date": "2022-11-07", "symbol": "1802.T", "eps": 37.96, "epsEstimated": 24.17, "time": "bmo", "revenue": 410331000000, "revenueEstimated": null, "fiscalDateEnding": "2022-08-07", "updatedFromDate": "2023-10-17"}, {"date": "2022-11-07", "symbol": "CG.TO", "eps": -0.06, "epsEstimated": -0.07, "time": "bmo", "revenue": 179013000, "revenueEstimated": null, "fiscalDateEnding": "2022-09-30", "updatedFromDate": "2023-05-17"}, {"date": "2022-11-07", "symbol": "3157.T", "eps": 67.66, "epsEstimated": null, "time": "bmo", "revenue": 45101000000, "revenueEstimated": null, "fiscalDateEnding": "2022-08-07", "updatedFromDate": "2023-10-17"}, {"date": "2022-11-07", "symbol": "WJXFF", "eps": 0.75, "epsEstimated": 0.73, "time": "amc", "revenue": 470775000, "revenueEstimated": null, "fiscalDateEnding": "2022-09-30", "updatedFromDate": "2023-08-16"}, {"date": "2022-11-07", "symbol": "SHLE.TO", "eps": 0.38, "epsEstimated": 0.01, "time": "bmo", "revenue": 119906000, "revenueEstimated": null, "fiscalDateEnding": "2022-09-30", "updatedFromDate": "2023-05-17"}, {"date": "2022-11-07", "symbol": "ARGO", "eps": 0.44, "epsEstimated": -2.13, "time": "amc", "revenue": 9100000, "revenueEstimated": null, "fiscalDateEnding": "2022-09-29", "updatedFromDate": "2023-09-29"}, {"date": "2022-11-07", "symbol": "FRPH", "eps": 0.05, "epsEstimated": null, "time": "bmo", "revenue": 9294000, "revenueEstimated": null, "fiscalDateEnding": "2022-09-29", "updatedFromDate": "2023-09-29"}, {"date": "2022-11-07", "symbol": "DAWN", "eps": -0.53, "epsEstimated": -0.53, "time": "bmo", "revenue": null, "revenueEstimated": null, "fiscalDateEnding": "2022-09-29", "updatedFromDate": "2023-09-29"}, {"date": "2022-11-07", "symbol": "035420.KS", "eps": 1689, "epsEstimated": 1614.02, "time": "bmo", "revenue": 2271743121420, "revenueEstimated": null, "fiscalDateEnding": "2022-08-07", "updatedFromDate": "2023-05-17"}, {"date": "2022-11-07", "symbol": "COR.LS", "eps": 0.13, "epsEstimated": 0.14, "time": "bmo", "revenue": 244775000, "revenueEstimated": null, "fiscalDateEnding": "2022-09-30", "updatedFromDate": "2023-08-16"}, {"date": "2022-11-07", "symbol": "8368.HK", "eps": 0.1584, "epsEstimated": null, "time": "bmo", "revenue": 86281000, "revenueEstimated": null, "fiscalDateEnding": "2022-09-30", "updatedFromDate": "2023-05-17"}, {"date": "2022-11-07", "symbol": "BRMK+", "eps": 0.14, "epsEstimated": 0.16, "time": "bmo", "revenue": null, "revenueEstimated": null, "fiscalDateEnding": "2022-09-29", "updatedFromDate": "2023-05-17"}, {"date": "2022-11-07", "symbol": "CFBK", "eps": 0.65, "epsEstimated": 0.72, "time": "bmo", "revenue": 13725000, "revenueEstimated": null, "fiscalDateEnding": "2022-09-29", "updatedFromDate": "2023-09-29"}, {"date": "2022-11-07", "symbol": "INTO.BR", "eps": 0.659, "epsEstimated": null, "time": "bmo", "revenue": 21259000, "revenueEstimated": null, "fiscalDateEnding": "2022-09-30", "updatedFromDate": "2023-05-17"}, {"date": "2022-11-07", "symbol": "BRP", "eps": 0.18, "epsEstimated": 0.17, "time": "amc", "revenue": 259368000, "revenueEstimated": null, "fiscalDateEnding": "2022-09-29", "updatedFromDate": "2023-09-29"}, {"date": "2022-11-07", "symbol": "RIOT", "eps": -0.24, "epsEstimated": -0.02444, "time": "bmo", "revenue": 46290000, "revenueEstimated": null, "fiscalDateEnding": "2022-09-29", "updatedFromDate": "2023-09-29"}, {"date": "2022-11-07", "symbol": "DCO", "eps": 0.96, "epsEstimated": 0.9, "time": "bmo", "revenue": 186590000, "revenueEstimated": null, "fiscalDateEnding": "2022-09-30", "updatedFromDate": "2023-09-29"}, {"date": "2022-11-07", "symbol": "DAIUF", "eps": 29.57, "epsEstimated": 83.2, "time": "bmo", "revenue": 130211000000, "revenueEstimated": null, "fiscalDateEnding": "2022-08-07", "updatedFromDate": "2023-10-17"}, {"date": "2022-11-07", "symbol": "PTVE", "eps": 0.18, "epsEstimated": 0.14, "time": "amc", "revenue": 1609000000, "revenueEstimated": null, "fiscalDateEnding": "2022-09-29", "updatedFromDate": "2023-09-29"}, {"date": "2022-11-07", "symbol": "SILDF", "eps": 4.87, "epsEstimated": null, "time": "bmo", "revenue": null, "revenueEstimated": null, "fiscalDateEnding": "2023-03-31", "updatedFromDate": "2023-05-17"}, {"date": "2022-11-07", "symbol": "APPH", "eps": -0.23, "epsEstimated": -0.3, "time": "bmo", "revenue": 524000, "revenueEstimated": null, "fiscalDateEnding": "2022-09-29", "updatedFromDate": "2023-09-29"}, {"date": "2022-11-07", "symbol": "RBA.TO", "eps": 0.38, "epsEstimated": 0.37, "time": "bmo", "revenue": 411479000, "revenueEstimated": null, "fiscalDateEnding": "2022-09-30", "updatedFromDate": "2023-05-17"}, {"date": "2022-11-07", "symbol": "7236.T", "eps": -96.51, "epsEstimated": null, "time": "bmo", "revenue": 35553000000, "revenueEstimated": null, "fiscalDateEnding": "2022-08-07", "updatedFromDate": "2023-10-17"}, {"date": "2022-11-07", "symbol": "CAPL", "eps": 0.71, "epsEstimated": 0.31, "time": "amc", "revenue": 1274407000, "revenueEstimated": null, "fiscalDateEnding": "2022-09-29", "updatedFromDate": "2023-09-29"}, {"date": "2022-11-07", "symbol": "TDCSF", "eps": 31.31, "epsEstimated": null, "time": "bmo", "revenue": null, "revenueEstimated": null, "fiscalDateEnding": "2023-03-31", "updatedFromDate": "2023-05-17"}, {"date": "2022-11-07", "symbol": "NPKYF", "eps": 31.63, "epsEstimated": null, "time": "bmo", "revenue": null, "revenueEstimated": null, "fiscalDateEnding": "2023-03-31", "updatedFromDate": "2023-05-17"}, {"date": "2022-11-07", "symbol": "AUCTF", "eps": 36.31, "epsEstimated": null, "time": "bmo", "revenue": null, "revenueEstimated": null, "fiscalDateEnding": "2022-09-30", "updatedFromDate": "2023-05-17"}, {"date": "2022-11-07", "symbol": "NUCLEUS.NS", "eps": 4.02, "epsEstimated": null, "time": "bmo", "revenue": 1288400000, "revenueEstimated": null, "fiscalDateEnding": "2022-08-07", "updatedFromDate": "2023-10-17"}, {"date": "2022-11-07", "symbol": "8511.T", "eps": 22.98, "epsEstimated": null, "time": "bmo", "revenue": 7142000000, "revenueEstimated": null, "fiscalDateEnding": "2022-08-07", "updatedFromDate": "2023-10-17"}, {"date": "2022-11-07", "symbol": "1870.T", "eps": 16.49, "epsEstimated": null, "time": "bmo", "revenue": 18194000000, "revenueEstimated": null, "fiscalDateEnding": "2022-08-07", "updatedFromDate": "2023-10-17"}, {"date": "2022-11-07", "symbol": "HNGR", "eps": null, "epsEstimated": 0.38, "time": "amc", "revenue": null, "revenueEstimated": 314050000, "fiscalDateEnding": "2022-09-29", "updatedFromDate": "2023-05-17"}, {"date": "2022-11-07", "symbol": "ARKO", "eps": 0.17, "epsEstimated": 0.29, "time": "amc", "revenue": 2449647000, "revenueEstimated": null, "fiscalDateEnding": "2022-09-29", "updatedFromDate": "2023-09-29"}, {"date": "2022-11-07", "symbol": "VNOM", "eps": 0.98, "epsEstimated": 0.4, "time": "amc", "revenue": 221406000, "revenueEstimated": null, "fiscalDateEnding": "2022-09-29", "updatedFromDate": "2023-09-29"}, {"date": "2022-11-07", "symbol": "ASTL.TO", "eps": 0.36, "epsEstimated": 0.46, "time": "bmo", "revenue": 934100000, "revenueEstimated": null, "fiscalDateEnding": "2022-08-07", "updatedFromDate": "2023-10-17"}, {"date": "2022-11-07", "symbol": "CLGCF", "eps": null, "epsEstimated": null, "time": "bmo", "revenue": null, "revenueEstimated": null, "fiscalDateEnding": "2022-09-30", "updatedFromDate": "2023-05-17"}, {"date": "2022-11-07", "symbol": "GAIA", "eps": -0.11, "epsEstimated": null, "time": "amc", "revenue": 19907000, "revenueEstimated": null, "fiscalDateEnding": "2022-09-29", "updatedFromDate": "2023-09-29"}, {"date": "2022-11-07", "symbol": "3633.T", "eps": 44.67, "epsEstimated": null, "time": "bmo", "revenue": 2702901000, "revenueEstimated": null, "fiscalDateEnding": "2022-09-30", "updatedFromDate": "2023-05-17"}, {"date": "2022-11-07", "symbol": "4046.T", "eps": 137.55, "epsEstimated": null, "time": "bmo", "revenue": 25738000000, "revenueEstimated": null, "fiscalDateEnding": "2022-08-07", "updatedFromDate": "2023-10-17"}, {"date": "2022-11-07", "symbol": "1215.TW", "eps": 1.28, "epsEstimated": null, "time": "bmo", "revenue": null, "revenueEstimated": null, "fiscalDateEnding": "2022-09-30", "updatedFromDate": "2023-05-17"}, {"date": "2022-11-07", "symbol": "8617.HK", "eps": 0.02779, "epsEstimated": null, "time": "bmo", "revenue": 32716000, "revenueEstimated": null, "fiscalDateEnding": "2022-09-30", "updatedFromDate": "2023-10-16"}, {"date": "2022-11-07", "symbol": "QSI", "eps": -0.23, "epsEstimated": -0.25, "time": "amc", "revenue": null, "revenueEstimated": null, "fiscalDateEnding": "2022-09-29", "updatedFromDate": "2023-09-29"}, {"date": "2022-11-07", "symbol": "DPSTF", "eps": 1.01, "epsEstimated": 1.17, "time": "bmo", "revenue": 24038000000, "revenueEstimated": 22901600000, "fiscalDateEnding": "2022-09-30", "updatedFromDate": "2023-08-16"}, {"date": "2022-11-07", "symbol": "NTDTY", "eps": 0.17, "epsEstimated": null, "time": "bmo", "revenue": 677368000000, "revenueEstimated": null, "fiscalDateEnding": "2022-08-07", "updatedFromDate": "2023-10-17"}, {"date": "2022-11-07", "symbol": "8850.T", "eps": 100.33, "epsEstimated": null, "time": "bmo", "revenue": 46869000000, "revenueEstimated": null, "fiscalDateEnding": "2022-08-07", "updatedFromDate": "2023-10-17"}, {"date": "2022-11-07", "symbol": "CHNR", "eps": null, "epsEstimated": null, "time": "bmo", "revenue": null, "revenueEstimated": null, "fiscalDateEnding": "2022-08-07", "updatedFromDate": "2023-05-17"}, {"date": "2022-11-07", "symbol": "HIMS", "eps": -0.09, "epsEstimated": -0.11, "time": "amc", "revenue": 144836000, "revenueEstimated": null, "fiscalDateEnding": "2022-09-29", "updatedFromDate": "2023-09-29"}, {"date": "2022-11-07", "symbol": "DOHOME.BK", "eps": 0.02, "epsEstimated": null, "time": "bmo", "revenue": 7475433000, "revenueEstimated": null, "fiscalDateEnding": "2022-09-30", "updatedFromDate": "2023-08-16"}, {"date": "2022-11-07", "symbol": "UNC.TO", "eps": -19.91658, "epsEstimated": null, "time": "bmo", "revenue": -275061000, "revenueEstimated": null, "fiscalDateEnding": "2022-08-07", "updatedFromDate": "2023-10-17"}, {"date": "2022-11-07", "symbol": "ERE-UN.TO", "eps": 0.3018, "epsEstimated": null, "time": "bmo", "revenue": 22830000, "revenueEstimated": null, "fiscalDateEnding": "2022-09-30", "updatedFromDate": "2023-05-17"}, {"date": "2022-11-07", "symbol": "BAINF", "eps": -2.63, "epsEstimated": null, "time": "bmo", "revenue": null, "revenueEstimated": null, "fiscalDateEnding": "2022-09-30", "updatedFromDate": "2023-08-16"}, {"date": "2022-11-07", "symbol": "ALC.TO", "eps": 1.01, "epsEstimated": 0.92, "time": "bmo", "revenue": 199327000, "revenueEstimated": null, "fiscalDateEnding": "2022-09-30", "updatedFromDate": "2023-05-17"}, {"date": "2022-11-07", "symbol": "FIELF", "eps": 42.45, "epsEstimated": null, "time": "bmo", "revenue": null, "revenueEstimated": null, "fiscalDateEnding": "2022-09-30", "updatedFromDate": "2023-05-17"}, {"date": "2022-11-07", "symbol": "8591.T", "eps": 50.62, "epsEstimated": 59.78, "time": "bmo", "revenue": 400915000000, "revenueEstimated": null, "fiscalDateEnding": "2022-08-07", "updatedFromDate": "2023-10-17"}, {"date": "2022-11-07", "symbol": "6481.T", "eps": 73, "epsEstimated": 55.13, "time": "bmo", "revenue": 100865000000, "revenueEstimated": null, "fiscalDateEnding": "2022-09-30", "updatedFromDate": "2023-10-16"}, {"date": "2022-11-07", "symbol": "PIGEF", "eps": 24.72, "epsEstimated": 18.84, "time": "bmo", "revenue": null, "revenueEstimated": null, "fiscalDateEnding": "2022-09-30", "updatedFromDate": "2023-05-17"}, {"date": "2022-11-07", "symbol": "SKYT", "eps": -0.13, "epsEstimated": -0.26, "time": "amc", "revenue": 52326000, "revenueEstimated": null, "fiscalDateEnding": "2022-10-01", "updatedFromDate": "2023-09-29"}, {"date": "2022-11-07", "symbol": "TFPM", "eps": 0.09, "epsEstimated": 0.09, "time": "amc", "revenue": 33754000, "revenueEstimated": null, "fiscalDateEnding": "2022-09-30", "updatedFromDate": "2023-09-29"}, {"date": "2022-11-07", "symbol": "7955.T", "eps": 22.93, "epsEstimated": null, "time": "bmo", "revenue": 29206000000, "revenueEstimated": null, "fiscalDateEnding": "2022-08-07", "updatedFromDate": "2023-10-17"}, {"date": "2022-11-07", "symbol": "013890.KS", "eps": 667.27, "epsEstimated": 980.86, "time": "bmo", "revenue": 286204117440, "revenueEstimated": null, "fiscalDateEnding": "2022-09-30", "updatedFromDate": "2023-08-16"}, {"date": "2022-11-07", "symbol": "TRDA", "eps": -0.8, "epsEstimated": -0.76, "time": "bmo", "revenue": null, "revenueEstimated": null, "fiscalDateEnding": "2022-09-29", "updatedFromDate": "2023-09-29"}, {"date": "2022-11-07", "symbol": "3401.T", "eps": 1.59, "epsEstimated": null, "time": "bmo", "revenue": 243834000000, "revenueEstimated": null, "fiscalDateEnding": "2022-08-07", "updatedFromDate": "2023-10-17"}, {"date": "2022-11-07", "symbol": "SPRIME.BK", "eps": -0.09983, "epsEstimated": null, "time": "bmo", "revenue": 129457296, "revenueEstimated": null, "fiscalDateEnding": "2022-09-30", "updatedFromDate": "2023-08-16"}, {"date": "2022-11-07", "symbol": "BLDP.TO", "eps": -0.14, "epsEstimated": -0.14, "time": "bmo", "revenue": 21343000, "revenueEstimated": null, "fiscalDateEnding": "2022-09-30", "updatedFromDate": "2023-05-17"}, {"date": "2022-11-07", "symbol": "CLPBF", "eps": 5.79, "epsEstimated": 6.08, "time": "bmo", "revenue": 6059000000, "revenueEstimated": null, "fiscalDateEnding": "2022-09-30", "updatedFromDate": "2023-08-16"}, {"date": "2022-11-07", "symbol": "QTWO", "eps": 0.1, "epsEstimated": 0.03592, "time": "amc", "revenue": 144751000, "revenueEstimated": null, "fiscalDateEnding": "2022-09-29", "updatedFromDate": "2023-09-29"}, {"date": "2022-11-07", "symbol": "3704.TW", "eps": 1.87, "epsEstimated": null, "time": "bmo", "revenue": 8660990000, "revenueEstimated": null, "fiscalDateEnding": "2022-09-30", "updatedFromDate": "2023-08-16"}, {"date": "2022-11-07", "symbol": "LEDS", "eps": -0.25, "epsEstimated": null, "time": "bmo", "revenue": 1626000, "revenueEstimated": null, "fiscalDateEnding": "2022-08-30", "updatedFromDate": "2023-09-29"}, {"date": "2022-11-07", "symbol": "4746.T", "eps": 99.56, "epsEstimated": null, "time": "bmo", "revenue": 4557254000, "revenueEstimated": null, "fiscalDateEnding": "2022-09-30", "updatedFromDate": "2023-05-17"}, {"date": "2022-11-07", "symbol": "BZTAF", "eps": 0.2, "epsEstimated": 0.19, "time": "bmo", "revenue": null, "revenueEstimated": null, "fiscalDateEnding": "2022-09-30", "updatedFromDate": "2023-05-17"}, {"date": "2022-11-07", "symbol": "YMAB", "eps": -0.63, "epsEstimated": -0.75, "time": "amc", "revenue": 12537000, "revenueEstimated": null, "fiscalDateEnding": "2022-09-29", "updatedFromDate": "2023-09-29"}, {"date": "2022-11-07", "symbol": "VINATIORGA.NS", "eps": 8.1, "epsEstimated": null, "time": "bmo", "revenue": 5063153000, "revenueEstimated": null, "fiscalDateEnding": "2022-08-07", "updatedFromDate": "2023-10-17"}, {"date": "2022-11-07", "symbol": "9519.T", "eps": 2.32, "epsEstimated": 8.66, "time": "bmo", "revenue": 9596000000, "revenueEstimated": null, "fiscalDateEnding": "2022-08-07", "updatedFromDate": "2023-10-16"}, {"date": "2022-11-07", "symbol": "IX", "eps": 1.83, "epsEstimated": 2.31, "time": "bmo", "revenue": 412374000000, "revenueEstimated": null, "fiscalDateEnding": "2022-09-30", "updatedFromDate": "2023-09-29"}, {"date": "2022-11-07", "symbol": "WTM", "eps": 8.5, "epsEstimated": 270, "time": "bmo", "revenue": 383200000, "revenueEstimated": null, "fiscalDateEnding": "2022-09-29", "updatedFromDate": "2023-09-29"}, {"date": "2022-11-07", "symbol": "MRMD", "eps": 0.01, "epsEstimated": 0.01, "time": "bmo", "revenue": 33912000, "revenueEstimated": null, "fiscalDateEnding": "2022-09-29", "updatedFromDate": "2023-09-29"}, {"date": "2022-11-07", "symbol": "MTRX", "eps": -0.15, "epsEstimated": -0.32, "time": "bmo", "revenue": 208431000, "revenueEstimated": null, "fiscalDateEnding": "2022-09-29", "updatedFromDate": "2023-09-29"}, {"date": "2022-11-07", "symbol": "PMT.TO", "eps": -0.2607, "epsEstimated": null, "time": "bmo", "revenue": null, "revenueEstimated": null, "fiscalDateEnding": "2022-09-30", "updatedFromDate": "2023-08-16"}, {"date": "2022-11-07", "symbol": "2369.TW", "eps": -0.08, "epsEstimated": 0.51, "time": "bmo", "revenue": 1358219000, "revenueEstimated": null, "fiscalDateEnding": "2022-09-30", "updatedFromDate": "2023-05-17"}, {"date": "2022-11-07", "symbol": "THNCF", "eps": -0.13, "epsEstimated": -0.1, "time": "bmo", "revenue": null, "revenueEstimated": null, "fiscalDateEnding": "2022-09-30", "updatedFromDate": "2023-08-16"}, {"date": "2022-11-07", "symbol": "BNHUF", "eps": null, "epsEstimated": null, "time": "bmo", "revenue": null, "revenueEstimated": null, "fiscalDateEnding": "2022-09-30", "updatedFromDate": "2023-08-16"}, {"date": "2022-11-07", "symbol": "PZRIF", "eps": 0.23, "epsEstimated": 0.23, "time": "bmo", "revenue": null, "revenueEstimated": null, "fiscalDateEnding": "2022-09-30", "updatedFromDate": "2023-08-16"}, {"date": "2022-11-07", "symbol": "HEP", "eps": 0.33, "epsEstimated": 0.46, "time": "bmo", "revenue": 149002000, "revenueEstimated": null, "fiscalDateEnding": "2022-09-29", "updatedFromDate": "2023-09-29"}, {"date": "2022-11-07", "symbol": "ROVR", "eps": -0.08, "epsEstimated": -0.00333, "time": "amc", "revenue": 50864000, "revenueEstimated": null, "fiscalDateEnding": "2022-09-29", "updatedFromDate": "2023-09-29"}, {"date": "2022-11-07", "symbol": "ETHOSLTD.NS", "eps": 6.56, "epsEstimated": null, "time": "bmo", "revenue": 1735605000, "revenueEstimated": null, "fiscalDateEnding": "2022-08-07", "updatedFromDate": "2023-10-17"}, {"date": "2022-11-07", "symbol": "PNL.AS", "eps": -0.04, "epsEstimated": null, "time": "bmo", "revenue": 709000000, "revenueEstimated": null, "fiscalDateEnding": "2022-09-30", "updatedFromDate": "2023-08-16"}, {"date": "2022-11-07", "symbol": "ALTO", "eps": -0.29, "epsEstimated": -0.00243, "time": "amc", "revenue": 336877000, "revenueEstimated": null, "fiscalDateEnding": "2022-09-29", "updatedFromDate": "2023-09-29"}, {"date": "2022-11-07", "symbol": "MWA", "eps": 0.1, "epsEstimated": 0.14, "time": "amc", "revenue": 331400000, "revenueEstimated": null, "fiscalDateEnding": "2022-09-29", "updatedFromDate": "2023-09-29"}, {"date": "2022-11-07", "symbol": "7417.T", "eps": 52.2, "epsEstimated": null, "time": "bmo", "revenue": 9621000000, "revenueEstimated": null, "fiscalDateEnding": "2022-08-07", "updatedFromDate": "2023-10-17"}, {"date": "2022-11-07", "symbol": "3202.T", "eps": 0.46, "epsEstimated": null, "time": "bmo", "revenue": 956047000, "revenueEstimated": null, "fiscalDateEnding": "2022-08-07", "updatedFromDate": "2023-10-17"}, {"date": "2022-11-07", "symbol": "4975.T", "eps": 66.29, "epsEstimated": null, "time": "bmo", "revenue": 6160299000, "revenueEstimated": null, "fiscalDateEnding": "2022-08-07", "updatedFromDate": "2023-10-17"}, {"date": "2022-11-07", "symbol": "4523.T", "eps": 12.44, "epsEstimated": 27.11, "time": "bmo", "revenue": 184262000000, "revenueEstimated": null, "fiscalDateEnding": "2022-08-07", "updatedFromDate": "2023-10-17"}, {"date": "2022-11-07", "symbol": "ARTG.V", "eps": -0.02, "epsEstimated": -0.01667, "time": "bmo", "revenue": null, "revenueEstimated": null, "fiscalDateEnding": "2022-09-30", "updatedFromDate": "2023-08-16"}, {"date": "2022-11-07", "symbol": "AJINY", "eps": 0.26, "epsEstimated": null, "time": "bmo", "revenue": 321619000000, "revenueEstimated": null, "fiscalDateEnding": "2022-08-07", "updatedFromDate": "2023-10-17"}, {"date": "2022-11-07", "symbol": "ANTOF", "eps": 106.05, "epsEstimated": 85.22, "time": "bmo", "revenue": null, "revenueEstimated": null, "fiscalDateEnding": "2023-03-31", "updatedFromDate": "2023-05-17"}, {"date": "2022-11-07", "symbol": "JHX", "eps": 0.39, "epsEstimated": null, "time": "bmo", "revenue": 997600000, "revenueEstimated": null, "fiscalDateEnding": "2022-09-30", "updatedFromDate": "2023-09-29"}, {"date": "2022-11-07", "symbol": "ISCTR.IS", "eps": 1.49, "epsEstimated": 1.53, "time": "bmo", "revenue": 39212142000, "revenueEstimated": null, "fiscalDateEnding": "2022-09-30", "updatedFromDate": "2023-05-17"}, {"date": "2022-11-07", "symbol": "DCGO", "eps": 0.05, "epsEstimated": 0.05, "time": "amc", "revenue": 104319894, "revenueEstimated": null, "fiscalDateEnding": "2022-09-29", "updatedFromDate": "2023-09-29"}, {"date": "2022-11-07", "symbol": "WPRT.TO", "eps": -0.07, "epsEstimated": -0.06, "time": "bmo", "revenue": 71182000, "revenueEstimated": null, "fiscalDateEnding": "2022-09-30", "updatedFromDate": "2023-10-16"}, {"date": "2022-11-07", "symbol": "4512.T", "eps": -0.1404, "epsEstimated": null, "time": "bmo", "revenue": 2023375000, "revenueEstimated": null, "fiscalDateEnding": "2022-08-07", "updatedFromDate": "2023-10-17"}, {"date": "2022-11-07", "symbol": "NOVC.TO", "eps": -0.03, "epsEstimated": -0.06, "time": "bmo", "revenue": null, "revenueEstimated": null, "fiscalDateEnding": "2022-09-30", "updatedFromDate": "2023-08-16"}, {"date": "2022-11-07", "symbol": "BPE.MI", "eps": 0.06256, "epsEstimated": null, "time": "bmo", "revenue": 3903320000, "revenueEstimated": null, "fiscalDateEnding": "2022-09-30", "updatedFromDate": "2023-08-16"}, {"date": "2022-11-07", "symbol": "POLICYBZR.NS", "eps": -4.62, "epsEstimated": null, "time": "bmo", "revenue": 5051865000, "revenueEstimated": null, "fiscalDateEnding": "2022-08-07", "updatedFromDate": "2023-10-17"}, {"date": "2022-11-07", "symbol": "YMATF", "eps": 29.71, "epsEstimated": 33.15, "time": "bmo", "revenue": null, "revenueEstimated": null, "fiscalDateEnding": "2023-03-31", "updatedFromDate": "2023-05-17"}, {"date": "2022-11-07", "symbol": "VLTTF", "eps": null, "epsEstimated": null, "time": "bmo", "revenue": null, "revenueEstimated": null, "fiscalDateEnding": "2022-09-30", "updatedFromDate": "2023-05-17"}, {"date": "2022-11-07", "symbol": "MCHIF", "eps": 94.1, "epsEstimated": null, "time": "bmo", "revenue": null, "revenueEstimated": null, "fiscalDateEnding": "2023-03-31", "updatedFromDate": "2023-05-17"}, {"date": "2022-11-07", "symbol": "NINE", "eps": 0.39, "epsEstimated": 0.025, "time": "bmo", "revenue": 167432000, "revenueEstimated": null, "fiscalDateEnding": "2022-09-29", "updatedFromDate": "2023-09-29"}, {"date": "2022-11-07", "symbol": "RBA", "eps": 0.38, "epsEstimated": 0.33, "time": "bmo", "revenue": 411479000, "revenueEstimated": null, "fiscalDateEnding": "2022-09-29", "updatedFromDate": "2023-09-29"}, {"date": "2022-11-07", "symbol": "BSX.TO", "eps": -0.02, "epsEstimated": null, "time": "bmo", "revenue": null, "revenueEstimated": null, "fiscalDateEnding": "2022-09-30", "updatedFromDate": "2023-05-17"}, {"date": "2022-11-07", "symbol": "2006.TW", "eps": 0.74, "epsEstimated": 1.38, "time": "bmo", "revenue": 14501485000, "revenueEstimated": null, "fiscalDateEnding": "2022-09-30", "updatedFromDate": "2023-05-17"}, {"date": "2022-11-07", "symbol": "VECO", "eps": 0.45, "epsEstimated": 0.41, "time": "amc", "revenue": 171913000, "revenueEstimated": null, "fiscalDateEnding": "2022-09-29", "updatedFromDate": "2023-09-29"}, {"date": "2022-11-07", "symbol": "4310.T", "eps": 29.61, "epsEstimated": null, "time": "bmo", "revenue": 8983000000, "revenueEstimated": null, "fiscalDateEnding": "2022-08-07", "updatedFromDate": "2023-10-17"}, {"date": "2022-11-07", "symbol": "GRPN", "eps": -0.68, "epsEstimated": -0.56, "time": "amc", "revenue": 144390000, "revenueEstimated": null, "fiscalDateEnding": "2022-09-29", "updatedFromDate": "2023-09-29"}, {"date": "2022-11-07", "symbol": "MDLN.JK", "eps": -9.6048, "epsEstimated": null, "time": "bmo", "revenue": 147710005338, "revenueEstimated": null, "fiscalDateEnding": "2022-09-30", "updatedFromDate": "2023-05-17"}, {"date": "2022-11-07", "symbol": "FOLD", "eps": -0.12, "epsEstimated": -0.19, "time": "bmo", "revenue": 81691000, "revenueEstimated": null, "fiscalDateEnding": "2022-09-29", "updatedFromDate": "2023-09-29"}, {"date": "2022-11-07", "symbol": "AMPH", "eps": 0.38, "epsEstimated": 0.39, "time": "amc", "revenue": 120129000, "revenueEstimated": null, "fiscalDateEnding": "2022-09-29", "updatedFromDate": "2023-09-29"}, {"date": "2022-11-07", "symbol": "SWAV", "eps": 0.92, "epsEstimated": 0.67, "time": "amc", "revenue": 131330000, "revenueEstimated": null, "fiscalDateEnding": "2022-09-29", "updatedFromDate": "2023-09-29"}, {"date": "2022-11-07", "symbol": "ORAAF", "eps": null, "epsEstimated": null, "time": "bmo", "revenue": null, "revenueEstimated": null, "fiscalDateEnding": "2022-09-30", "updatedFromDate": "2023-08-16"}, {"date": "2022-11-07", "symbol": "MRCC", "eps": 0.29, "epsEstimated": 0.25, "time": "amc", "revenue": 857000, "revenueEstimated": null, "fiscalDateEnding": "2022-09-29", "updatedFromDate": "2023-09-29"}, {"date": "2022-11-07", "symbol": "7606.T", "eps": -8.74, "epsEstimated": -8.78, "time": "bmo", "revenue": 29664000000, "revenueEstimated": null, "fiscalDateEnding": "2022-08-07", "updatedFromDate": "2023-10-17"}, {"date": "2022-11-07", "symbol": "SCFLF", "eps": 0.25, "epsEstimated": 0.2, "time": "bmo", "revenue": 4242000000, "revenueEstimated": null, "fiscalDateEnding": "2022-09-30", "updatedFromDate": "2023-09-29"}, {"date": "2022-11-07", "symbol": "PALT", "eps": -0.11, "epsEstimated": -0.07, "time": "amc", "revenue": 2623467, "revenueEstimated": null, "fiscalDateEnding": "2022-09-29", "updatedFromDate": "2023-09-29"}, {"date": "2022-11-07", "symbol": "EFTR", "eps": -0.23, "epsEstimated": -0.27, "time": "bmo", "revenue": null, "revenueEstimated": null, "fiscalDateEnding": "2022-09-29", "updatedFromDate": "2023-09-29"}, {"date": "2022-11-07", "symbol": "TBIIF", "eps": -0.17, "epsEstimated": -0.3, "time": "bmo", "revenue": null, "revenueEstimated": null, "fiscalDateEnding": "2022-09-30", "updatedFromDate": "2023-05-17"}, {"date": "2022-11-07", "symbol": "9684.T", "eps": 176.46, "epsEstimated": 64.65, "time": "bmo", "revenue": 74876000000, "revenueEstimated": null, "fiscalDateEnding": "2022-08-07", "updatedFromDate": "2023-10-17"}, {"date": "2022-11-07", "symbol": "CLOV", "eps": -0.16, "epsEstimated": -0.31, "time": "amc", "revenue": 856817000, "revenueEstimated": null, "fiscalDateEnding": "2022-09-29", "updatedFromDate": "2023-09-29"}, {"date": "2022-11-07", "symbol": "BRT", "eps": 0.37, "epsEstimated": 0.13, "time": "bmo", "revenue": 21697000, "revenueEstimated": null, "fiscalDateEnding": "2022-09-29", "updatedFromDate": "2023-09-29"}, {"date": "2022-11-07", "symbol": "RAND", "eps": 0.4, "epsEstimated": null, "time": "bmo", "revenue": 1397229, "revenueEstimated": null, "fiscalDateEnding": "2022-09-29", "updatedFromDate": "2023-09-29"}, {"date": "2022-11-07", "symbol": "210980.KS", "eps": 146, "epsEstimated": -71, "time": "bmo", "revenue": 122445973180, "revenueEstimated": null, "fiscalDateEnding": "2022-09-30", "updatedFromDate": "2023-08-16"}, {"date": "2022-11-07", "symbol": "SHWDY", "eps": 0.6, "epsEstimated": null, "time": "bmo", "revenue": 378119000000, "revenueEstimated": null, "fiscalDateEnding": "2022-09-30", "updatedFromDate": "2023-09-29"}, {"date": "2022-11-07", "symbol": "RAIL", "eps": -0.21, "epsEstimated": -0.12, "time": "amc", "revenue": 85743000, "revenueEstimated": null, "fiscalDateEnding": "2022-09-29", "updatedFromDate": "2023-09-29"}, {"date": "2022-11-07", "symbol": "CHH", "eps": 1.56, "epsEstimated": 1.69, "time": "bmo", "revenue": 414266000, "revenueEstimated": null, "fiscalDateEnding": "2022-09-29", "updatedFromDate": "2023-09-29"}, {"date": "2022-11-07", "symbol": "CDIO", "eps": 0.02, "epsEstimated": 0.66, "time": "bmo", "revenue": null, "revenueEstimated": null, "fiscalDateEnding": "2022-09-30", "updatedFromDate": "2023-08-25"}, {"date": "2022-11-07", "symbol": "ETER3.SA", "eps": 0.2269, "epsEstimated": null, "time": "bmo", "revenue": 312556000, "revenueEstimated": null, "fiscalDateEnding": "2022-08-07", "updatedFromDate": "2023-05-17"}, {"date": "2022-11-07", "symbol": "NTDOY", "eps": 38.87, "epsEstimated": null, "time": "--", "revenue": 461341000000, "revenueEstimated": null, "fiscalDateEnding": "2023-03-30", "updatedFromDate": "2023-11-13"}, {"date": "2022-11-07", "symbol": "4189.T", "eps": 32.4, "epsEstimated": null, "time": "bmo", "revenue": 30142000000, "revenueEstimated": null, "fiscalDateEnding": "2022-09-30", "updatedFromDate": "2023-08-16"}, {"date": "2022-11-07", "symbol": "095720.KS", "eps": 57.88, "epsEstimated": null, "time": "bmo", "revenue": 233197609230, "revenueEstimated": null, "fiscalDateEnding": "2022-09-30", "updatedFromDate": "2023-08-16"}, {"date": "2022-11-07", "symbol": "6547.TWO", "eps": -0.95, "epsEstimated": null, "time": "bmo", "revenue": 2094000, "revenueEstimated": null, "fiscalDateEnding": "2022-09-30", "updatedFromDate": "2023-08-16"}, {"date": "2022-11-07", "symbol": "2281.SR", "eps": 1.58, "epsEstimated": null, "time": "bmo", "revenue": 1727041745, "revenueEstimated": null, "fiscalDateEnding": "2022-08-07", "updatedFromDate": "2023-05-17"}, {"date": "2022-11-07", "symbol": "NPSTF", "eps": 162.02, "epsEstimated": null, "time": "bmo", "revenue": null, "revenueEstimated": null, "fiscalDateEnding": "2023-03-31", "updatedFromDate": "2023-05-17"}, {"date": "2022-11-07", "symbol": "WHD", "eps": 0.52, "epsEstimated": 0.48, "time": "bmo", "revenue": 184481000, "revenueEstimated": null, "fiscalDateEnding": "2022-09-29", "updatedFromDate": "2023-09-29"}, {"date": "2022-11-07", "symbol": "MNO.TO", "eps": -0.01, "epsEstimated": -0.01, "time": "bmo", "revenue": null, "revenueEstimated": null, "fiscalDateEnding": "2022-09-30", "updatedFromDate": "2023-05-17"}, {"date": "2022-11-07", "symbol": "9066.T", "eps": 166.99, "epsEstimated": null, "time": "bmo", "revenue": 53714000000, "revenueEstimated": null, "fiscalDateEnding": "2022-08-07", "updatedFromDate": "2023-10-17"}, {"date": "2022-11-07", "symbol": "AEL", "eps": 0.99, "epsEstimated": 0.84, "time": "amc", "revenue": 907227000, "revenueEstimated": null, "fiscalDateEnding": "2022-09-29", "updatedFromDate": "2023-09-29"}, {"date": "2022-11-07", "symbol": "BWXT", "eps": 0.69, "epsEstimated": 0.72, "time": "amc", "revenue": 523711000, "revenueEstimated": null, "fiscalDateEnding": "2022-09-29", "updatedFromDate": "2023-09-29"}, {"date": "2022-11-07", "symbol": "GH.TO", "eps": 0.1384, "epsEstimated": null, "time": "bmo", "revenue": 18100000, "revenueEstimated": null, "fiscalDateEnding": "2022-09-30", "updatedFromDate": "2023-10-16"}, {"date": "2022-11-07", "symbol": "BBU", "eps": -0.14, "epsEstimated": 1.36, "time": "bmo", "revenue": 14739000000, "revenueEstimated": null, "fiscalDateEnding": "2022-09-30", "updatedFromDate": "2023-09-29"}, {"date": "2022-11-07", "symbol": "DRS", "eps": 0.17, "epsEstimated": 0.09, "time": "bmo", "revenue": 634000000, "revenueEstimated": 31700000, "fiscalDateEnding": "2022-09-29", "updatedFromDate": "2023-09-29"}, {"date": "2022-11-07", "symbol": "GROM", "eps": -60.06, "epsEstimated": -3, "time": "bmo", "revenue": 1484958, "revenueEstimated": 1870000, "fiscalDateEnding": "2022-09-29", "updatedFromDate": "2023-09-29"}, {"date": "2022-11-07", "symbol": "NPPXF", "eps": 92.97, "epsEstimated": 99.76, "time": "bmo", "revenue": 3068871000000, "revenueEstimated": null, "fiscalDateEnding": "2022-08-07", "updatedFromDate": "2023-10-17"}, {"date": "2022-11-07", "symbol": "QGEN", "eps": 0.53, "epsEstimated": 0.45, "time": "amc", "revenue": 499631000, "revenueEstimated": null, "fiscalDateEnding": "2022-09-30", "updatedFromDate": "2023-09-29"}, {"date": "2022-11-07", "symbol": "ATRRF", "eps": null, "epsEstimated": null, "time": "bmo", "revenue": null, "revenueEstimated": null, "fiscalDateEnding": "2022-09-30", "updatedFromDate": "2023-05-17"}, {"date": "2022-11-07", "symbol": "SVI.BK", "eps": 0.2276, "epsEstimated": null, "time": "bmo", "revenue": 7208798983, "revenueEstimated": null, "fiscalDateEnding": "2022-08-07", "updatedFromDate": "2023-05-17"}, {"date": "2022-11-07", "symbol": "7246.T", "eps": 22.27, "epsEstimated": null, "time": "bmo", "revenue": 42287000000, "revenueEstimated": null, "fiscalDateEnding": "2022-08-07", "updatedFromDate": "2023-10-17"}, {"date": "2022-11-07", "symbol": "6768.T", "eps": 13.33, "epsEstimated": 2.9, "time": "bmo", "revenue": 23981000000, "revenueEstimated": null, "fiscalDateEnding": "2022-08-07", "updatedFromDate": "2023-10-17"}, {"date": "2022-11-07", "symbol": "EPRX.TO", "eps": null, "epsEstimated": null, "time": "bmo", "revenue": null, "revenueEstimated": null, "fiscalDateEnding": "2022-09-30", "updatedFromDate": "2023-08-16"}, {"date": "2022-11-07", "symbol": "TRIP", "eps": 0.28, "epsEstimated": 0.39, "time": "amc", "revenue": 459000000, "revenueEstimated": null, "fiscalDateEnding": "2022-09-29", "updatedFromDate": "2023-09-29"}, {"date": "2022-11-07", "symbol": "EPRXF", "eps": null, "epsEstimated": null, "time": "bmo", "revenue": null, "revenueEstimated": null, "fiscalDateEnding": "2022-09-30", "updatedFromDate": "2023-08-16"}, {"date": "2022-11-07", "symbol": "FLIDF", "eps": 2.9, "epsEstimated": 2.42, "time": "bmo", "revenue": null, "revenueEstimated": null, "fiscalDateEnding": "2022-09-30", "updatedFromDate": "2023-05-17"}, {"date": "2022-11-07", "symbol": "LTRPA", "eps": -0.39, "epsEstimated": null, "time": "bmo", "revenue": 459000000, "revenueEstimated": null, "fiscalDateEnding": "2022-09-29", "updatedFromDate": "2023-09-29"}, {"date": "2022-11-07", "symbol": "GLFGF", "eps": null, "epsEstimated": null, "time": "bmo", "revenue": null, "revenueEstimated": null, "fiscalDateEnding": "2022-09-30", "updatedFromDate": "2023-05-17"}, {"date": "2022-11-07", "symbol": "VAKBN.IS", "eps": 0.79, "epsEstimated": 0.84, "time": "bmo", "revenue": 41319942000, "revenueEstimated": null, "fiscalDateEnding": "2022-08-07", "updatedFromDate": "2023-05-17"}, {"date": "2022-11-07", "symbol": "TTNM.TO", "eps": 0.14, "epsEstimated": 0.03667, "time": "bmo", "revenue": 113356000, "revenueEstimated": null, "fiscalDateEnding": "2022-09-30", "updatedFromDate": "2023-05-17"}, {"date": "2022-11-07", "symbol": "AXSM", "eps": -1.03, "epsEstimated": -1.1, "time": "bmo", "revenue": 16845792, "revenueEstimated": null, "fiscalDateEnding": "2022-09-29", "updatedFromDate": "2023-09-29"}, {"date": "2022-11-07", "symbol": "4319.T", "eps": 14.24, "epsEstimated": null, "time": "bmo", "revenue": 5575768000, "revenueEstimated": null, "fiscalDateEnding": "2022-08-07", "updatedFromDate": "2023-10-17"}, {"date": "2022-11-07", "symbol": "8621.HK", "eps": 0.00087, "epsEstimated": null, "time": "bmo", "revenue": 10168795, "revenueEstimated": null, "fiscalDateEnding": "2022-09-30", "updatedFromDate": "2023-05-17"}, {"date": "2022-11-07", "symbol": "HAZAF", "eps": 27.12, "epsEstimated": null, "time": "bmo", "revenue": null, "revenueEstimated": null, "fiscalDateEnding": "2023-03-31", "updatedFromDate": "2023-05-17"}, {"date": "2022-11-07", "symbol": "1802.TW", "eps": -0.51, "epsEstimated": 1.15, "time": "bmo", "revenue": 10530358000, "revenueEstimated": null, "fiscalDateEnding": "2022-09-30", "updatedFromDate": "2023-08-16"}, {"date": "2022-11-07", "symbol": "2436.TW", "eps": -0.15, "epsEstimated": 0.19, "time": "bmo", "revenue": 606384000, "revenueEstimated": null, "fiscalDateEnding": "2022-09-30", "updatedFromDate": "2023-08-16"}, {"date": "2022-11-07", "symbol": "HLGN", "eps": -4.9, "epsEstimated": -0.11, "time": "amc", "revenue": 3100000, "revenueEstimated": null, "fiscalDateEnding": "2022-09-29", "updatedFromDate": "2023-09-29"}, {"date": "2022-11-07", "symbol": "IMPC.JK", "eps": 12.54, "epsEstimated": null, "time": "bmo", "revenue": 680002594081, "revenueEstimated": null, "fiscalDateEnding": "2022-09-30", "updatedFromDate": "2023-05-17"}, {"date": "2022-11-07", "symbol": "DO", "eps": 0.05, "epsEstimated": -0.35, "time": "amc", "revenue": 618014000, "revenueEstimated": null, "fiscalDateEnding": "2022-09-29", "updatedFromDate": "2023-09-29"}, {"date": "2022-11-07", "symbol": "APRN", "eps": -8.88, "epsEstimated": -6.6, "time": "bmo", "revenue": 109665000, "revenueEstimated": null, "fiscalDateEnding": "2022-09-29", "updatedFromDate": "2023-09-29"}, {"date": "2022-11-07", "symbol": "8437.HK", "eps": -0.00088, "epsEstimated": null, "time": "bmo", "revenue": 3723000, "revenueEstimated": null, "fiscalDateEnding": "2022-09-30", "updatedFromDate": "2023-05-17"}, {"date": "2022-11-07", "symbol": "CRON", "eps": -0.07, "epsEstimated": -0.06, "time": "bmo", "revenue": 20923000, "revenueEstimated": null, "fiscalDateEnding": "2022-09-29", "updatedFromDate": "2023-09-29"}, {"date": "2022-11-07", "symbol": "BAP", "eps": 4.2, "epsEstimated": 3.91, "time": "amc", "revenue": 4560102000, "revenueEstimated": null, "fiscalDateEnding": "2022-09-30", "updatedFromDate": "2023-09-29"}, {"date": "2022-11-07", "symbol": "VGCX.TO", "eps": -0.13, "epsEstimated": 0.33, "time": "bmo", "revenue": 100698458, "revenueEstimated": null, "fiscalDateEnding": "2022-09-30", "updatedFromDate": "2023-10-16"}, {"date": "2022-11-07", "symbol": "NODK", "eps": -0.47, "epsEstimated": null, "time": "bmo", "revenue": 89175000, "revenueEstimated": null, "fiscalDateEnding": "2022-09-29", "updatedFromDate": "2023-09-29"}, {"date": "2022-11-07", "symbol": "EHTH", "eps": -1.17, "epsEstimated": -1.42, "time": "amc", "revenue": 53376000, "revenueEstimated": null, "fiscalDateEnding": "2022-09-29", "updatedFromDate": "2023-09-29"}, {"date": "2022-11-07", "symbol": "VITFF", "eps": -0.13, "epsEstimated": 0.33, "time": "bmo", "revenue": 100698458, "revenueEstimated": null, "fiscalDateEnding": "2022-09-30", "updatedFromDate": "2023-08-16"}, {"date": "2022-11-07", "symbol": "UIS.SW", "eps": 0.05, "epsEstimated": -0.12, "time": "bmo", "revenue": 461200000, "revenueEstimated": null, "fiscalDateEnding": "2022-09-30", "updatedFromDate": "2023-08-16"}, {"date": "2022-11-07", "symbol": "ECOR3.SA", "eps": 0.18, "epsEstimated": 0.03913, "time": "bmo", "revenue": 1672568000, "revenueEstimated": null, "fiscalDateEnding": "2022-09-30", "updatedFromDate": "2023-08-16"}, {"date": "2022-11-07", "symbol": "ZEV", "eps": -5.6, "epsEstimated": -5.8, "time": "amc", "revenue": 11131000, "revenueEstimated": null, "fiscalDateEnding": "2022-09-29", "updatedFromDate": "2023-09-29"}, {"date": "2022-11-07", "symbol": "KRYS", "eps": -1.17, "epsEstimated": -1.23, "time": "bmo", "revenue": null, "revenueEstimated": null, "fiscalDateEnding": "2022-08-07", "updatedFromDate": "2023-10-10"}, {"date": "2022-11-07", "symbol": "BNTX", "eps": 6.98, "epsEstimated": 4.51, "time": "bmo", "revenue": 3461200000, "revenueEstimated": null, "fiscalDateEnding": "2022-09-30", "updatedFromDate": "2023-09-29"}, {"date": "2022-11-07", "symbol": "8512.HK", "eps": 0.01422, "epsEstimated": null, "time": "bmo", "revenue": 184613000, "revenueEstimated": null, "fiscalDateEnding": "2022-09-30", "updatedFromDate": "2023-05-17"}, {"date": "2022-11-07", "symbol": "4994.T", "eps": 85.33, "epsEstimated": null, "time": "bmo", "revenue": 8127588000, "revenueEstimated": null, "fiscalDateEnding": "2022-08-07", "updatedFromDate": "2023-10-17"}, {"date": "2022-11-07", "symbol": "TRUE", "eps": -0.15, "epsEstimated": -0.11, "time": "amc", "revenue": 39052000, "revenueEstimated": null, "fiscalDateEnding": "2022-09-29", "updatedFromDate": "2023-09-29"}, {"date": "2022-11-07", "symbol": "OND.WA", "eps": 0.02, "epsEstimated": null, "time": "bmo", "revenue": 294333000, "revenueEstimated": null, "fiscalDateEnding": "2022-09-30", "updatedFromDate": "2023-05-17"}, {"date": "2022-11-07", "symbol": "TTNMF", "eps": 0.14, "epsEstimated": 0.037, "time": "bmo", "revenue": null, "revenueEstimated": null, "fiscalDateEnding": "2022-09-30", "updatedFromDate": "2023-08-16"}, {"date": "2022-11-07", "symbol": "AURA33.SA", "eps": 0.00096, "epsEstimated": null, "time": "bmo", "revenue": 81189000, "revenueEstimated": null, "fiscalDateEnding": "2022-09-30", "updatedFromDate": "2023-05-17"}, {"date": "2022-11-07", "symbol": "4636.T", "eps": 19.5, "epsEstimated": null, "time": "bmo", "revenue": 11079000000, "revenueEstimated": null, "fiscalDateEnding": "2022-08-07", "updatedFromDate": "2023-10-17"}, {"date": "2022-11-07", "symbol": "CLNN", "eps": -0.14, "epsEstimated": -0.23, "time": "bmo", "revenue": 174000, "revenueEstimated": null, "fiscalDateEnding": "2022-09-29", "updatedFromDate": "2023-09-29"}, {"date": "2022-11-07", "symbol": "ACPIF", "eps": null, "epsEstimated": null, "time": "bmo", "revenue": null, "revenueEstimated": 7402610000, "fiscalDateEnding": "2022-09-30", "updatedFromDate": "2023-08-16"}, {"date": "2022-11-07", "symbol": "AIV", "eps": -0.21, "epsEstimated": null, "time": "amc", "revenue": 47683000, "revenueEstimated": null, "fiscalDateEnding": "2022-09-29", "updatedFromDate": "2023-09-29"}, {"date": "2022-11-07", "symbol": "TWI", "eps": 0.54, "epsEstimated": 0.49, "time": "amc", "revenue": 530722000, "revenueEstimated": null, "fiscalDateEnding": "2022-09-29", "updatedFromDate": "2023-09-29"}, {"date": "2022-11-07", "symbol": "FCMGF", "eps": 0.24, "epsEstimated": 0.25, "time": "amc", "revenue": null, "revenueEstimated": null, "fiscalDateEnding": "2022-09-30", "updatedFromDate": "2023-08-16"}, {"date": "2022-11-07", "symbol": "053210.KS", "eps": 179.52, "epsEstimated": null, "time": "bmo", "revenue": 271138476040, "revenueEstimated": null, "fiscalDateEnding": "2022-08-07", "updatedFromDate": "2023-05-17"}, {"date": "2022-11-07", "symbol": "EXLGF", "eps": null, "epsEstimated": null, "time": "bmo", "revenue": null, "revenueEstimated": null, "fiscalDateEnding": "2022-09-30", "updatedFromDate": "2023-05-17"}, {"date": "2022-11-07", "symbol": "DOOR", "eps": 2.53, "epsEstimated": 2.49, "time": "amc", "revenue": 727626000, "revenueEstimated": null, "fiscalDateEnding": "2022-10-01", "updatedFromDate": "2023-09-29"}, {"date": "2022-11-07", "symbol": "ADVOF", "eps": 0.02, "epsEstimated": 0.28, "time": "bmo", "revenue": null, "revenueEstimated": 186012000, "fiscalDateEnding": "2022-09-30", "updatedFromDate": "2023-09-29"}, {"date": "2022-11-07", "symbol": "GHM", "eps": -0.02, "epsEstimated": -0.1, "time": "bmo", "revenue": 47569000, "revenueEstimated": null, "fiscalDateEnding": "2022-08-07", "updatedFromDate": "2023-10-10"}, {"date": "2022-11-07", "symbol": "APLE", "eps": 0.26, "epsEstimated": 0.24, "time": "amc", "revenue": 341150000, "revenueEstimated": null, "fiscalDateEnding": "2022-09-29", "updatedFromDate": "2023-09-29"}, {"date": "2022-11-07", "symbol": "SCUPF", "eps": null, "epsEstimated": null, "time": "bmo", "revenue": null, "revenueEstimated": null, "fiscalDateEnding": "2022-09-30", "updatedFromDate": "2023-05-17"}, {"date": "2022-11-07", "symbol": "CBIXF", "eps": -31.92, "epsEstimated": null, "time": "bmo", "revenue": null, "revenueEstimated": null, "fiscalDateEnding": "2022-09-30", "updatedFromDate": "2023-05-17"}, {"date": "2022-11-07", "symbol": "6134.T", "eps": 54.38, "epsEstimated": 37.9, "time": "bmo", "revenue": 39233000000, "revenueEstimated": null, "fiscalDateEnding": "2022-08-07", "updatedFromDate": "2023-10-17"}, {"date": "2022-11-07", "symbol": "PPENF", "eps": 17.36, "epsEstimated": null, "time": "bmo", "revenue": null, "revenueEstimated": null, "fiscalDateEnding": "2022-09-30", "updatedFromDate": "2023-05-17"}, {"date": "2022-11-07", "symbol": "1785.TWO", "eps": 0.89, "epsEstimated": 0.51, "time": "bmo", "revenue": 6029317000, "revenueEstimated": null, "fiscalDateEnding": "2022-09-30", "updatedFromDate": "2023-05-17"}, {"date": "2022-11-07", "symbol": "ASH", "eps": 1.46, "epsEstimated": 1.39, "time": "amc", "revenue": 631000000, "revenueEstimated": null, "fiscalDateEnding": "2022-09-29", "updatedFromDate": "2023-09-29"}, {"date": "2022-11-07", "symbol": "138490.KS", "eps": 249, "epsEstimated": null, "time": "bmo", "revenue": null, "revenueEstimated": null, "fiscalDateEnding": "2022-08-07", "updatedFromDate": "2023-05-17"}, {"date": "2022-11-07", "symbol": "AMBP3.SA", "eps": 2.94, "epsEstimated": null, "time": "bmo", "revenue": 980028000, "revenueEstimated": null, "fiscalDateEnding": "2022-09-30", "updatedFromDate": "2023-08-16"}, {"date": "2022-11-07", "symbol": "194370.KS", "eps": 1796.33, "epsEstimated": null, "time": "bmo", "revenue": 264174287030, "revenueEstimated": null, "fiscalDateEnding": "2022-09-30", "updatedFromDate": "2023-05-17"}, {"date": "2022-11-07", "symbol": "TYME", "eps": null, "epsEstimated": null, "time": "bmo", "revenue": null, "revenueEstimated": null, "fiscalDateEnding": "2022-09-29", "updatedFromDate": "2023-08-16"}, {"date": "2022-11-07", "symbol": "TIMS3.SA", "eps": 0.16, "epsEstimated": 0.16, "time": "bmo", "revenue": 5611160000, "revenueEstimated": null, "fiscalDateEnding": "2022-09-30", "updatedFromDate": "2023-05-17"}, {"date": "2022-11-07", "symbol": "HOFJF", "eps": 19.38, "epsEstimated": 24.6, "time": "bmo", "revenue": null, "revenueEstimated": null, "fiscalDateEnding": "2023-03-31", "updatedFromDate": "2023-08-16"}, {"date": "2022-11-07", "symbol": "NTG.CO", "eps": 6.45, "epsEstimated": 5.37, "time": "bmo", "revenue": 2821300000, "revenueEstimated": null, "fiscalDateEnding": "2022-09-30", "updatedFromDate": "2023-08-16"}, {"date": "2022-11-07", "symbol": "6651.T", "eps": 34.59, "epsEstimated": null, "time": "bmo", "revenue": 30578000000, "revenueEstimated": null, "fiscalDateEnding": "2022-08-07", "updatedFromDate": "2023-10-17"}, {"date": "2022-11-07", "symbol": "SHMUF", "eps": 10.31, "epsEstimated": 15.34, "time": "bmo", "revenue": null, "revenueEstimated": null, "fiscalDateEnding": "2023-03-31", "updatedFromDate": "2023-08-16"}, {"date": "2022-11-07", "symbol": "068400.KS", "eps": 197, "epsEstimated": null, "time": "bmo", "revenue": 326776159930, "revenueEstimated": null, "fiscalDateEnding": "2022-09-30", "updatedFromDate": "2023-08-16"}, {"date": "2022-11-07", "symbol": "AMG", "eps": 4.21, "epsEstimated": 3.93, "time": "bmo", "revenue": 578600000, "revenueEstimated": null, "fiscalDateEnding": "2022-09-29", "updatedFromDate": "2023-09-29"}, {"date": "2022-11-07", "symbol": "OJIPF", "eps": 14.78, "epsEstimated": null, "time": "bmo", "revenue": null, "revenueEstimated": null, "fiscalDateEnding": "2023-03-31", "updatedFromDate": "2023-08-16"}, {"date": "2022-11-07", "symbol": "METC", "eps": 0.6, "epsEstimated": 1.14, "time": "amc", "revenue": 136925000, "revenueEstimated": null, "fiscalDateEnding": "2022-09-29", "updatedFromDate": "2023-09-29"}, {"date": "2022-11-07", "symbol": "MLNK", "eps": 0.06, "epsEstimated": 0.08, "time": "amc", "revenue": 71754000, "revenueEstimated": null, "fiscalDateEnding": "2022-09-29", "updatedFromDate": "2023-09-29"}, {"date": "2022-11-07", "symbol": "IDKOF", "eps": 341.3, "epsEstimated": 132.35, "time": "bmo", "revenue": 2204695000000, "revenueEstimated": null, "fiscalDateEnding": "2022-08-07", "updatedFromDate": "2023-10-17"}, {"date": "2022-11-07", "symbol": "ICUI", "eps": 1.75, "epsEstimated": 1.41, "time": "amc", "revenue": 597857000, "revenueEstimated": null, "fiscalDateEnding": "2022-09-29", "updatedFromDate": "2023-09-29"}, {"date": "2022-11-07", "symbol": "1582.TW", "eps": 1.14, "epsEstimated": 1.12, "time": "bmo", "revenue": 2457801000, "revenueEstimated": null, "fiscalDateEnding": "2022-09-30", "updatedFromDate": "2023-08-17"}, {"date": "2022-11-07", "symbol": "057050.KS", "eps": 3551, "epsEstimated": null, "time": "bmo", "revenue": 564003950320, "revenueEstimated": null, "fiscalDateEnding": "2022-09-30", "updatedFromDate": "2023-08-25"}, {"date": "2022-11-07", "symbol": "AYAAF", "eps": 0.35, "epsEstimated": 0.3, "time": "bmo", "revenue": null, "revenueEstimated": null, "fiscalDateEnding": "2022-09-30", "updatedFromDate": "2023-05-17"}, {"date": "2022-11-07", "symbol": "1525.TW", "eps": 1.29, "epsEstimated": null, "time": "bmo", "revenue": 418201000, "revenueEstimated": 278930000, "fiscalDateEnding": "2022-09-30", "updatedFromDate": "2023-08-25"}, {"date": "2022-11-07", "symbol": "KGAUF", "eps": 0.0066, "epsEstimated": null, "time": "bmo", "revenue": 246000000, "revenueEstimated": null, "fiscalDateEnding": "2022-09-30", "updatedFromDate": "2023-08-25"}, {"date": "2022-11-07", "symbol": "7004.T", "eps": -7.04, "epsEstimated": null, "time": "bmo", "revenue": 96350000000, "revenueEstimated": null, "fiscalDateEnding": "2022-08-07", "updatedFromDate": "2023-10-17"}, {"date": "2022-11-07", "symbol": "CHWWF", "eps": 0.58, "epsEstimated": 0.5, "time": "bmo", "revenue": null, "revenueEstimated": null, "fiscalDateEnding": "2022-09-30", "updatedFromDate": "2023-08-16"}, {"date": "2022-11-07", "symbol": "RBOT", "eps": -0.18, "epsEstimated": -0.15, "time": "amc", "revenue": null, "revenueEstimated": null, "fiscalDateEnding": "2022-09-29", "updatedFromDate": "2023-09-29"}, {"date": "2022-11-07", "symbol": "IVCRQ", "eps": -0.92, "epsEstimated": -0.39, "time": "bmo", "revenue": null, "revenueEstimated": null, "fiscalDateEnding": "2022-09-30", "updatedFromDate": "2023-08-16"}, {"date": "2022-11-07", "symbol": "ME", "eps": -0.15, "epsEstimated": -0.17, "time": "amc", "revenue": 60864000, "revenueEstimated": null, "fiscalDateEnding": "2022-08-07", "updatedFromDate": "2023-10-10"}, {"date": "2022-11-07", "symbol": "ALLK", "eps": -0.53, "epsEstimated": -0.78, "time": "bmo", "revenue": null, "revenueEstimated": null, "fiscalDateEnding": "2022-09-29", "updatedFromDate": "2023-09-29"}, {"date": "2022-11-07", "symbol": "CTLP", "eps": -0.13, "epsEstimated": -0.01, "time": "amc", "revenue": 57782000, "revenueEstimated": null, "fiscalDateEnding": "2022-09-29", "updatedFromDate": "2023-09-29"}, {"date": "2022-11-07", "symbol": "CURA.CN", "eps": 0.07, "epsEstimated": 0.03417, "time": "bmo", "revenue": 339728000, "revenueEstimated": null, "fiscalDateEnding": "2022-09-30", "updatedFromDate": "2023-08-25"}, {"date": "2022-11-07", "symbol": "CGIFF", "eps": 0.38, "epsEstimated": 0.18, "time": "bmo", "revenue": null, "revenueEstimated": null, "fiscalDateEnding": "2022-09-30", "updatedFromDate": "2023-08-16"}, {"date": "2022-11-07", "symbol": "8460.HK", "eps": 0.00079, "epsEstimated": null, "time": "bmo", "revenue": 14599000, "revenueEstimated": null, "fiscalDateEnding": "2022-09-30", "updatedFromDate": "2023-05-17"}, {"date": "2022-11-07", "symbol": "MRRDF", "eps": -0.01, "epsEstimated": -0.01, "time": "bmo", "revenue": null, "revenueEstimated": null, "fiscalDateEnding": "2022-09-30", "updatedFromDate": "2023-08-16"}, {"date": "2022-11-07", "symbol": "BML.WA", "eps": 0.02325, "epsEstimated": null, "time": "bmo", "revenue": 50383000, "revenueEstimated": null, "fiscalDateEnding": "2022-08-07", "updatedFromDate": "2023-05-17"}, {"date": "2022-11-07", "symbol": "XNCR", "eps": -0.55, "epsEstimated": -0.77, "time": "amc", "revenue": 27299000, "revenueEstimated": null, "fiscalDateEnding": "2022-09-29", "updatedFromDate": "2023-09-29"}, {"date": "2022-11-07", "symbol": "089860.KS", "eps": -153, "epsEstimated": 1423, "time": "bmo", "revenue": 717681314970, "revenueEstimated": null, "fiscalDateEnding": "2022-09-30", "updatedFromDate": "2023-08-16"}, {"date": "2022-11-07", "symbol": "CPNREIT.BK", "eps": 0.26, "epsEstimated": 0.15, "time": "bmo", "revenue": 1254969000, "revenueEstimated": null, "fiscalDateEnding": "2022-09-30", "updatedFromDate": "2023-08-16"}, {"date": "2022-11-07", "symbol": "RYBIF", "eps": 12.79, "epsEstimated": null, "time": "bmo", "revenue": null, "revenueEstimated": null, "fiscalDateEnding": "2022-09-30", "updatedFromDate": "2023-05-17"}, {"date": "2022-11-07", "symbol": "MPARK.IS", "eps": null, "epsEstimated": null, "time": "bmo", "revenue": null, "revenueEstimated": null, "fiscalDateEnding": "2022-09-30", "updatedFromDate": "2023-08-16"}, {"date": "2022-11-07", "symbol": "PMGYF", "eps": null, "epsEstimated": null, "time": "bmo", "revenue": null, "revenueEstimated": null, "fiscalDateEnding": "2022-09-30", "updatedFromDate": "2023-05-17"}, {"date": "2022-11-07", "symbol": "BNFT", "eps": -0.12, "epsEstimated": -0.14, "time": "amc", "revenue": 56190000, "revenueEstimated": null, "fiscalDateEnding": "2022-09-29", "updatedFromDate": "2023-05-17"}, {"date": "2022-11-07", "symbol": "PETS", "eps": 0.13, "epsEstimated": 0.25, "time": "amc", "revenue": 65394000, "revenueEstimated": null, "fiscalDateEnding": "2022-09-29", "updatedFromDate": "2023-09-29"}, {"date": "2022-11-07", "symbol": "6125.T", "eps": 227.05, "epsEstimated": null, "time": "bmo", "revenue": 10070000000, "revenueEstimated": null, "fiscalDateEnding": "2022-08-07", "updatedFromDate": "2023-10-17"}, {"date": "2022-11-07", "symbol": "9729.T", "eps": 55.11, "epsEstimated": null, "time": "bmo", "revenue": 31547000000, "revenueEstimated": null, "fiscalDateEnding": "2022-08-07", "updatedFromDate": "2023-10-17"}, {"date": "2022-11-07", "symbol": "AMWL", "eps": -0.25, "epsEstimated": -0.26, "time": "amc", "revenue": 69209000, "revenueEstimated": null, "fiscalDateEnding": "2022-09-29", "updatedFromDate": "2023-09-29"}, {"date": "2022-11-07", "symbol": "SNOR.OL", "eps": 2.04, "epsEstimated": 3.07, "time": "bmo", "revenue": 168000000, "revenueEstimated": null, "fiscalDateEnding": "2022-09-30", "updatedFromDate": "2023-05-17"}, {"date": "2022-11-07", "symbol": "4551.TW", "eps": 3.66, "epsEstimated": 2.99, "time": "bmo", "revenue": 2377051000, "revenueEstimated": null, "fiscalDateEnding": "2022-09-30", "updatedFromDate": "2023-05-17"}, {"date": "2022-11-07", "symbol": "8113.T", "eps": 34.84, "epsEstimated": 35.21, "time": "bmo", "revenue": 232935000000, "revenueEstimated": null, "fiscalDateEnding": "2022-09-30", "updatedFromDate": "2023-10-16"}, {"date": "2022-11-07", "symbol": "5301.T", "eps": 32.22, "epsEstimated": null, "time": "bmo", "revenue": 89262000000, "revenueEstimated": null, "fiscalDateEnding": "2022-09-30", "updatedFromDate": "2023-08-16"}, {"date": "2022-11-07", "symbol": "2115.TW", "eps": 0.54, "epsEstimated": null, "time": "bmo", "revenue": 770668000, "revenueEstimated": null, "fiscalDateEnding": "2022-09-30", "updatedFromDate": "2023-08-25"}, {"date": "2022-11-07", "symbol": "8331.T", "eps": 25.01, "epsEstimated": null, "time": "bmo", "revenue": 58043000000, "revenueEstimated": null, "fiscalDateEnding": "2022-08-07", "updatedFromDate": "2023-10-17"}, {"date": "2022-11-07", "symbol": "INBX", "eps": -0.9, "epsEstimated": -1.01, "time": "bmo", "revenue": 278000, "revenueEstimated": null, "fiscalDateEnding": "2022-09-29", "updatedFromDate": "2023-09-29"}, {"date": "2022-11-07", "symbol": "1909.T", "eps": 101.73, "epsEstimated": null, "time": "bmo", "revenue": 9350996000, "revenueEstimated": null, "fiscalDateEnding": "2022-08-07", "updatedFromDate": "2023-10-17"}, {"date": "2022-11-07", "symbol": "BSE.NS", "eps": 3.2, "epsEstimated": null, "time": "bmo", "revenue": 1868400000, "revenueEstimated": null, "fiscalDateEnding": "2022-08-07", "updatedFromDate": "2023-10-17"}, {"date": "2022-11-07", "symbol": "CTIC", "eps": -0.13, "epsEstimated": -0.15, "time": "amc", "revenue": 18241000, "revenueEstimated": null, "fiscalDateEnding": "2022-09-29", "updatedFromDate": "2023-09-29"}, {"date": "2022-11-07", "symbol": "GYUAF", "eps": 13.69, "epsEstimated": 16.6, "time": "bmo", "revenue": null, "revenueEstimated": null, "fiscalDateEnding": "2023-03-31", "updatedFromDate": "2023-05-17"}, {"date": "2022-11-07", "symbol": "9768.T", "eps": 19.26, "epsEstimated": null, "time": "bmo", "revenue": 5104623000, "revenueEstimated": null, "fiscalDateEnding": "2022-09-30", "updatedFromDate": "2023-05-17"}, {"date": "2022-11-07", "symbol": "4674.T", "eps": 54.51, "epsEstimated": null, "time": "bmo", "revenue": 11381180000, "revenueEstimated": null, "fiscalDateEnding": "2022-08-07", "updatedFromDate": "2023-10-17"}, {"date": "2022-11-07", "symbol": "285130.KS", "eps": 1816.45, "epsEstimated": null, "time": "bmo", "revenue": 432545710950, "revenueEstimated": null, "fiscalDateEnding": "2022-09-30", "updatedFromDate": "2023-08-16"}, {"date": "2022-11-07", "symbol": "THS", "eps": 0.18, "epsEstimated": 0.13, "time": "bmo", "revenue": 875000000, "revenueEstimated": null, "fiscalDateEnding": "2022-09-29", "updatedFromDate": "2023-09-29"}, {"date": "2022-11-07", "symbol": "RGEDF", "eps": 442, "epsEstimated": null, "time": "bmo", "revenue": null, "revenueEstimated": null, "fiscalDateEnding": "2022-09-30", "updatedFromDate": "2023-08-16"}, {"date": "2022-11-07", "symbol": "AGMJF", "eps": 1.01, "epsEstimated": 0.92, "time": "bmo", "revenue": null, "revenueEstimated": null, "fiscalDateEnding": "2022-09-30", "updatedFromDate": "2023-08-16"}, {"date": "2022-11-07", "symbol": "MBAKF", "eps": null, "epsEstimated": null, "time": "bmo", "revenue": null, "revenueEstimated": null, "fiscalDateEnding": "2022-09-30", "updatedFromDate": "2023-05-17"}, {"date": "2022-11-07", "symbol": "SCEYF", "eps": 0.38, "epsEstimated": 0.01, "time": "amc", "revenue": null, "revenueEstimated": null, "fiscalDateEnding": "2022-09-30", "updatedFromDate": "2023-08-16"}, {"date": "2022-11-07", "symbol": "ARR.TO", "eps": 0.01, "epsEstimated": 0.018, "time": "bmo", "revenue": null, "revenueEstimated": null, "fiscalDateEnding": "2022-09-30", "updatedFromDate": "2023-08-16"}, {"date": "2022-11-07", "symbol": "ASTL", "eps": 0.28, "epsEstimated": 0.23, "time": "amc", "revenue": 599200000, "revenueEstimated": 642850000, "fiscalDateEnding": "2022-09-30", "updatedFromDate": "2023-09-29"}, {"date": "2022-11-07", "symbol": "4626.T", "eps": 68.85, "epsEstimated": 65.6, "time": "bmo", "revenue": 25757000000, "revenueEstimated": null, "fiscalDateEnding": "2022-08-07", "updatedFromDate": "2023-10-17"}, {"date": "2022-11-07", "symbol": "ARGTF", "eps": 0.02, "epsEstimated": 0.01667, "time": "bmo", "revenue": null, "revenueEstimated": null, "fiscalDateEnding": "2022-09-30", "updatedFromDate": "2023-08-25"}, {"date": "2022-11-07", "symbol": "SVMRF", "eps": -0.03, "epsEstimated": 0.17, "time": "bmo", "revenue": null, "revenueEstimated": null, "fiscalDateEnding": "2022-09-30", "updatedFromDate": "2023-08-16"}, {"date": "2022-11-07", "symbol": "CENX", "eps": -0.34, "epsEstimated": -0.63, "time": "amc", "revenue": 637200000, "revenueEstimated": null, "fiscalDateEnding": "2022-09-29", "updatedFromDate": "2023-09-29"}, {"date": "2022-11-07", "symbol": "KRRGF", "eps": 0.04, "epsEstimated": 0.05, "time": "bmo", "revenue": 81326000, "revenueEstimated": null, "fiscalDateEnding": "2022-09-30", "updatedFromDate": "2023-08-16"}, {"date": "2022-11-07", "symbol": "BLDP", "eps": -0.14, "epsEstimated": -0.14, "time": "bmo", "revenue": 21343000, "revenueEstimated": null, "fiscalDateEnding": "2022-09-30", "updatedFromDate": "2023-09-29"}, {"date": "2022-11-07", "symbol": "GNE", "eps": 0.85, "epsEstimated": null, "time": "bmo", "revenue": 81285000, "revenueEstimated": null, "fiscalDateEnding": "2022-09-29", "updatedFromDate": "2023-09-29"}, {"date": "2022-11-07", "symbol": "HCWB", "eps": -0.14, "epsEstimated": -0.12, "time": "bmo", "revenue": 1809025, "revenueEstimated": null, "fiscalDateEnding": "2022-09-29", "updatedFromDate": "2023-09-29"}, {"date": "2022-11-07", "symbol": "2023.TW", "eps": -0.19, "epsEstimated": null, "time": "bmo", "revenue": 20377992000, "revenueEstimated": null, "fiscalDateEnding": "2022-09-30", "updatedFromDate": "2023-08-16"}, {"date": "2022-11-07", "symbol": "AMR", "eps": 14.21, "epsEstimated": 16.81, "time": "bmo", "revenue": 869768000, "revenueEstimated": null, "fiscalDateEnding": "2022-09-29", "updatedFromDate": "2023-09-29"}, {"date": "2022-11-07", "symbol": "USSJF", "eps": 29.35, "epsEstimated": null, "time": "bmo", "revenue": null, "revenueEstimated": null, "fiscalDateEnding": "2023-03-31", "updatedFromDate": "2023-08-16"}, {"date": "2022-11-07", "symbol": "MURGF", "eps": 3.79, "epsEstimated": -2.95, "time": "bmo", "revenue": 18034000000, "revenueEstimated": null, "fiscalDateEnding": "2022-09-30", "updatedFromDate": "2023-08-16"}, {"date": "2022-11-07", "symbol": "LTRPB", "eps": -0.39, "epsEstimated": null, "time": "bmo", "revenue": 459000000, "revenueEstimated": null, "fiscalDateEnding": "2022-09-29", "updatedFromDate": "2023-09-29"}, {"date": "2022-11-07", "symbol": "ESTA", "eps": -0.76, "epsEstimated": -0.49, "time": "amc", "revenue": 38245000, "revenueEstimated": null, "fiscalDateEnding": "2022-09-29", "updatedFromDate": "2023-09-29"}, {"date": "2022-11-07", "symbol": "3950.T", "eps": 43.56, "epsEstimated": null, "time": "bmo", "revenue": 20864000000, "revenueEstimated": null, "fiscalDateEnding": "2022-09-30", "updatedFromDate": "2023-05-17"}, {"date": "2022-11-07", "symbol": "CRON.TO", "eps": -0.1, "epsEstimated": -0.06, "time": "bmo", "revenue": 20923000, "revenueEstimated": null, "fiscalDateEnding": "2022-09-30", "updatedFromDate": "2023-08-16"}, {"date": "2022-11-07", "symbol": "FGEN", "eps": -0.98, "epsEstimated": -0.83, "time": "amc", "revenue": 15735000, "revenueEstimated": null, "fiscalDateEnding": "2022-09-29", "updatedFromDate": "2023-09-29"}, {"date": "2022-11-07", "symbol": "FUWAF", "eps": 31.08, "epsEstimated": 87.97, "time": "bmo", "revenue": null, "revenueEstimated": null, "fiscalDateEnding": "2023-03-31", "updatedFromDate": "2023-08-16"}, {"date": "2022-11-07", "symbol": "IFF", "eps": 1.36, "epsEstimated": 1.3, "time": "amc", "revenue": 3063000000, "revenueEstimated": null, "fiscalDateEnding": "2022-09-29", "updatedFromDate": "2023-09-29"}, {"date": "2022-11-07", "symbol": "FLL", "eps": -0.1, "epsEstimated": -0.0175, "time": "amc", "revenue": 41393000, "revenueEstimated": null, "fiscalDateEnding": "2022-09-29", "updatedFromDate": "2023-09-29"}, {"date": "2022-11-07", "symbol": "BBGI", "eps": 0.02, "epsEstimated": 0.00778, "time": "bmo", "revenue": 63823288, "revenueEstimated": null, "fiscalDateEnding": "2022-09-29", "updatedFromDate": "2023-09-29"}, {"date": "2022-11-07", "symbol": "FOUR", "eps": 0.44, "epsEstimated": 0.42, "time": "bmo", "revenue": 547300000, "revenueEstimated": null, "fiscalDateEnding": "2022-09-29", "updatedFromDate": "2023-09-29"}, {"date": "2022-11-07", "symbol": "TFPM.TO", "eps": 0.09, "epsEstimated": 0.09, "time": "bmo", "revenue": 33754000, "revenueEstimated": null, "fiscalDateEnding": "2022-09-30", "updatedFromDate": "2023-05-17"}, {"date": "2022-11-07", "symbol": "MIMNF", "eps": null, "epsEstimated": null, "time": "bmo", "revenue": null, "revenueEstimated": null, "fiscalDateEnding": "2022-09-30", "updatedFromDate": "2023-08-16"}, {"date": "2022-11-07", "symbol": "STGO.TO", "eps": 0.16, "epsEstimated": 0.08, "time": "bmo", "revenue": 21710000, "revenueEstimated": null, "fiscalDateEnding": "2022-09-30", "updatedFromDate": "2023-08-16"}, {"date": "2022-11-07", "symbol": "UIS", "eps": 0.05, "epsEstimated": -0.12, "time": "amc", "revenue": 461200000, "revenueEstimated": null, "fiscalDateEnding": "2022-09-29", "updatedFromDate": "2023-09-29"}, {"date": "2022-11-07", "symbol": "BTB-UN.TO", "eps": 0.1372, "epsEstimated": null, "time": "bmo", "revenue": 29962000, "revenueEstimated": null, "fiscalDateEnding": "2022-09-30", "updatedFromDate": "2023-05-17"}, {"date": "2022-11-07", "symbol": "TRC", "eps": 0.38, "epsEstimated": 0.16, "time": "bmo", "revenue": 31475000, "revenueEstimated": null, "fiscalDateEnding": "2022-09-29", "updatedFromDate": "2023-09-29"}, {"date": "2022-11-07", "symbol": "020000.KS", "eps": 982, "epsEstimated": null, "time": "bmo", "revenue": 341442168950, "revenueEstimated": null, "fiscalDateEnding": "2022-09-30", "updatedFromDate": "2023-08-16"}, {"date": "2022-11-07", "symbol": "III.TO", "eps": -0.18043, "epsEstimated": null, "time": "bmo", "revenue": 41688000, "revenueEstimated": null, "fiscalDateEnding": "2022-09-30", "updatedFromDate": "2023-05-17"}, {"date": "2022-11-07", "symbol": "RJH.BK", "eps": 0.34, "epsEstimated": 0.41, "time": "bmo", "revenue": 590567000, "revenueEstimated": null, "fiscalDateEnding": "2022-09-30", "updatedFromDate": "2023-08-16"}, {"date": "2022-11-07", "symbol": "TPGY", "eps": null, "epsEstimated": null, "time": "amc", "revenue": null, "revenueEstimated": null, "fiscalDateEnding": "2022-09-29", "updatedFromDate": "2023-05-17"}, {"date": "2022-11-07", "symbol": "TTEN3.SA", "eps": 0.34, "epsEstimated": 0.42, "time": "bmo", "revenue": null, "revenueEstimated": null, "fiscalDateEnding": "2022-09-30", "updatedFromDate": "2023-08-16"}, {"date": "2022-11-07", "symbol": "9304.T", "eps": 88.79, "epsEstimated": null, "time": "bmo", "revenue": 18646000000, "revenueEstimated": null, "fiscalDateEnding": "2022-08-07", "updatedFromDate": "2023-10-17"}, {"date": "2022-11-07", "symbol": "CARM", "eps": 2, "epsEstimated": 3.1, "time": "bmo", "revenue": 40000000, "revenueEstimated": null, "fiscalDateEnding": "2022-09-29", "updatedFromDate": "2023-09-29"}, {"date": "2022-11-07", "symbol": "AGHOL.IS", "eps": 7.26, "epsEstimated": null, "time": "bmo", "revenue": 55323186000, "revenueEstimated": null, "fiscalDateEnding": "2022-09-30", "updatedFromDate": "2023-05-17"}, {"date": "2022-11-07", "symbol": "WJX.TO", "eps": 0.75, "epsEstimated": 0.73, "time": "bmo", "revenue": 470775000, "revenueEstimated": null, "fiscalDateEnding": "2022-09-30", "updatedFromDate": "2023-05-17"}, {"date": "2022-11-07", "symbol": "CRNT", "eps": 0.05, "epsEstimated": -0.01, "time": "bmo", "revenue": 78649000, "revenueEstimated": null, "fiscalDateEnding": "2022-09-30", "updatedFromDate": "2023-09-29"}, {"date": "2022-11-07", "symbol": "INE.TO", "eps": 0.114, "epsEstimated": 0.13, "time": "bmo", "revenue": 258389000, "revenueEstimated": null, "fiscalDateEnding": "2022-09-30", "updatedFromDate": "2023-05-17"}, {"date": "2022-11-07", "symbol": "LGND", "eps": 0.41, "epsEstimated": 0.45, "time": "amc", "revenue": 66088000, "revenueEstimated": null, "fiscalDateEnding": "2022-09-29", "updatedFromDate": "2023-09-29"}, {"date": "2022-11-07", "symbol": "FINGF", "eps": 0.97, "epsEstimated": 0.73, "time": "amc", "revenue": 2384000000, "revenueEstimated": null, "fiscalDateEnding": "2022-09-30", "updatedFromDate": "2023-08-16"}, {"date": "2022-11-07", "symbol": "IPNAF", "eps": null, "epsEstimated": null, "time": "bmo", "revenue": null, "revenueEstimated": null, "fiscalDateEnding": "2022-12-31", "updatedFromDate": "2023-05-17"}, {"date": "2022-11-07", "symbol": "3612.T", "eps": -21.79, "epsEstimated": null, "time": "bmo", "revenue": 50532000000, "revenueEstimated": null, "fiscalDateEnding": "2022-08-07", "updatedFromDate": "2023-10-17"}, {"date": "2022-11-07", "symbol": "CECE", "eps": 0.06211, "epsEstimated": 0.11, "time": "bmo", "revenue": 108414000, "revenueEstimated": null, "fiscalDateEnding": "2022-09-29", "updatedFromDate": "2023-08-16"}, {"date": "2022-11-07", "symbol": "TNXP", "eps": -4.31, "epsEstimated": -4.5, "time": "bmo", "revenue": 9739000, "revenueEstimated": null, "fiscalDateEnding": "2022-09-29", "updatedFromDate": "2023-09-29"}, {"date": "2022-11-07", "symbol": "6698.TW", "eps": -0.25, "epsEstimated": null, "time": "bmo", "revenue": 275700000, "revenueEstimated": null, "fiscalDateEnding": "2022-09-30", "updatedFromDate": "2023-05-17"}, {"date": "2022-11-07", "symbol": "SFGIF", "eps": 24.41, "epsEstimated": null, "time": "bmo", "revenue": null, "revenueEstimated": null, "fiscalDateEnding": "2022-09-30", "updatedFromDate": "2023-08-16"}, {"date": "2022-11-07", "symbol": "SNPHF", "eps": -72.84, "epsEstimated": null, "time": "bmo", "revenue": 65533000000, "revenueEstimated": 480000, "fiscalDateEnding": "2022-08-07", "updatedFromDate": "2023-10-17"}, {"date": "2022-11-07", "symbol": "3837.T", "eps": 23.94, "epsEstimated": null, "time": "bmo", "revenue": 3051483000, "revenueEstimated": null, "fiscalDateEnding": "2022-08-07", "updatedFromDate": "2023-10-17"}, {"date": "2022-11-07", "symbol": "SSL.TO", "eps": 0.03, "epsEstimated": 0.028, "time": "bmo", "revenue": 38951000, "revenueEstimated": null, "fiscalDateEnding": "2022-09-30", "updatedFromDate": "2023-10-16"}, {"date": "2022-11-07", "symbol": "DWHHF", "eps": null, "epsEstimated": null, "time": "bmo", "revenue": null, "revenueEstimated": null, "fiscalDateEnding": "2022-09-30", "updatedFromDate": "2023-09-29"}, {"date": "2022-11-07", "symbol": "KSPHF", "eps": 36.67, "epsEstimated": 24, "time": "bmo", "revenue": null, "revenueEstimated": null, "fiscalDateEnding": "2023-03-31", "updatedFromDate": "2023-08-16"}, {"date": "2022-11-07", "symbol": "AWR", "eps": 0.69, "epsEstimated": 0.71, "time": "amc", "revenue": 134984000, "revenueEstimated": null, "fiscalDateEnding": "2022-09-29", "updatedFromDate": "2023-09-29"}, {"date": "2022-11-07", "symbol": "IHICF", "eps": 83.44, "epsEstimated": 65.9, "time": "bmo", "revenue": 264290000000, "revenueEstimated": null, "fiscalDateEnding": "2022-08-07", "updatedFromDate": "2023-10-17"}, {"date": "2022-11-07", "symbol": "8999.T", "eps": 17.78, "epsEstimated": null, "time": "bmo", "revenue": 13925325000, "revenueEstimated": null, "fiscalDateEnding": "2022-08-07", "updatedFromDate": "2023-10-17"}, {"date": "2022-11-07", "symbol": "BKD", "eps": -0.15, "epsEstimated": -0.13, "time": "amc", "revenue": 690699000, "revenueEstimated": null, "fiscalDateEnding": "2022-09-29", "updatedFromDate": "2023-09-29"}, {"date": "2022-11-07", "symbol": "THNC.TO", "eps": -0.13, "epsEstimated": -0.1, "time": "bmo", "revenue": 13262961, "revenueEstimated": null, "fiscalDateEnding": "2022-09-30", "updatedFromDate": "2023-05-17"}, {"date": "2022-11-07", "symbol": "7272.T", "eps": 147.63, "epsEstimated": 97.45, "time": "bmo", "revenue": null, "revenueEstimated": null, "fiscalDateEnding": "2022-08-07", "updatedFromDate": "2023-05-17"}, {"date": "2022-11-07", "symbol": "PGMN3.SA", "eps": 0.19, "epsEstimated": 0.07, "time": "bmo", "revenue": null, "revenueEstimated": null, "fiscalDateEnding": "2022-09-30", "updatedFromDate": "2023-08-16"}, {"date": "2022-11-07", "symbol": "PHXHF", "eps": 0.27, "epsEstimated": 0.17, "time": "bmo", "revenue": null, "revenueEstimated": null, "fiscalDateEnding": "2022-09-30", "updatedFromDate": "2023-08-16"}, {"date": "2022-11-07", "symbol": "BLUE", "eps": -0.92, "epsEstimated": -1.28, "time": "bmo", "revenue": 71000, "revenueEstimated": null, "fiscalDateEnding": "2022-09-29", "updatedFromDate": "2023-09-29"}, {"date": "2022-11-07", "symbol": "KOS.L", "eps": 0.19, "epsEstimated": null, "time": "bmo", "revenue": 456056000, "revenueEstimated": null, "fiscalDateEnding": "2022-09-30", "updatedFromDate": "2023-08-25"}, {"date": "2022-11-07", "symbol": "PRDS", "eps": 0.4, "epsEstimated": 0.49, "time": "bmo", "revenue": null, "revenueEstimated": null, "fiscalDateEnding": "2022-09-29", "updatedFromDate": "2023-09-29"}, {"date": "2022-11-07", "symbol": "VORB", "eps": -0.13, "epsEstimated": -0.13, "time": "amc", "revenue": 83000, "revenueEstimated": 10190000, "fiscalDateEnding": "2022-08-07", "updatedFromDate": "2023-09-29"}, {"date": "2022-11-07", "symbol": "THKLY", "eps": 0.26, "epsEstimated": null, "time": "bmo", "revenue": 100865000000, "revenueEstimated": null, "fiscalDateEnding": "2022-09-30", "updatedFromDate": "2023-09-29"}, {"date": "2022-11-07", "symbol": "2802.T", "eps": 35.95, "epsEstimated": 39.39, "time": "bmo", "revenue": 321619000000, "revenueEstimated": null, "fiscalDateEnding": "2022-08-07", "updatedFromDate": "2023-10-17"}, {"date": "2022-11-07", "symbol": "DIRR3.SA", "eps": 0.42, "epsEstimated": 0.41, "time": "bmo", "revenue": null, "revenueEstimated": null, "fiscalDateEnding": "2022-09-30", "updatedFromDate": "2023-05-17"}, {"date": "2022-11-07", "symbol": "PKOH", "eps": 0.52, "epsEstimated": 0.44, "time": "amc", "revenue": 435800000, "revenueEstimated": null, "fiscalDateEnding": "2022-09-29", "updatedFromDate": "2023-09-29"}, {"date": "2022-11-07", "symbol": "ELMD3.SA", "eps": 0.22, "epsEstimated": 0.1, "time": "bmo", "revenue": null, "revenueEstimated": null, "fiscalDateEnding": "2022-09-30", "updatedFromDate": "2023-05-17"}, {"date": "2022-11-07", "symbol": "6546.T", "eps": 21.77, "epsEstimated": null, "time": "bmo", "revenue": 2829753000, "revenueEstimated": null, "fiscalDateEnding": "2022-09-30", "updatedFromDate": "2023-10-16"}, {"date": "2022-11-07", "symbol": "RVMD", "eps": -0.87, "epsEstimated": -0.87, "time": "amc", "revenue": 15330000, "revenueEstimated": null, "fiscalDateEnding": "2022-08-07", "updatedFromDate": "2023-10-10"}, {"date": "2022-11-07", "symbol": "CGAU", "eps": -0.06, "epsEstimated": -0.04714, "time": "bmo", "revenue": 179013000, "revenueEstimated": null, "fiscalDateEnding": "2022-09-30", "updatedFromDate": "2023-09-29"}, {"date": "2022-11-07", "symbol": "SAND", "eps": 0.05, "epsEstimated": 0.0463, "time": "bmo", "revenue": 38951000, "revenueEstimated": null, "fiscalDateEnding": "2022-09-30", "updatedFromDate": "2023-09-29"}, {"date": "2022-11-07", "symbol": "PRDO", "eps": 0.39, "epsEstimated": 0.29, "time": "amc", "revenue": 168420000, "revenueEstimated": null, "fiscalDateEnding": "2022-09-29", "updatedFromDate": "2023-09-29"}, {"date": "2022-11-07", "symbol": "1938.T", "eps": 2.38, "epsEstimated": null, "time": "bmo", "revenue": 7999643000, "revenueEstimated": null, "fiscalDateEnding": "2022-08-07", "updatedFromDate": "2023-10-17"}, {"date": "2022-11-07", "symbol": "RWLK", "eps": -0.09, "epsEstimated": -0.06, "time": "bmo", "revenue": 886000, "revenueEstimated": null, "fiscalDateEnding": "2022-09-29", "updatedFromDate": "2023-09-29"}, {"date": "2022-11-07", "symbol": "TBPH", "eps": -0.21, "epsEstimated": -0.22, "time": "amc", "revenue": 12451000, "revenueEstimated": null, "fiscalDateEnding": "2022-09-29", "updatedFromDate": "2023-09-29"}, {"date": "2022-11-07", "symbol": "PAM", "eps": 3.2, "epsEstimated": 1.22, "time": "bmo", "revenue": 470710102.142562, "revenueEstimated": null, "fiscalDateEnding": "2022-09-30", "updatedFromDate": "2023-09-29"}, {"date": "2022-11-07", "symbol": "DKILF", "eps": 293.28, "epsEstimated": 253.41, "time": "bmo", "revenue": 967755000000, "revenueEstimated": null, "fiscalDateEnding": "2022-08-07", "updatedFromDate": "2023-10-17"}, {"date": "2022-11-07", "symbol": "DHT", "eps": 0.03, "epsEstimated": 0.00429, "time": "amc", "revenue": 109938000, "revenueEstimated": null, "fiscalDateEnding": "2022-09-30", "updatedFromDate": "2023-09-29"}, {"date": "2022-11-07", "symbol": "6569.T", "eps": 4.85, "epsEstimated": null, "time": "bmo", "revenue": 20501000000, "revenueEstimated": null, "fiscalDateEnding": "2022-08-07", "updatedFromDate": "2023-10-17"}, {"date": "2022-11-07", "symbol": "4923.T", "eps": 2.38, "epsEstimated": null, "time": "bmo", "revenue": 1582936000, "revenueEstimated": null, "fiscalDateEnding": "2022-08-07", "updatedFromDate": "2023-10-17"}, {"date": "2022-11-07", "symbol": "IPXHF", "eps": 60.6, "epsEstimated": 57.3, "time": "bmo", "revenue": null, "revenueEstimated": null, "fiscalDateEnding": "2022-09-30", "updatedFromDate": "2023-05-17"}, {"date": "2022-11-07", "symbol": "SGC", "eps": 0.27, "epsEstimated": 0.12, "time": "amc", "revenue": 138703000, "revenueEstimated": null, "fiscalDateEnding": "2022-09-29", "updatedFromDate": "2023-09-29"}, {"date": "2022-11-07", "symbol": "ACCO", "eps": 0.25, "epsEstimated": 0.24, "time": "amc", "revenue": 485600000, "revenueEstimated": null, "fiscalDateEnding": "2022-09-29", "updatedFromDate": "2023-09-29"}, {"date": "2022-11-07", "symbol": "ECOM", "eps": 0.23, "epsEstimated": 0.19, "time": "bmo", "revenue": 43490000, "revenueEstimated": null, "fiscalDateEnding": "2022-09-29", "updatedFromDate": "2023-05-17"}, {"date": "2022-11-07", "symbol": "TINLY", "eps": 0.03, "epsEstimated": null, "time": "bmo", "revenue": 243834000000, "revenueEstimated": null, "fiscalDateEnding": "2022-08-07", "updatedFromDate": "2023-10-17"}, {"date": "2022-11-07", "symbol": "AMLM", "eps": null, "epsEstimated": null, "time": "bmo", "revenue": null, "revenueEstimated": null, "fiscalDateEnding": "2022-09-30", "updatedFromDate": "2023-05-17"}, {"date": "2022-11-07", "symbol": "IVTBF", "eps": null, "epsEstimated": null, "time": "bmo", "revenue": null, "revenueEstimated": null, "fiscalDateEnding": "2022-09-30", "updatedFromDate": "2023-05-17"}, {"date": "2022-11-07", "symbol": "WPRT", "eps": -0.7, "epsEstimated": -0.7, "time": "amc", "revenue": 71182000, "revenueEstimated": null, "fiscalDateEnding": "2022-09-30", "updatedFromDate": "2023-09-29"}, {"date": "2022-11-07", "symbol": "BBQ", "eps": null, "epsEstimated": 0.39, "time": "bmo", "revenue": null, "revenueEstimated": 79450000, "fiscalDateEnding": "2022-10-02", "updatedFromDate": "2023-05-17"}, {"date": "2022-11-07", "symbol": "3464.T", "eps": 99.29, "epsEstimated": null, "time": "bmo", "revenue": 8066737000, "revenueEstimated": null, "fiscalDateEnding": "2022-08-07", "updatedFromDate": "2023-10-17"}, {"date": "2022-11-07", "symbol": "AMTI", "eps": -0.65, "epsEstimated": -0.66, "time": "bmo", "revenue": null, "revenueEstimated": null, "fiscalDateEnding": "2022-09-29", "updatedFromDate": "2023-09-29"}, {"date": "2022-11-07", "symbol": "HSYDF", "eps": 18.19, "epsEstimated": 21.45, "time": "bmo", "revenue": null, "revenueEstimated": null, "fiscalDateEnding": "2023-03-31", "updatedFromDate": "2023-05-17"}, {"date": "2022-11-07", "symbol": "8213.TW", "eps": 1.1, "epsEstimated": null, "time": "bmo", "revenue": 4263665000, "revenueEstimated": null, "fiscalDateEnding": "2022-09-30", "updatedFromDate": "2023-05-17"}, {"date": "2022-11-07", "symbol": "SLS.TO", "eps": -0.12, "epsEstimated": -0.09, "time": "bmo", "revenue": null, "revenueEstimated": null, "fiscalDateEnding": "2022-09-30", "updatedFromDate": "2023-05-17"}, {"date": "2022-11-07", "symbol": "CECO", "eps": 0.2, "epsEstimated": 0.14, "time": "bmo", "revenue": 108414000, "revenueEstimated": null, "fiscalDateEnding": "2022-09-30", "updatedFromDate": "2023-09-29"}, {"date": "2022-11-07", "symbol": "DINO", "eps": 4.58, "epsEstimated": 4.21, "time": "bmo", "revenue": 10599002000, "revenueEstimated": null, "fiscalDateEnding": "2022-09-29", "updatedFromDate": "2023-09-29"}, {"date": "2022-11-07", "symbol": "2207.T", "eps": 1.72, "epsEstimated": null, "time": "bmo", "revenue": 4991000000, "revenueEstimated": null, "fiscalDateEnding": "2022-08-07", "updatedFromDate": "2023-10-17"}, {"date": "2022-11-07", "symbol": "5261.T", "eps": -43.94, "epsEstimated": null, "time": "bmo", "revenue": 8236571000, "revenueEstimated": null, "fiscalDateEnding": "2022-08-07", "updatedFromDate": "2023-10-17"}, {"date": "2022-11-07", "symbol": "OSH", "eps": -0.56, "epsEstimated": -0.63, "time": "amc", "revenue": 545700000, "revenueEstimated": null, "fiscalDateEnding": "2022-09-29", "updatedFromDate": "2023-09-29"}, {"date": "2022-11-07", "symbol": "OCUL", "eps": -0.3, "epsEstimated": -0.23, "time": "amc", "revenue": 11965000, "revenueEstimated": null, "fiscalDateEnding": "2022-09-29", "updatedFromDate": "2023-09-29"}, {"date": "2022-11-07", "symbol": "6364.T", "eps": 42.36, "epsEstimated": null, "time": "bmo", "revenue": 10506661000, "revenueEstimated": null, "fiscalDateEnding": "2022-08-07", "updatedFromDate": "2023-10-17"}, {"date": "2022-11-07", "symbol": "AGO", "eps": 2.11, "epsEstimated": 0.84, "time": "amc", "revenue": 22000000, "revenueEstimated": null, "fiscalDateEnding": "2022-09-29", "updatedFromDate": "2023-09-29"}, {"date": "2022-11-07", "symbol": "6062.T", "eps": 11.1, "epsEstimated": null, "time": "bmo", "revenue": 7463029000, "revenueEstimated": null, "fiscalDateEnding": "2022-08-07", "updatedFromDate": "2023-10-17"}, {"date": "2022-11-07", "symbol": "TWOU", "eps": -0.05, "epsEstimated": -0.02708, "time": "amc", "revenue": 232238000, "revenueEstimated": null, "fiscalDateEnding": "2022-09-29", "updatedFromDate": "2023-09-29"}, {"date": "2022-11-07", "symbol": "IKNA", "eps": -0.48, "epsEstimated": -0.5, "time": "bmo", "revenue": 6402000, "revenueEstimated": null, "fiscalDateEnding": "2022-09-29", "updatedFromDate": "2023-09-29"}, {"date": "2022-11-07", "symbol": "HLIO", "eps": 0.9, "epsEstimated": 0.98, "time": "bmo", "revenue": 207205000, "revenueEstimated": null, "fiscalDateEnding": "2022-09-30", "updatedFromDate": "2023-09-29"}, {"date": "2022-11-07", "symbol": "MAPS", "eps": -0.06, "epsEstimated": -0.06, "time": "amc", "revenue": 50500000, "revenueEstimated": null, "fiscalDateEnding": "2022-09-29", "updatedFromDate": "2023-09-29"}, {"date": "2022-11-07", "symbol": "VERV", "eps": -0.79, "epsEstimated": -0.75, "time": "bmo", "revenue": 929000, "revenueEstimated": null, "fiscalDateEnding": "2022-09-29", "updatedFromDate": "2023-09-29"}, {"date": "2022-11-07", "symbol": "VRCA", "eps": 0.07, "epsEstimated": -0.11, "time": "bmo", "revenue": 8319000, "revenueEstimated": null, "fiscalDateEnding": "2022-09-29", "updatedFromDate": "2023-09-29"}, {"date": "2022-11-07", "symbol": "3774.T", "eps": 23.51, "epsEstimated": null, "time": "bmo", "revenue": 58190000000, "revenueEstimated": null, "fiscalDateEnding": "2022-08-07", "updatedFromDate": "2023-10-17"}, {"date": "2022-11-07", "symbol": "NNI", "eps": 1.73, "epsEstimated": 1.75, "time": "amc", "revenue": 346427000, "revenueEstimated": null, "fiscalDateEnding": "2022-09-29", "updatedFromDate": "2023-09-29"}, {"date": "2022-11-08", "symbol": "VTNR", "eps": -0.01, "epsEstimated": -0.00536, "time": "bmo", "revenue": 810208000, "revenueEstimated": null, "fiscalDateEnding": "2022-09-29", "updatedFromDate": "2023-09-29"}, {"date": "2022-11-08", "symbol": "LIFW", "eps": 0.19, "epsEstimated": 0.54, "time": "bmo", "revenue": null, "revenueEstimated": null, "fiscalDateEnding": "2022-08-08", "updatedFromDate": "2023-09-29"}, {"date": "2022-11-08", "symbol": "PRGO", "eps": 0.56, "epsEstimated": 0.66, "time": "bmo", "revenue": 1100200000, "revenueEstimated": null, "fiscalDateEnding": "2022-09-30", "updatedFromDate": "2023-09-29"}, {"date": "2022-11-08", "symbol": "0L85.L", "eps": -0.2, "epsEstimated": -0.25, "time": "bmo", "revenue": null, "revenueEstimated": null, "fiscalDateEnding": "2022-09-30", "updatedFromDate": "2023-08-16"}, {"date": "2022-11-08", "symbol": "SHMUY", "eps": 0.11, "epsEstimated": null, "time": "bmo", "revenue": 384714000000, "revenueEstimated": null, "fiscalDateEnding": "2022-08-08", "updatedFromDate": "2023-10-17"}, {"date": "2022-11-08", "symbol": "LFST", "eps": -0.11, "epsEstimated": -0.15, "time": "amc", "revenue": 217560000, "revenueEstimated": null, "fiscalDateEnding": "2022-09-29", "updatedFromDate": "2023-09-29"}, {"date": "2022-11-08", "symbol": "LUG.ST", "eps": 0.09, "epsEstimated": null, "time": "bmo", "revenue": 210425000, "revenueEstimated": null, "fiscalDateEnding": "2022-09-30", "updatedFromDate": "2023-10-16"}, {"date": "2022-11-08", "symbol": "MUSTI.HE", "eps": 0.27, "epsEstimated": 0.24, "time": "bmo", "revenue": 101846000, "revenueEstimated": null, "fiscalDateEnding": "2022-09-30", "updatedFromDate": "2023-05-17"}, {"date": "2022-11-08", "symbol": "MYTAY", "eps": 0.22, "epsEstimated": null, "time": "bmo", "revenue": 190915000000, "revenueEstimated": null, "fiscalDateEnding": "2022-09-30", "updatedFromDate": "2023-09-29"}, {"date": "2022-11-08", "symbol": "GRP-UN", "eps": -1.42363, "epsEstimated": null, "time": "bmo", "revenue": 111605000, "revenueEstimated": null, "fiscalDateEnding": "2022-09-30", "updatedFromDate": "2023-05-17"}, {"date": "2022-11-08", "symbol": "IAU.TO", "eps": -0.06, "epsEstimated": -0.05, "time": "bmo", "revenue": 16065000, "revenueEstimated": null, "fiscalDateEnding": "2022-09-30", "updatedFromDate": "2023-05-17"}, {"date": "2022-11-08", "symbol": "EGTX.ST", "eps": -0.3, "epsEstimated": -0.18, "time": "bmo", "revenue": 5100000, "revenueEstimated": null, "fiscalDateEnding": "2022-09-30", "updatedFromDate": "2023-05-17"}, {"date": "2022-11-08", "symbol": "AXGN", "eps": -0.01, "epsEstimated": -0.15, "time": "bmo", "revenue": 36959000, "revenueEstimated": null, "fiscalDateEnding": "2022-09-29", "updatedFromDate": "2023-09-29"}, {"date": "2022-11-08", "symbol": "WBGR-B.ST", "eps": -1.73155, "epsEstimated": null, "time": "bmo", "revenue": 1101000000, "revenueEstimated": null, "fiscalDateEnding": "2022-09-30", "updatedFromDate": "2023-05-17"}, {"date": "2022-11-08", "symbol": "ALEC", "eps": -0.56, "epsEstimated": -0.43, "time": "bmo", "revenue": 14852000, "revenueEstimated": null, "fiscalDateEnding": "2022-09-29", "updatedFromDate": "2023-09-29"}, {"date": "2022-11-08", "symbol": "CRBU", "eps": -0.44, "epsEstimated": -0.48, "time": "bmo", "revenue": 3303000, "revenueEstimated": null, "fiscalDateEnding": "2022-09-29", "updatedFromDate": "2023-09-29"}, {"date": "2022-11-08", "symbol": "CRD.B", "eps": 0.16, "epsEstimated": 0.21, "time": "bmo", "revenue": null, "revenueEstimated": null, "fiscalDateEnding": "2022-09-30", "updatedFromDate": "2023-09-29"}, {"date": "2022-11-08", "symbol": "AVD", "eps": 0.23, "epsEstimated": 0.26, "time": "amc", "revenue": 152117000, "revenueEstimated": null, "fiscalDateEnding": "2022-09-29", "updatedFromDate": "2023-09-29"}, {"date": "2022-11-08", "symbol": "PTGX", "eps": -0.64, "epsEstimated": -0.94, "time": "bmo", "revenue": null, "revenueEstimated": null, "fiscalDateEnding": "2022-09-29", "updatedFromDate": "2023-09-29"}, {"date": "2022-11-08", "symbol": "DKSSF", "eps": 47.63, "epsEstimated": 23.68, "time": "bmo", "revenue": null, "revenueEstimated": null, "fiscalDateEnding": "2022-09-30", "updatedFromDate": "2023-05-17"}, {"date": "2022-11-08", "symbol": "9045.T", "eps": 22.82, "epsEstimated": null, "time": "bmo", "revenue": 64039000000, "revenueEstimated": null, "fiscalDateEnding": "2022-08-08", "updatedFromDate": "2023-10-17"}, {"date": "2022-11-08", "symbol": "MBR.WA", "eps": 6.85, "epsEstimated": null, "time": "bmo", "revenue": 70561094, "revenueEstimated": null, "fiscalDateEnding": "2022-08-08", "updatedFromDate": "2023-05-17"}, {"date": "2022-11-08", "symbol": "RPHM", "eps": -0.53, "epsEstimated": -0.58, "time": "bmo", "revenue": null, "revenueEstimated": null, "fiscalDateEnding": "2022-09-29", "updatedFromDate": "2023-09-29"}, {"date": "2022-11-08", "symbol": "3964.T", "eps": 36.31, "epsEstimated": null, "time": "bmo", "revenue": 9882499000, "revenueEstimated": null, "fiscalDateEnding": "2022-09-30", "updatedFromDate": "2023-05-17"}, {"date": "2022-11-08", "symbol": "7358.T", "eps": 14.64, "epsEstimated": null, "time": "bmo", "revenue": 6501000000, "revenueEstimated": null, "fiscalDateEnding": "2022-09-30", "updatedFromDate": "2023-05-17"}, {"date": "2022-11-08", "symbol": "CRCT", "eps": 0.06, "epsEstimated": 0.07, "time": "amc", "revenue": 176996000, "revenueEstimated": null, "fiscalDateEnding": "2022-09-29", "updatedFromDate": "2023-09-29"}, {"date": "2022-11-08", "symbol": "CHPGF", "eps": null, "epsEstimated": null, "time": "amc", "revenue": null, "revenueEstimated": null, "fiscalDateEnding": "2022-09-30", "updatedFromDate": "2023-05-17"}, {"date": "2022-11-08", "symbol": "8050.T", "eps": 86.89, "epsEstimated": 31.5, "time": "bmo", "revenue": 62078000000, "revenueEstimated": null, "fiscalDateEnding": "2022-08-08", "updatedFromDate": "2023-10-17"}, {"date": "2022-11-08", "symbol": "EVRI", "eps": 0.3, "epsEstimated": 0.34, "time": "bmo", "revenue": 204318000, "revenueEstimated": null, "fiscalDateEnding": "2022-09-29", "updatedFromDate": "2023-09-29"}, {"date": "2022-11-08", "symbol": "MBK.WA", "eps": -53.64281, "epsEstimated": null, "time": "bmo", "revenue": 1300618000, "revenueEstimated": null, "fiscalDateEnding": "2022-09-30", "updatedFromDate": "2023-05-17"}, {"date": "2022-11-08", "symbol": "RAY-A.TO", "eps": 0.15, "epsEstimated": 0.21, "time": "bmo", "revenue": 78136000, "revenueEstimated": null, "fiscalDateEnding": "2022-08-08", "updatedFromDate": "2023-10-17"}, {"date": "2022-11-08", "symbol": "SCSC", "eps": 1.07, "epsEstimated": 1.05, "time": "bmo", "revenue": 943813000, "revenueEstimated": null, "fiscalDateEnding": "2022-09-29", "updatedFromDate": "2023-09-29"}, {"date": "2022-11-08", "symbol": "7914.T", "eps": 5.41, "epsEstimated": null, "time": "bmo", "revenue": 21647000000, "revenueEstimated": null, "fiscalDateEnding": "2022-08-08", "updatedFromDate": "2023-10-17"}, {"date": "2022-11-08", "symbol": "PRTYQ", "eps": -1.39, "epsEstimated": -0.1, "time": "bmo", "revenue": null, "revenueEstimated": null, "fiscalDateEnding": "2022-09-30", "updatedFromDate": "2023-05-17"}, {"date": "2022-11-08", "symbol": "ORXPF", "eps": null, "epsEstimated": null, "time": "bmo", "revenue": null, "revenueEstimated": null, "fiscalDateEnding": "2022-09-30", "updatedFromDate": "2023-05-17"}, {"date": "2022-11-08", "symbol": "7408.T", "eps": 10.42, "epsEstimated": null, "time": "bmo", "revenue": 7111476000, "revenueEstimated": null, "fiscalDateEnding": "2022-08-08", "updatedFromDate": "2023-10-17"}, {"date": "2022-11-08", "symbol": "SPAGO.ST", "eps": -0.1048, "epsEstimated": null, "time": "bmo", "revenue": 397000, "revenueEstimated": null, "fiscalDateEnding": "2022-09-30", "updatedFromDate": "2023-05-17"}, {"date": "2022-11-08", "symbol": "UPST", "eps": -0.24, "epsEstimated": -0.07, "time": "amc", "revenue": 157233000, "revenueEstimated": null, "fiscalDateEnding": "2022-09-29", "updatedFromDate": "2023-09-29"}, {"date": "2022-11-08", "symbol": "ITHUF", "eps": -0.00352, "epsEstimated": null, "time": "bmo", "revenue": 39371000, "revenueEstimated": null, "fiscalDateEnding": "2022-09-29", "updatedFromDate": "2023-05-17"}, {"date": "2022-11-08", "symbol": "GVYM.TA", "eps": null, "epsEstimated": null, "time": "bmo", "revenue": null, "revenueEstimated": null, "fiscalDateEnding": "2022-09-30", "updatedFromDate": "2023-05-17"}, {"date": "2022-11-08", "symbol": "DCTH", "eps": -0.92, "epsEstimated": -1.05, "time": "bmo", "revenue": 906000, "revenueEstimated": null, "fiscalDateEnding": "2022-09-29", "updatedFromDate": "2023-09-29"}, {"date": "2022-11-08", "symbol": "6457.T", "eps": -74, "epsEstimated": null, "time": "bmo", "revenue": 52980000000, "revenueEstimated": null, "fiscalDateEnding": "2022-08-08", "updatedFromDate": "2023-10-17"}, {"date": "2022-11-08", "symbol": "PCRRF", "eps": 7.35, "epsEstimated": null, "time": "bmo", "revenue": null, "revenueEstimated": null, "fiscalDateEnding": "2023-03-31", "updatedFromDate": "2023-05-17"}, {"date": "2022-11-08", "symbol": "PSSA3.SA", "eps": 0.42, "epsEstimated": 0.46, "time": "bmo", "revenue": 8038529000, "revenueEstimated": null, "fiscalDateEnding": "2022-08-08", "updatedFromDate": "2023-05-17"}, {"date": "2022-11-08", "symbol": "TSAT", "eps": -3.59, "epsEstimated": null, "time": "bmo", "revenue": 180102000, "revenueEstimated": null, "fiscalDateEnding": "2022-09-30", "updatedFromDate": "2023-09-29"}, {"date": "2022-11-08", "symbol": "7481.T", "eps": 25.41, "epsEstimated": null, "time": "bmo", "revenue": 21700987000, "revenueEstimated": null, "fiscalDateEnding": "2022-08-08", "updatedFromDate": "2023-10-16"}, {"date": "2022-11-08", "symbol": "NEO", "eps": -0.14, "epsEstimated": -0.19, "time": "bmo", "revenue": 128782000, "revenueEstimated": null, "fiscalDateEnding": "2022-09-29", "updatedFromDate": "2023-09-29"}, {"date": "2022-11-08", "symbol": "1814.T", "eps": 46.76, "epsEstimated": null, "time": "bmo", "revenue": 18789000000, "revenueEstimated": null, "fiscalDateEnding": "2022-08-08", "updatedFromDate": "2023-10-17"}, {"date": "2022-11-08", "symbol": "AUST", "eps": 0.04, "epsEstimated": 0.01333, "time": "bmo", "revenue": null, "revenueEstimated": null, "fiscalDateEnding": "2022-09-30", "updatedFromDate": "2023-09-29"}, {"date": "2022-11-08", "symbol": "MFI.TO", "eps": -0.01, "epsEstimated": 0.07, "time": "bmo", "revenue": 1231855000, "revenueEstimated": null, "fiscalDateEnding": "2022-09-30", "updatedFromDate": "2023-05-17"}, {"date": "2022-11-08", "symbol": "7990.T", "eps": 133.71, "epsEstimated": null, "time": "bmo", "revenue": 36978000000, "revenueEstimated": null, "fiscalDateEnding": "2022-08-08", "updatedFromDate": "2023-10-17"}, {"date": "2022-11-08", "symbol": "TPE.WA", "eps": -0.13238, "epsEstimated": null, "time": "bmo", "revenue": 8692000000, "revenueEstimated": null, "fiscalDateEnding": "2022-09-30", "updatedFromDate": "2023-05-17"}, {"date": "2022-11-08", "symbol": "1507.TW", "eps": null, "epsEstimated": null, "time": "bmo", "revenue": null, "revenueEstimated": null, "fiscalDateEnding": "2022-09-30", "updatedFromDate": "2023-05-17"}, {"date": "2022-11-08", "symbol": "MGAWF", "eps": 0.08, "epsEstimated": 0.1, "time": "bmo", "revenue": null, "revenueEstimated": 8381910000, "fiscalDateEnding": "2022-09-30", "updatedFromDate": "2023-05-17"}, {"date": "2022-11-08", "symbol": "AEVA", "eps": -0.14, "epsEstimated": -0.18, "time": "amc", "revenue": 1374000, "revenueEstimated": null, "fiscalDateEnding": "2022-09-29", "updatedFromDate": "2023-09-29"}, {"date": "2022-11-08", "symbol": "2536.TW", "eps": -0.21, "epsEstimated": null, "time": "bmo", "revenue": 97643000, "revenueEstimated": null, "fiscalDateEnding": "2022-09-30", "updatedFromDate": "2023-05-17"}, {"date": "2022-11-08", "symbol": "CTPVF", "eps": null, "epsEstimated": null, "time": "bmo", "revenue": null, "revenueEstimated": null, "fiscalDateEnding": "2022-09-30", "updatedFromDate": "2023-05-17"}, {"date": "2022-11-08", "symbol": "RETA", "eps": 2.16, "epsEstimated": 2.35, "time": "bmo", "revenue": 540000, "revenueEstimated": null, "fiscalDateEnding": "2022-09-29", "updatedFromDate": "2023-09-29"}, {"date": "2022-11-08", "symbol": "LAB", "eps": -0.26, "epsEstimated": null, "time": "amc", "revenue": 25646000, "revenueEstimated": null, "fiscalDateEnding": "2022-09-29", "updatedFromDate": "2023-09-29"}, {"date": "2022-11-08", "symbol": "FALABELLA.SN", "eps": -10, "epsEstimated": 48.32, "time": "bmo", "revenue": 2970372960000, "revenueEstimated": null, "fiscalDateEnding": "2022-09-30", "updatedFromDate": "2023-08-16"}, {"date": "2022-11-08", "symbol": "SRHBF", "eps": null, "epsEstimated": 0.02, "time": "bmo", "revenue": null, "revenueEstimated": null, "fiscalDateEnding": "2022-09-30", "updatedFromDate": "2023-05-17"}, {"date": "2022-11-08", "symbol": "SSRM.TO", "eps": -0.12, "epsEstimated": -0.0175, "time": "bmo", "revenue": 166627000, "revenueEstimated": null, "fiscalDateEnding": "2022-09-30", "updatedFromDate": "2023-05-17"}, {"date": "2022-11-08", "symbol": "APM.V", "eps": 0.02, "epsEstimated": 0.02, "time": "bmo", "revenue": 23603000, "revenueEstimated": null, "fiscalDateEnding": "2022-09-30", "updatedFromDate": "2023-08-25"}, {"date": "2022-11-08", "symbol": "3702.TW", "eps": 1.64, "epsEstimated": 1.39, "time": "bmo", "revenue": 189822815000, "revenueEstimated": null, "fiscalDateEnding": "2022-09-30", "updatedFromDate": "2023-05-17"}, {"date": "2022-11-08", "symbol": "TYGIF", "eps": null, "epsEstimated": null, "time": "bmo", "revenue": null, "revenueEstimated": null, "fiscalDateEnding": "2023-03-31", "updatedFromDate": "2023-05-17"}, {"date": "2022-11-08", "symbol": "ISIG", "eps": 6.57, "epsEstimated": null, "time": "bmo", "revenue": 4869000, "revenueEstimated": null, "fiscalDateEnding": "2022-09-29", "updatedFromDate": "2023-09-29"}, {"date": "2022-11-08", "symbol": "SSP", "eps": 0.38, "epsEstimated": 0.58, "time": "bmo", "revenue": 612101000, "revenueEstimated": null, "fiscalDateEnding": "2022-09-29", "updatedFromDate": "2023-09-29"}, {"date": "2022-11-08", "symbol": "IDYA", "eps": 0.04, "epsEstimated": -0.65, "time": "bmo", "revenue": 29699000, "revenueEstimated": null, "fiscalDateEnding": "2022-09-29", "updatedFromDate": "2023-09-29"}, {"date": "2022-11-08", "symbol": "8399.T", "eps": 59.76, "epsEstimated": null, "time": "bmo", "revenue": 12612000000, "revenueEstimated": null, "fiscalDateEnding": "2022-08-08", "updatedFromDate": "2023-10-17"}, {"date": "2022-11-08", "symbol": "ISUZF", "eps": 47.66, "epsEstimated": 42.5, "time": "bmo", "revenue": null, "revenueEstimated": null, "fiscalDateEnding": "2023-03-31", "updatedFromDate": "2023-05-17"}, {"date": "2022-11-08", "symbol": "GRNWF", "eps": 0.00363, "epsEstimated": 0.00182, "time": "bmo", "revenue": 19905000, "revenueEstimated": null, "fiscalDateEnding": "2022-09-30", "updatedFromDate": "2023-08-16"}, {"date": "2022-11-08", "symbol": "BIMAS.IS", "eps": 2.97, "epsEstimated": 3.12, "time": "bmo", "revenue": 41025873000, "revenueEstimated": null, "fiscalDateEnding": "2022-09-30", "updatedFromDate": "2023-05-17"}, {"date": "2022-11-08", "symbol": "LATO-B.ST", "eps": null, "epsEstimated": null, "time": "bmo", "revenue": null, "revenueEstimated": null, "fiscalDateEnding": "2022-08-08", "updatedFromDate": "2023-05-17"}, {"date": "2022-11-08", "symbol": "RVRC.ST", "eps": 0.34, "epsEstimated": 0.42, "time": "bmo", "revenue": null, "revenueEstimated": null, "fiscalDateEnding": "2022-08-08", "updatedFromDate": "2023-10-17"}, {"date": "2022-11-08", "symbol": "BLNK", "eps": -0.47, "epsEstimated": -0.48, "time": "amc", "revenue": 17164000, "revenueEstimated": null, "fiscalDateEnding": "2022-09-29", "updatedFromDate": "2023-09-29"}, {"date": "2022-11-08", "symbol": "5284.TW", "eps": 1.69, "epsEstimated": null, "time": "bmo", "revenue": null, "revenueEstimated": null, "fiscalDateEnding": "2022-08-08", "updatedFromDate": "2023-08-17"}, {"date": "2022-11-08", "symbol": "2269.T", "eps": 123.31, "epsEstimated": 114.46, "time": "bmo", "revenue": 247131000000, "revenueEstimated": null, "fiscalDateEnding": "2022-08-08", "updatedFromDate": "2023-10-17"}, {"date": "2022-11-08", "symbol": "SIXGF", "eps": 4.28, "epsEstimated": 4.38, "time": "bmo", "revenue": null, "revenueEstimated": null, "fiscalDateEnding": "2022-09-30", "updatedFromDate": "2023-08-16"}, {"date": "2022-11-08", "symbol": "ATLO", "eps": 0.62, "epsEstimated": null, "time": "bmo", "revenue": 15949000, "revenueEstimated": null, "fiscalDateEnding": "2022-09-29", "updatedFromDate": "2023-09-29"}, {"date": "2022-11-08", "symbol": "IAUX", "eps": -0.06, "epsEstimated": -0.06, "time": "bmo", "revenue": 16065000, "revenueEstimated": null, "fiscalDateEnding": "2022-09-30", "updatedFromDate": "2023-09-29"}, {"date": "2022-11-08", "symbol": "CDPYF", "eps": null, "epsEstimated": null, "time": "bmo", "revenue": null, "revenueEstimated": null, "fiscalDateEnding": "2022-09-30", "updatedFromDate": "2023-05-17"}, {"date": "2022-11-08", "symbol": "XZJCF", "eps": 108.71, "epsEstimated": 125.68, "time": "bmo", "revenue": null, "revenueEstimated": null, "fiscalDateEnding": "2023-03-31", "updatedFromDate": "2023-08-25"}, {"date": "2022-11-08", "symbol": "CTA-PA", "eps": -0.37105, "epsEstimated": null, "time": "bmo", "revenue": 2777000000, "revenueEstimated": null, "fiscalDateEnding": "2022-09-29", "updatedFromDate": "2023-05-17"}, {"date": "2022-11-08", "symbol": "KRU.WA", "eps": 9.59, "epsEstimated": null, "time": "bmo", "revenue": 386427000, "revenueEstimated": null, "fiscalDateEnding": "2022-09-30", "updatedFromDate": "2023-05-17"}, {"date": "2022-11-08", "symbol": "LNXSF", "eps": 0.97, "epsEstimated": 0.93, "time": "bmo", "revenue": null, "revenueEstimated": null, "fiscalDateEnding": "2022-09-30", "updatedFromDate": "2023-05-17"}, {"date": "2022-11-08", "symbol": "SUOPY", "eps": 0.85, "epsEstimated": null, "time": "bmo", "revenue": 116246000000, "revenueEstimated": null, "fiscalDateEnding": "2022-09-30", "updatedFromDate": "2023-09-29"}, {"date": "2022-11-08", "symbol": "4188.T", "eps": 20.44, "epsEstimated": 20.63, "time": "bmo", "revenue": 1106534000000, "revenueEstimated": null, "fiscalDateEnding": "2022-08-08", "updatedFromDate": "2023-10-17"}, {"date": "2022-11-08", "symbol": "NEWU.V", "eps": 0.02, "epsEstimated": 0.02, "time": "bmo", "revenue": 2653411, "revenueEstimated": null, "fiscalDateEnding": "2022-09-30", "updatedFromDate": "2023-08-25"}, {"date": "2022-11-08", "symbol": "9907.TW", "eps": 0.48, "epsEstimated": null, "time": "bmo", "revenue": 11849596000, "revenueEstimated": null, "fiscalDateEnding": "2022-09-30", "updatedFromDate": "2023-05-17"}, {"date": "2022-11-08", "symbol": "EINC.TO", "eps": -0.22, "epsEstimated": -0.36, "time": "bmo", "revenue": 28849000, "revenueEstimated": null, "fiscalDateEnding": "2022-09-30", "updatedFromDate": "2023-08-25"}, {"date": "2022-11-08", "symbol": "5930.T", "eps": 33.85, "epsEstimated": null, "time": "bmo", "revenue": 39117000000, "revenueEstimated": null, "fiscalDateEnding": "2022-08-08", "updatedFromDate": "2023-10-17"}, {"date": "2022-11-08", "symbol": "WHAIR.BK", "eps": 0.15, "epsEstimated": 0.15, "time": "bmo", "revenue": 187187398, "revenueEstimated": null, "fiscalDateEnding": "2022-09-30", "updatedFromDate": "2023-08-16"}, {"date": "2022-11-08", "symbol": "FLYLF", "eps": 0.02, "epsEstimated": 0.00333, "time": "amc", "revenue": 6725373, "revenueEstimated": null, "fiscalDateEnding": "2022-09-30", "updatedFromDate": "2023-08-16"}, {"date": "2022-11-08", "symbol": "DEUZF", "eps": null, "epsEstimated": null, "time": "bmo", "revenue": null, "revenueEstimated": null, "fiscalDateEnding": "2022-09-30", "updatedFromDate": "2023-08-16"}, {"date": "2022-11-08", "symbol": "YONXF", "eps": 29.43, "epsEstimated": null, "time": "bmo", "revenue": null, "revenueEstimated": null, "fiscalDateEnding": "2023-03-31", "updatedFromDate": "2023-05-17"}, {"date": "2022-11-08", "symbol": "HANZA.ST", "eps": 0.72, "epsEstimated": 0.76, "time": "bmo", "revenue": 838400000, "revenueEstimated": null, "fiscalDateEnding": "2022-09-30", "updatedFromDate": "2023-05-17"}, {"date": "2022-11-08", "symbol": "CEAB3.SA", "eps": null, "epsEstimated": null, "time": "bmo", "revenue": null, "revenueEstimated": null, "fiscalDateEnding": "2022-09-30", "updatedFromDate": "2023-05-17"}, {"date": "2022-11-08", "symbol": "LSAK", "eps": -0.17, "epsEstimated": -0.08, "time": "amc", "revenue": 124786000, "revenueEstimated": null, "fiscalDateEnding": "2022-09-29", "updatedFromDate": "2023-10-16"}, {"date": "2022-11-08", "symbol": "MRCHF", "eps": 175.16, "epsEstimated": null, "time": "bmo", "revenue": null, "revenueEstimated": null, "fiscalDateEnding": "2023-03-31", "updatedFromDate": "2023-05-17"}, {"date": "2022-11-08", "symbol": "NFE", "eps": 0.41, "epsEstimated": 0.99, "time": "bmo", "revenue": 731930000, "revenueEstimated": null, "fiscalDateEnding": "2022-09-29", "updatedFromDate": "2023-09-29"}, {"date": "2022-11-08", "symbol": "OM", "eps": -0.7, "epsEstimated": -0.71, "time": "amc", "revenue": 27761000, "revenueEstimated": null, "fiscalDateEnding": "2022-09-29", "updatedFromDate": "2023-09-29"}, {"date": "2022-11-08", "symbol": "6004.SR", "eps": 0.87, "epsEstimated": null, "time": "bmo", "revenue": 501959256, "revenueEstimated": null, "fiscalDateEnding": "2022-09-30", "updatedFromDate": "2023-05-17"}, {"date": "2022-11-08", "symbol": "ADD.BK", "eps": 0.06, "epsEstimated": 0.08, "time": "bmo", "revenue": 72109039, "revenueEstimated": null, "fiscalDateEnding": "2022-09-30", "updatedFromDate": "2023-08-16"}, {"date": "2022-11-08", "symbol": "CBAV3.SA", "eps": 0.13, "epsEstimated": 0.17, "time": "bmo", "revenue": 2245020000, "revenueEstimated": 2051840000, "fiscalDateEnding": "2022-09-30", "updatedFromDate": "2023-08-16"}, {"date": "2022-11-08", "symbol": "TTBKF", "eps": 0.32, "epsEstimated": 0.35, "time": "bmo", "revenue": null, "revenueEstimated": null, "fiscalDateEnding": "2022-09-30", "updatedFromDate": "2023-05-17"}, {"date": "2022-11-08", "symbol": "CLKFF", "eps": null, "epsEstimated": null, "time": "bmo", "revenue": null, "revenueEstimated": null, "fiscalDateEnding": "2022-09-30", "updatedFromDate": "2023-05-17"}, {"date": "2022-11-08", "symbol": "FSTR", "eps": 0.09, "epsEstimated": 0.06, "time": "bmo", "revenue": 130015000, "revenueEstimated": null, "fiscalDateEnding": "2022-09-29", "updatedFromDate": "2023-09-29"}, {"date": "2022-11-08", "symbol": "XAIR", "eps": -0.4, "epsEstimated": -0.36, "time": "amc", "revenue": null, "revenueEstimated": null, "fiscalDateEnding": "2022-09-29", "updatedFromDate": "2023-09-29"}, {"date": "2022-11-08", "symbol": "1852.T", "eps": 85.27, "epsEstimated": null, "time": "bmo", "revenue": 33060000000, "revenueEstimated": null, "fiscalDateEnding": "2022-08-08", "updatedFromDate": "2023-10-17"}, {"date": "2022-11-08", "symbol": "LYEL", "eps": -0.28, "epsEstimated": -0.34, "time": "bmo", "revenue": 3000, "revenueEstimated": null, "fiscalDateEnding": "2022-09-29", "updatedFromDate": "2023-09-29"}, {"date": "2022-11-08", "symbol": "HOM-UN.TO", "eps": 0.2731, "epsEstimated": null, "time": "bmo", "revenue": 40549000, "revenueEstimated": null, "fiscalDateEnding": "2022-09-30", "updatedFromDate": "2023-05-17"}, {"date": "2022-11-08", "symbol": "EEZY.HE", "eps": 0.13, "epsEstimated": 0.2, "time": "bmo", "revenue": 67309000, "revenueEstimated": null, "fiscalDateEnding": "2022-09-30", "updatedFromDate": "2023-08-16"}, {"date": "2022-11-08", "symbol": "2461.T", "eps": 6.58, "epsEstimated": null, "time": "bmo", "revenue": 7737529000, "revenueEstimated": null, "fiscalDateEnding": "2022-08-08", "updatedFromDate": "2023-05-17"}, {"date": "2022-11-08", "symbol": "REAL", "eps": -0.38, "epsEstimated": -0.4, "time": "amc", "revenue": 142703000, "revenueEstimated": null, "fiscalDateEnding": "2022-09-29", "updatedFromDate": "2023-09-29"}, {"date": "2022-11-08", "symbol": "PCSA", "eps": -0.37, "epsEstimated": -0.34, "time": "amc", "revenue": null, "revenueEstimated": null, "fiscalDateEnding": "2022-09-29", "updatedFromDate": "2023-09-29"}, {"date": "2022-11-08", "symbol": "PKI", "eps": 1.51, "epsEstimated": 1.48, "time": "bmo", "revenue": 711803000, "revenueEstimated": null, "fiscalDateEnding": "2022-10-01", "updatedFromDate": "2023-09-29"}, {"date": "2022-11-08", "symbol": "NWSA", "eps": 0.12, "epsEstimated": 0.15, "time": "amc", "revenue": 2478000000, "revenueEstimated": null, "fiscalDateEnding": "2022-09-29", "updatedFromDate": "2023-09-29"}, {"date": "2022-11-08", "symbol": "2613.T", "eps": -21.07, "epsEstimated": null, "time": "bmo", "revenue": 60017000000, "revenueEstimated": null, "fiscalDateEnding": "2022-08-08", "updatedFromDate": "2023-10-17"}, {"date": "2022-11-08", "symbol": "CURY3.SA", "eps": 0.31, "epsEstimated": 0.27, "time": "bmo", "revenue": 626659000, "revenueEstimated": null, "fiscalDateEnding": "2022-09-30", "updatedFromDate": "2023-05-17"}, {"date": "2022-11-08", "symbol": "IMG.TO", "eps": -0.03, "epsEstimated": -0.02945, "time": "bmo", "revenue": 343300000, "revenueEstimated": null, "fiscalDateEnding": "2022-09-30", "updatedFromDate": "2023-08-16"}, {"date": "2022-11-08", "symbol": "CASH3.SA", "eps": -0.02, "epsEstimated": -0.01, "time": "bmo", "revenue": 97791000, "revenueEstimated": null, "fiscalDateEnding": "2022-09-30", "updatedFromDate": "2023-08-17"}, {"date": "2022-11-08", "symbol": "1710.TW", "eps": -0.29, "epsEstimated": null, "time": "bmo", "revenue": 4915975000, "revenueEstimated": null, "fiscalDateEnding": "2022-09-30", "updatedFromDate": "2023-08-16"}, {"date": "2022-11-08", "symbol": "082640.KS", "eps": 294, "epsEstimated": null, "time": "bmo", "revenue": 2208441659610, "revenueEstimated": null, "fiscalDateEnding": "2022-09-30", "updatedFromDate": "2023-10-16"}, {"date": "2022-11-08", "symbol": "INNV", "eps": -0.1, "epsEstimated": -0.035, "time": "amc", "revenue": 171218000, "revenueEstimated": null, "fiscalDateEnding": "2022-09-29", "updatedFromDate": "2023-09-29"}, {"date": "2022-11-08", "symbol": "EKIVF", "eps": null, "epsEstimated": null, "time": "bmo", "revenue": null, "revenueEstimated": null, "fiscalDateEnding": "2022-09-30", "updatedFromDate": "2023-05-17"}, {"date": "2022-11-08", "symbol": "FCRD", "eps": 0.13, "epsEstimated": 0.11, "time": "amc", "revenue": -316000, "revenueEstimated": null, "fiscalDateEnding": "2022-09-29", "updatedFromDate": "2023-05-17"}, {"date": "2022-11-08", "symbol": "HCG.TO", "eps": 0.95, "epsEstimated": 0.97, "time": "bmo", "revenue": 118713000, "revenueEstimated": null, "fiscalDateEnding": "2022-09-30", "updatedFromDate": "2023-05-17"}, {"date": "2022-11-08", "symbol": "ADEN.TO", "eps": 1.31, "epsEstimated": 1.28, "time": "bmo", "revenue": 659685000, "revenueEstimated": null, "fiscalDateEnding": "2022-09-30", "updatedFromDate": "2023-05-17"}, {"date": "2022-11-08", "symbol": "3154.T", "eps": 14.38, "epsEstimated": null, "time": "bmo", "revenue": 51760773000, "revenueEstimated": null, "fiscalDateEnding": "2022-08-08", "updatedFromDate": "2023-10-16"}, {"date": "2022-11-08", "symbol": "ETG.TO", "eps": -0.01396, "epsEstimated": null, "time": "bmo", "revenue": null, "revenueEstimated": null, "fiscalDateEnding": "2022-09-30", "updatedFromDate": "2023-10-16"}, {"date": "2022-11-08", "symbol": "PRTY", "eps": -1.39, "epsEstimated": -0.1, "time": "bmo", "revenue": 502191000, "revenueEstimated": null, "fiscalDateEnding": "2022-09-29", "updatedFromDate": "2023-05-17"}, {"date": "2022-11-08", "symbol": "8188.HK", "eps": 0.00578, "epsEstimated": null, "time": "bmo", "revenue": 103257000, "revenueEstimated": null, "fiscalDateEnding": "2022-09-30", "updatedFromDate": "2023-05-17"}, {"date": "2022-11-08", "symbol": "4183.T", "eps": 84.62, "epsEstimated": 79.74, "time": "bmo", "revenue": 476113000000, "revenueEstimated": null, "fiscalDateEnding": "2022-08-08", "updatedFromDate": "2023-10-17"}, {"date": "2022-11-08", "symbol": "LUGDF", "eps": 0.09, "epsEstimated": 0.24, "time": "bmo", "revenue": 210425000, "revenueEstimated": null, "fiscalDateEnding": "2022-09-30", "updatedFromDate": "2023-08-17"}, {"date": "2022-11-08", "symbol": "MRD.TO", "eps": 0.73, "epsEstimated": null, "time": "bmo", "revenue": 61136000, "revenueEstimated": null, "fiscalDateEnding": "2022-09-30", "updatedFromDate": "2023-05-17"}, {"date": "2022-11-08", "symbol": "LOU.V", "eps": 0.04, "epsEstimated": 0.03, "time": "bmo", "revenue": 86857000, "revenueEstimated": null, "fiscalDateEnding": "2022-09-30", "updatedFromDate": "2023-10-16"}, {"date": "2022-11-08", "symbol": "4326.T", "eps": 17.66, "epsEstimated": null, "time": "bmo", "revenue": null, "revenueEstimated": null, "fiscalDateEnding": "2022-08-08", "updatedFromDate": "2023-10-16"}, {"date": "2022-11-08", "symbol": "7421.T", "eps": -11.93, "epsEstimated": null, "time": "bmo", "revenue": 17562000000, "revenueEstimated": null, "fiscalDateEnding": "2022-08-08", "updatedFromDate": "2023-10-16"}, {"date": "2022-11-08", "symbol": "INPOF", "eps": 0.28, "epsEstimated": 0.19, "time": "bmo", "revenue": null, "revenueEstimated": null, "fiscalDateEnding": "2022-09-30", "updatedFromDate": "2023-05-17"}, {"date": "2022-11-08", "symbol": "SL.MI", "eps": 0.573, "epsEstimated": null, "time": "bmo", "revenue": 205794000, "revenueEstimated": null, "fiscalDateEnding": "2022-09-30", "updatedFromDate": "2023-05-17"}, {"date": "2022-11-08", "symbol": "HRTG", "eps": -1.83, "epsEstimated": -1.24, "time": "amc", "revenue": 165493000, "revenueEstimated": null, "fiscalDateEnding": "2022-09-29", "updatedFromDate": "2023-09-29"}, {"date": "2022-11-08", "symbol": "KMP-UN.TO", "eps": 0.03091, "epsEstimated": null, "time": "bmo", "revenue": 85301000, "revenueEstimated": null, "fiscalDateEnding": "2022-09-30", "updatedFromDate": "2023-05-17"}, {"date": "2022-11-08", "symbol": "RXRX", "eps": -0.35, "epsEstimated": -0.36, "time": "bmo", "revenue": 13053000, "revenueEstimated": null, "fiscalDateEnding": "2022-09-29", "updatedFromDate": "2023-09-29"}, {"date": "2022-11-08", "symbol": "NETI", "eps": 0.73, "epsEstimated": 0.67, "time": "bmo", "revenue": 69193000, "revenueEstimated": 63780000, "fiscalDateEnding": "2022-09-30", "updatedFromDate": "2023-09-29"}, {"date": "2022-11-08", "symbol": "EDR.TO", "eps": -0.01, "epsEstimated": -0.00375, "time": "bmo", "revenue": 39649000, "revenueEstimated": null, "fiscalDateEnding": "2022-09-30", "updatedFromDate": "2023-10-16"}, {"date": "2022-11-08", "symbol": "6203.TWO", "eps": 1.66, "epsEstimated": null, "time": "bmo", "revenue": 534580000, "revenueEstimated": null, "fiscalDateEnding": "2022-09-30", "updatedFromDate": "2023-05-17"}, {"date": "2022-11-08", "symbol": "VERI", "eps": -0.16, "epsEstimated": -0.18, "time": "amc", "revenue": 37196000, "revenueEstimated": null, "fiscalDateEnding": "2022-09-29", "updatedFromDate": "2023-09-29"}, {"date": "2022-11-08", "symbol": "ACET", "eps": -0.53, "epsEstimated": -0.56, "time": "bmo", "revenue": null, "revenueEstimated": null, "fiscalDateEnding": "2022-09-29", "updatedFromDate": "2023-09-29"}, {"date": "2022-11-08", "symbol": "TCN.TO", "eps": 0.49, "epsEstimated": 0.14, "time": "bmo", "revenue": 283239000, "revenueEstimated": null, "fiscalDateEnding": "2022-09-30", "updatedFromDate": "2023-05-17"}, {"date": "2022-11-08", "symbol": "GEVO", "eps": -0.19, "epsEstimated": -0.06, "time": "amc", "revenue": 309000, "revenueEstimated": null, "fiscalDateEnding": "2022-09-29", "updatedFromDate": "2023-09-29"}, {"date": "2022-11-08", "symbol": "FXCOF", "eps": 1.1, "epsEstimated": 1.37, "time": "bmo", "revenue": null, "revenueEstimated": null, "fiscalDateEnding": "2022-09-30", "updatedFromDate": "2023-05-17"}, {"date": "2022-11-08", "symbol": "MAAT.PA", "eps": null, "epsEstimated": null, "time": "bmo", "revenue": null, "revenueEstimated": null, "fiscalDateEnding": "2022-09-30", "updatedFromDate": "2023-05-17"}, {"date": "2022-11-08", "symbol": "SEAT", "eps": 0.09, "epsEstimated": 0.1, "time": "bmo", "revenue": 156818000, "revenueEstimated": null, "fiscalDateEnding": "2022-09-29", "updatedFromDate": "2023-09-29"}, {"date": "2022-11-08", "symbol": "DCMDF", "eps": null, "epsEstimated": null, "time": "bmo", "revenue": null, "revenueEstimated": null, "fiscalDateEnding": "2022-09-30", "updatedFromDate": "2023-05-17"}, {"date": "2022-11-08", "symbol": "NORZF", "eps": null, "epsEstimated": null, "time": "amc", "revenue": null, "revenueEstimated": null, "fiscalDateEnding": "2022-09-30", "updatedFromDate": "2023-05-17"}, {"date": "2022-11-08", "symbol": "AMC", "eps": -2, "epsEstimated": -2.5, "time": "amc", "revenue": 968400000, "revenueEstimated": null, "fiscalDateEnding": "2022-09-29", "updatedFromDate": "2023-09-29"}, {"date": "2022-11-08", "symbol": "NMFC", "eps": 0.32, "epsEstimated": 0.31, "time": "amc", "revenue": 8557000, "revenueEstimated": null, "fiscalDateEnding": "2022-09-29", "updatedFromDate": "2023-09-29"}, {"date": "2022-11-08", "symbol": "BBDC4.SA", "eps": 0.49, "epsEstimated": 0.65, "time": "bmo", "revenue": 25603300000, "revenueEstimated": null, "fiscalDateEnding": "2022-09-30", "updatedFromDate": "2023-05-17"}, {"date": "2022-11-08", "symbol": "DC", "eps": -0.09, "epsEstimated": null, "time": "bmo", "revenue": null, "revenueEstimated": null, "fiscalDateEnding": "2022-08-08", "updatedFromDate": "2023-10-10"}, {"date": "2022-11-08", "symbol": "PNDORA.CO", "eps": 7.8, "epsEstimated": 7.35, "time": "bmo", "revenue": 5263000000, "revenueEstimated": null, "fiscalDateEnding": "2022-09-30", "updatedFromDate": "2023-07-24"}, {"date": "2022-11-08", "symbol": "TNMAF", "eps": 3.32, "epsEstimated": null, "time": "bmo", "revenue": null, "revenueEstimated": null, "fiscalDateEnding": "2023-03-31", "updatedFromDate": "2023-05-17"}, {"date": "2022-11-08", "symbol": "OVV", "eps": 1.44, "epsEstimated": 1.98, "time": "amc", "revenue": 3549000000, "revenueEstimated": null, "fiscalDateEnding": "2022-09-29", "updatedFromDate": "2023-09-29"}, {"date": "2022-11-08", "symbol": "CFXTF", "eps": 0.02, "epsEstimated": 0.008, "time": "bmo", "revenue": 47670600, "revenueEstimated": null, "fiscalDateEnding": "2022-09-30", "updatedFromDate": "2023-08-16"}, {"date": "2022-11-08", "symbol": "EGY.L", "eps": 0.11, "epsEstimated": null, "time": "bmo", "revenue": 90021000, "revenueEstimated": null, "fiscalDateEnding": "2022-09-30", "updatedFromDate": "2023-05-17"}, {"date": "2022-11-08", "symbol": "REACH.OL", "eps": 0.23, "epsEstimated": null, "time": "bmo", "revenue": 365105000, "revenueEstimated": null, "fiscalDateEnding": "2022-09-30", "updatedFromDate": "2023-08-17"}, {"date": "2022-11-08", "symbol": "4548.T", "eps": 29.71, "epsEstimated": null, "time": "bmo", "revenue": 8307000000, "revenueEstimated": null, "fiscalDateEnding": "2022-08-08", "updatedFromDate": "2023-10-17"}, {"date": "2022-11-08", "symbol": "MNDO", "eps": 0.06, "epsEstimated": null, "time": "bmo", "revenue": 5254000, "revenueEstimated": null, "fiscalDateEnding": "2022-09-30", "updatedFromDate": "2023-09-29"}, {"date": "2022-11-08", "symbol": "OLMA", "eps": -0.57, "epsEstimated": -0.79, "time": "bmo", "revenue": null, "revenueEstimated": null, "fiscalDateEnding": "2022-09-29", "updatedFromDate": "2023-09-29"}, {"date": "2022-11-08", "symbol": "4438.TW", "eps": 8.14, "epsEstimated": 7.63, "time": "bmo", "revenue": 7785295000, "revenueEstimated": null, "fiscalDateEnding": "2022-09-30", "updatedFromDate": "2023-08-17"}, {"date": "2022-11-08", "symbol": "AAME", "eps": -0.04, "epsEstimated": null, "time": "bmo", "revenue": 46343000, "revenueEstimated": null, "fiscalDateEnding": "2022-09-29", "updatedFromDate": "2023-09-29"}, {"date": "2022-11-08", "symbol": "1524.TW", "eps": 0.71, "epsEstimated": null, "time": "bmo", "revenue": 569095000, "revenueEstimated": null, "fiscalDateEnding": "2022-09-30", "updatedFromDate": "2023-05-17"}, {"date": "2022-11-08", "symbol": "EPGNF", "eps": null, "epsEstimated": null, "time": "bmo", "revenue": null, "revenueEstimated": null, "fiscalDateEnding": "2022-09-30", "updatedFromDate": "2023-05-17"}, {"date": "2022-11-08", "symbol": "CODQL", "eps": 0.09, "epsEstimated": 0.08, "time": "bmo", "revenue": null, "revenueEstimated": null, "fiscalDateEnding": "2022-08-08", "updatedFromDate": "2023-08-16"}, {"date": "2022-11-08", "symbol": "3360.T", "eps": 27.11, "epsEstimated": null, "time": "bmo", "revenue": 121214000000, "revenueEstimated": null, "fiscalDateEnding": "2022-08-08", "updatedFromDate": "2023-10-17"}, {"date": "2022-11-08", "symbol": "SCAR3.SA", "eps": -0.38393, "epsEstimated": null, "time": "bmo", "revenue": 79235000, "revenueEstimated": null, "fiscalDateEnding": "2022-09-30", "updatedFromDate": "2023-08-25"}, {"date": "2022-11-08", "symbol": "CTOS", "eps": -0.01, "epsEstimated": 0.06, "time": "amc", "revenue": 357780000, "revenueEstimated": null, "fiscalDateEnding": "2022-09-29", "updatedFromDate": "2023-09-29"}, {"date": "2022-11-08", "symbol": "LTMAY", "eps": -0.49, "epsEstimated": null, "time": "bmo", "revenue": 2557839000, "revenueEstimated": null, "fiscalDateEnding": "2022-09-30", "updatedFromDate": "2023-09-29"}, {"date": "2022-11-08", "symbol": "SSSS", "eps": -0.13, "epsEstimated": null, "time": "amc", "revenue": -42776254, "revenueEstimated": null, "fiscalDateEnding": "2022-09-29", "updatedFromDate": "2023-09-29"}, {"date": "2022-11-08", "symbol": "IFCZF", "eps": 2.7, "epsEstimated": 2.76, "time": "amc", "revenue": 5150000000, "revenueEstimated": null, "fiscalDateEnding": "2022-09-30", "updatedFromDate": "2023-08-16"}, {"date": "2022-11-08", "symbol": "ECNL.MI", "eps": 0.1687, "epsEstimated": null, "time": "bmo", "revenue": 184975000, "revenueEstimated": null, "fiscalDateEnding": "2022-09-30", "updatedFromDate": "2023-08-16"}, {"date": "2022-11-08", "symbol": "BAKKA.OL", "eps": 4, "epsEstimated": 4.7, "time": "bmo", "revenue": 1866989000, "revenueEstimated": null, "fiscalDateEnding": "2022-09-30", "updatedFromDate": "2023-08-16"}, {"date": "2022-11-08", "symbol": "TIMB", "eps": 0.19, "epsEstimated": 0.1, "time": "bmo", "revenue": 5611160000, "revenueEstimated": null, "fiscalDateEnding": "2022-09-30", "updatedFromDate": "2023-09-29"}, {"date": "2022-11-08", "symbol": "GRN.TO", "eps": null, "epsEstimated": null, "time": "bmo", "revenue": null, "revenueEstimated": null, "fiscalDateEnding": "2022-09-30", "updatedFromDate": "2023-08-16"}, {"date": "2022-11-08", "symbol": "3038.TW", "eps": 1.02, "epsEstimated": 0.81, "time": "bmo", "revenue": 1276124000, "revenueEstimated": null, "fiscalDateEnding": "2022-09-30", "updatedFromDate": "2023-08-16"}, {"date": "2022-11-08", "symbol": "EXN", "eps": -0.11, "epsEstimated": -0.07, "time": "bmo", "revenue": null, "revenueEstimated": null, "fiscalDateEnding": "2022-09-30", "updatedFromDate": "2023-08-16"}, {"date": "2022-11-08", "symbol": "SFRGF", "eps": 0.04, "epsEstimated": 0.004, "time": "bmo", "revenue": null, "revenueEstimated": null, "fiscalDateEnding": "2022-09-30", "updatedFromDate": "2023-08-16"}, {"date": "2022-11-08", "symbol": "4547.T", "eps": 36.67, "epsEstimated": 24, "time": "bmo", "revenue": 16285000000, "revenueEstimated": null, "fiscalDateEnding": "2022-08-08", "updatedFromDate": "2023-10-17"}, {"date": "2022-11-08", "symbol": "ACEL", "eps": 0.21, "epsEstimated": 0.24, "time": "amc", "revenue": 266967000, "revenueEstimated": null, "fiscalDateEnding": "2022-09-29", "updatedFromDate": "2023-09-29"}, {"date": "2022-11-08", "symbol": "NOHO.HE", "eps": -0.19, "epsEstimated": 0.06, "time": "bmo", "revenue": 86000000, "revenueEstimated": null, "fiscalDateEnding": "2022-09-30", "updatedFromDate": "2023-08-16"}, {"date": "2022-11-08", "symbol": "RKNEF", "eps": 0.14, "epsEstimated": 0.33, "time": "bmo", "revenue": 15160000, "revenueEstimated": null, "fiscalDateEnding": "2022-09-30", "updatedFromDate": "2023-08-16"}, {"date": "2022-11-08", "symbol": "CPTN", "eps": -0.8, "epsEstimated": -1.1, "time": "amc", "revenue": 1804000, "revenueEstimated": null, "fiscalDateEnding": "2022-09-29", "updatedFromDate": "2023-09-29"}, {"date": "2022-11-08", "symbol": "TSHA", "eps": -0.64, "epsEstimated": -0.89, "time": "bmo", "revenue": null, "revenueEstimated": null, "fiscalDateEnding": "2022-09-29", "updatedFromDate": "2023-09-29"}, {"date": "2022-11-08", "symbol": "MLFNF", "eps": -0.01, "epsEstimated": 0.07, "time": "bmo", "revenue": 1231855000, "revenueEstimated": null, "fiscalDateEnding": "2022-09-30", "updatedFromDate": "2023-08-16"}, {"date": "2022-11-08", "symbol": "2605.TW", "eps": -0.17, "epsEstimated": 0.11, "time": "bmo", "revenue": 1021251000, "revenueEstimated": null, "fiscalDateEnding": "2022-09-30", "updatedFromDate": "2023-08-16"}, {"date": "2022-11-08", "symbol": "NNRHF", "eps": 0.21, "epsEstimated": 0.32, "time": "bmo", "revenue": null, "revenueEstimated": null, "fiscalDateEnding": "2022-09-30", "updatedFromDate": "2023-08-16"}, {"date": "2022-11-08", "symbol": "4566.TW", "eps": 1.8, "epsEstimated": 0.88, "time": "bmo", "revenue": 1357867000, "revenueEstimated": null, "fiscalDateEnding": "2022-09-30", "updatedFromDate": "2023-08-16"}, {"date": "2022-11-08", "symbol": "3552.TWO", "eps": 2.19, "epsEstimated": 1.79, "time": "bmo", "revenue": 2579391000, "revenueEstimated": null, "fiscalDateEnding": "2022-09-30", "updatedFromDate": "2023-08-16"}, {"date": "2022-11-08", "symbol": "SMMNY", "eps": 0.33, "epsEstimated": 0.32, "time": "bmo", "revenue": 6000000000, "revenueEstimated": null, "fiscalDateEnding": "2022-09-30", "updatedFromDate": "2023-08-16"}, {"date": "2022-11-08", "symbol": "3861.T", "eps": 14.78, "epsEstimated": null, "time": "bmo", "revenue": 399177000000, "revenueEstimated": null, "fiscalDateEnding": "2022-08-08", "updatedFromDate": "2023-10-17"}, {"date": "2022-11-08", "symbol": "FTEK", "eps": 0.01, "epsEstimated": 0.004, "time": "amc", "revenue": 8017000, "revenueEstimated": null, "fiscalDateEnding": "2022-09-29", "updatedFromDate": "2023-09-29"}, {"date": "2022-11-08", "symbol": "NLOK", "eps": 0.45, "epsEstimated": 0.45, "time": "amc", "revenue": 748000000, "revenueEstimated": null, "fiscalDateEnding": "2022-09-29", "updatedFromDate": "2023-08-16"}, {"date": "2022-11-08", "symbol": "STA.BK", "eps": 0.75, "epsEstimated": 0.7, "time": "bmo", "revenue": 28486097141, "revenueEstimated": null, "fiscalDateEnding": "2022-09-30", "updatedFromDate": "2023-08-16"}, {"date": "2022-11-08", "symbol": "CVCB3.SA", "eps": -0.27, "epsEstimated": null, "time": "bmo", "revenue": null, "revenueEstimated": null, "fiscalDateEnding": "2022-09-30", "updatedFromDate": "2023-08-16"}, {"date": "2022-11-08", "symbol": "BONHR.OL", "eps": 9.25, "epsEstimated": null, "time": "bmo", "revenue": 3212000000, "revenueEstimated": null, "fiscalDateEnding": "2022-09-30", "updatedFromDate": "2023-08-16"}, {"date": "2022-11-08", "symbol": "BFS", "eps": 0.4, "epsEstimated": 0.78, "time": "bmo", "revenue": 61087000, "revenueEstimated": null, "fiscalDateEnding": "2022-09-29", "updatedFromDate": "2023-09-29"}, {"date": "2022-11-08", "symbol": "SBB.TO", "eps": 0.03, "epsEstimated": null, "time": "bmo", "revenue": null, "revenueEstimated": null, "fiscalDateEnding": "2022-08-08", "updatedFromDate": "2023-10-16"}, {"date": "2022-11-08", "symbol": "SQL", "eps": -3.2, "epsEstimated": null, "time": "bmo", "revenue": null, "revenueEstimated": 47000, "fiscalDateEnding": "2022-09-29", "updatedFromDate": "2023-09-29"}, {"date": "2022-11-08", "symbol": "MNHVF", "eps": 0.34, "epsEstimated": 0.34, "time": "bmo", "revenue": 1252900000, "revenueEstimated": null, "fiscalDateEnding": "2022-09-30", "updatedFromDate": "2023-08-16"}, {"date": "2022-11-08", "symbol": "HYPRO.OL", "eps": -0.38, "epsEstimated": -0.31, "time": "bmo", "revenue": null, "revenueEstimated": null, "fiscalDateEnding": "2022-09-30", "updatedFromDate": "2023-08-16"}, {"date": "2022-11-08", "symbol": "GFP.TO", "eps": -0.13, "epsEstimated": 0.06, "time": "bmo", "revenue": 140454000, "revenueEstimated": null, "fiscalDateEnding": "2022-09-30", "updatedFromDate": "2023-08-16"}, {"date": "2022-11-08", "symbol": "1527.TW", "eps": 1.82, "epsEstimated": 0.82, "time": "bmo", "revenue": 910551000, "revenueEstimated": null, "fiscalDateEnding": "2022-09-30", "updatedFromDate": "2023-08-16"}, {"date": "2022-11-08", "symbol": "IVCGF", "eps": 0.1, "epsEstimated": 0.06, "time": "bmo", "revenue": null, "revenueEstimated": null, "fiscalDateEnding": "2022-09-30", "updatedFromDate": "2023-08-16"}, {"date": "2022-11-08", "symbol": "BPAC3.SA", "eps": 0.2572, "epsEstimated": null, "time": "bmo", "revenue": 6828647000, "revenueEstimated": null, "fiscalDateEnding": "2022-09-30", "updatedFromDate": "2023-08-16"}, {"date": "2022-11-08", "symbol": "SUCEF", "eps": -52.6, "epsEstimated": null, "time": "bmo", "revenue": null, "revenueEstimated": null, "fiscalDateEnding": "2023-03-31", "updatedFromDate": "2023-08-16"}, {"date": "2022-11-08", "symbol": "ANPMF", "eps": -0.02, "epsEstimated": -0.02, "time": "bmo", "revenue": null, "revenueEstimated": null, "fiscalDateEnding": "2022-09-30", "updatedFromDate": "2023-08-16"}, {"date": "2022-11-08", "symbol": "SZKMY", "eps": 3.38, "epsEstimated": 1.84, "time": "bmo", "revenue": 1063358000000, "revenueEstimated": null, "fiscalDateEnding": "2022-08-08", "updatedFromDate": "2023-10-17"}, {"date": "2022-11-08", "symbol": "3110.T", "eps": 70.81, "epsEstimated": 33.4, "time": "bmo", "revenue": 23827000000, "revenueEstimated": null, "fiscalDateEnding": "2022-08-08", "updatedFromDate": "2023-10-17"}, {"date": "2022-11-08", "symbol": "JBFCF", "eps": 1.93, "epsEstimated": 1.5, "time": "bmo", "revenue": 55447505000, "revenueEstimated": null, "fiscalDateEnding": "2022-09-30", "updatedFromDate": "2023-08-16"}, {"date": "2022-11-08", "symbol": "2296.T", "eps": 19.92, "epsEstimated": 18.6, "time": "bmo", "revenue": 212325000000, "revenueEstimated": null, "fiscalDateEnding": "2022-08-08", "updatedFromDate": "2023-10-17"}, {"date": "2022-11-08", "symbol": "060250.KQ", "eps": 308, "epsEstimated": 216.05, "time": "bmo", "revenue": null, "revenueEstimated": null, "fiscalDateEnding": "2022-09-30", "updatedFromDate": "2023-08-16"}, {"date": "2022-11-08", "symbol": "AMM.TO", "eps": -0.00191, "epsEstimated": -0.00095, "time": "bmo", "revenue": null, "revenueEstimated": null, "fiscalDateEnding": "2022-09-30", "updatedFromDate": "2023-08-16"}, {"date": "2022-11-08", "symbol": "HMCBF", "eps": 0.95, "epsEstimated": 0.97, "time": "bmo", "revenue": 118713000, "revenueEstimated": null, "fiscalDateEnding": "2022-09-30", "updatedFromDate": "2023-08-16"}, {"date": "2022-11-08", "symbol": "UMH.TA", "eps": -0.18, "epsEstimated": -0.03333, "time": "bmo", "revenue": null, "revenueEstimated": null, "fiscalDateEnding": "2022-09-30", "updatedFromDate": "2023-08-16"}, {"date": "2022-11-08", "symbol": "3483.TWO", "eps": 1.92, "epsEstimated": null, "time": "bmo", "revenue": 1883474000, "revenueEstimated": 2445470000, "fiscalDateEnding": "2022-09-30", "updatedFromDate": "2023-08-16"}, {"date": "2022-11-08", "symbol": "CRD-A", "eps": 0.16, "epsEstimated": 0.19, "time": "bmo", "revenue": 306417000, "revenueEstimated": null, "fiscalDateEnding": "2022-09-29", "updatedFromDate": "2023-08-16"}, {"date": "2022-11-08", "symbol": "FET", "eps": -0.25, "epsEstimated": null, "time": "bmo", "revenue": 181835000, "revenueEstimated": null, "fiscalDateEnding": "2022-09-29", "updatedFromDate": "2023-09-29"}, {"date": "2022-11-08", "symbol": "OIIIF", "eps": -0.01, "epsEstimated": -0.00667, "time": "bmo", "revenue": null, "revenueEstimated": null, "fiscalDateEnding": "2022-09-30", "updatedFromDate": "2023-08-16"}, {"date": "2022-11-08", "symbol": "KOA.OL", "eps": 0.0066, "epsEstimated": null, "time": "bmo", "revenue": 246000000, "revenueEstimated": null, "fiscalDateEnding": "2022-09-30", "updatedFromDate": "2023-08-16"}, {"date": "2022-11-08", "symbol": "STGT.BK", "eps": 0.01, "epsEstimated": 0.15, "time": "bmo", "revenue": 4883954618, "revenueEstimated": null, "fiscalDateEnding": "2022-09-30", "updatedFromDate": "2023-08-16"}, {"date": "2022-11-08", "symbol": "7220.T", "eps": 9.31, "epsEstimated": 18.4, "time": "bmo", "revenue": 63925000000, "revenueEstimated": null, "fiscalDateEnding": "2022-08-08", "updatedFromDate": "2023-10-16"}, {"date": "2022-11-08", "symbol": "RCDTF", "eps": 0.43, "epsEstimated": 0.52, "time": "bmo", "revenue": 485052000, "revenueEstimated": null, "fiscalDateEnding": "2022-09-30", "updatedFromDate": "2023-09-29"}, {"date": "2022-11-08", "symbol": "AGGZF", "eps": 1.41, "epsEstimated": 1.11, "time": "amc", "revenue": 402074000, "revenueEstimated": null, "fiscalDateEnding": "2022-09-30", "updatedFromDate": "2023-08-16"}, {"date": "2022-11-08", "symbol": "SSR.AX", "eps": -0.12, "epsEstimated": -0.02289, "time": "bmo", "revenue": null, "revenueEstimated": null, "fiscalDateEnding": "2022-09-30", "updatedFromDate": "2023-08-16"}, {"date": "2022-11-08", "symbol": "GTMS.TO", "eps": -0.59, "epsEstimated": -0.22, "time": "bmo", "revenue": 20752105, "revenueEstimated": 30900000, "fiscalDateEnding": "2022-09-30", "updatedFromDate": "2023-08-16"}, {"date": "2022-11-08", "symbol": "SGSVF", "eps": 0.03, "epsEstimated": null, "time": "amc", "revenue": null, "revenueEstimated": null, "fiscalDateEnding": "2022-09-30", "updatedFromDate": "2023-08-16"}, {"date": "2022-11-08", "symbol": "MIN.TO", "eps": -0.06, "epsEstimated": -0.01, "time": "bmo", "revenue": 619000, "revenueEstimated": null, "fiscalDateEnding": "2022-09-30", "updatedFromDate": "2023-08-16"}, {"date": "2022-11-08", "symbol": "SOIL.V", "eps": 2.87, "epsEstimated": 0.23, "time": "bmo", "revenue": 106449000, "revenueEstimated": null, "fiscalDateEnding": "2022-09-30", "updatedFromDate": "2023-08-16"}, {"date": "2022-11-08", "symbol": "EQGPF", "eps": 2.35, "epsEstimated": 2.11, "time": "amc", "revenue": 196745000, "revenueEstimated": null, "fiscalDateEnding": "2022-09-30", "updatedFromDate": "2023-08-16"}, {"date": "2022-11-08", "symbol": "OILSF", "eps": 2.87, "epsEstimated": 0.23, "time": "bmo", "revenue": null, "revenueEstimated": null, "fiscalDateEnding": "2022-09-30", "updatedFromDate": "2023-08-16"}, {"date": "2022-11-08", "symbol": "CMT", "eps": 0.35, "epsEstimated": 0.18, "time": "bmo", "revenue": 101606000, "revenueEstimated": null, "fiscalDateEnding": "2022-09-29", "updatedFromDate": "2023-09-29"}, {"date": "2022-11-08", "symbol": "UMH", "eps": -0.18, "epsEstimated": 0.22, "time": "amc", "revenue": 51937000, "revenueEstimated": null, "fiscalDateEnding": "2022-09-29", "updatedFromDate": "2023-09-29"}, {"date": "2022-11-08", "symbol": "FCBBF", "eps": null, "epsEstimated": null, "time": "bmo", "revenue": null, "revenueEstimated": null, "fiscalDateEnding": "2022-09-30", "updatedFromDate": "2023-08-16"}, {"date": "2022-11-08", "symbol": "ACAST.ST", "eps": -0.38038, "epsEstimated": null, "time": "bmo", "revenue": 321950000, "revenueEstimated": null, "fiscalDateEnding": "2022-09-30", "updatedFromDate": "2023-08-16"}, {"date": "2022-11-08", "symbol": "ARRY", "eps": 0.18, "epsEstimated": 0.1, "time": "amc", "revenue": 515024000, "revenueEstimated": 380030000, "fiscalDateEnding": "2022-09-29", "updatedFromDate": "2023-09-29"}, {"date": "2022-11-08", "symbol": "4536.T", "eps": -72.84, "epsEstimated": 9.66, "time": "bmo", "revenue": 65533000000, "revenueEstimated": null, "fiscalDateEnding": "2022-08-08", "updatedFromDate": "2023-10-17"}, {"date": "2022-11-08", "symbol": "CCU", "eps": 0.1, "epsEstimated": 0.01429, "time": "bmo", "revenue": 684105535000, "revenueEstimated": null, "fiscalDateEnding": "2022-09-30", "updatedFromDate": "2023-09-29"}, {"date": "2022-11-08", "symbol": "MGDPF", "eps": -0.01, "epsEstimated": -0.00273, "time": "amc", "revenue": null, "revenueEstimated": null, "fiscalDateEnding": "2022-09-30", "updatedFromDate": "2023-08-16"}, {"date": "2022-11-08", "symbol": "THCOM.BK", "eps": 0.11, "epsEstimated": null, "time": "bmo", "revenue": 761568000, "revenueEstimated": null, "fiscalDateEnding": "2022-09-30", "updatedFromDate": "2023-08-16"}, {"date": "2022-11-08", "symbol": "033640.KQ", "eps": -268, "epsEstimated": null, "time": "bmo", "revenue": null, "revenueEstimated": null, "fiscalDateEnding": "2022-09-30", "updatedFromDate": "2023-08-16"}, {"date": "2022-11-08", "symbol": "MAL.TO", "eps": 0.01, "epsEstimated": 0.02, "time": "bmo", "revenue": 191099000, "revenueEstimated": null, "fiscalDateEnding": "2022-09-30", "updatedFromDate": "2023-10-16"}, {"date": "2022-11-08", "symbol": "NXGL", "eps": -0.22, "epsEstimated": -0.15, "time": "amc", "revenue": 568000, "revenueEstimated": null, "fiscalDateEnding": "2022-09-29", "updatedFromDate": "2023-09-29"}, {"date": "2022-11-08", "symbol": "ABSSF", "eps": -0.44, "epsEstimated": -0.23, "time": "bmo", "revenue": 104682000, "revenueEstimated": null, "fiscalDateEnding": "2022-09-30", "updatedFromDate": "2023-08-16"}, {"date": "2022-11-08", "symbol": "CTSDF", "eps": 0.1, "epsEstimated": 0.1, "time": "bmo", "revenue": 603206000, "revenueEstimated": null, "fiscalDateEnding": "2022-09-30", "updatedFromDate": "2023-08-16"}, {"date": "2022-11-08", "symbol": "ASTR", "eps": -2.55, "epsEstimated": -2.7, "time": "bmo", "revenue": 2777000, "revenueEstimated": null, "fiscalDateEnding": "2022-09-29", "updatedFromDate": "2023-09-29"}, {"date": "2022-11-08", "symbol": "SRLP", "eps": null, "epsEstimated": null, "time": "bmo", "revenue": null, "revenueEstimated": 1138890000, "fiscalDateEnding": "2022-09-29", "updatedFromDate": "2023-08-16"}, {"date": "2022-11-08", "symbol": "7013.T", "eps": 83.44, "epsEstimated": 65.9, "time": "bmo", "revenue": 264290000000, "revenueEstimated": null, "fiscalDateEnding": "2022-08-08", "updatedFromDate": "2023-10-17"}, {"date": "2022-11-08", "symbol": "QUOT", "eps": -0.07, "epsEstimated": null, "time": "amc", "revenue": 70336000, "revenueEstimated": null, "fiscalDateEnding": "2022-09-29", "updatedFromDate": "2023-09-29"}, {"date": "2022-11-08", "symbol": "CRLFF", "eps": 0.21, "epsEstimated": 0.33, "time": "amc", "revenue": null, "revenueEstimated": null, "fiscalDateEnding": "2022-09-30", "updatedFromDate": "2023-08-16"}, {"date": "2022-11-08", "symbol": "VIEW", "eps": -16.17, "epsEstimated": -16.77, "time": "amc", "revenue": 23762000, "revenueEstimated": null, "fiscalDateEnding": "2022-09-29", "updatedFromDate": "2023-09-29"}, {"date": "2022-11-08", "symbol": "TWPC.BK", "eps": 0.05398, "epsEstimated": null, "time": "bmo", "revenue": 2603238000, "revenueEstimated": null, "fiscalDateEnding": "2022-09-30", "updatedFromDate": "2023-08-16"}, {"date": "2022-11-08", "symbol": "AMIVF", "eps": 0.27, "epsEstimated": 0.26, "time": "amc", "revenue": 13232000, "revenueEstimated": null, "fiscalDateEnding": "2022-09-30", "updatedFromDate": "2023-08-16"}, {"date": "2022-11-08", "symbol": "8032.T", "eps": 287.27, "epsEstimated": null, "time": "bmo", "revenue": 125751000000, "revenueEstimated": null, "fiscalDateEnding": "2022-08-08", "updatedFromDate": "2023-10-17"}, {"date": "2022-11-08", "symbol": "ULKER.IS", "eps": -0.63, "epsEstimated": -0.46, "time": "bmo", "revenue": null, "revenueEstimated": null, "fiscalDateEnding": "2022-09-30", "updatedFromDate": "2023-08-16"}, {"date": "2022-11-08", "symbol": "PSHIF", "eps": 0.04, "epsEstimated": 0.03, "time": "bmo", "revenue": null, "revenueEstimated": null, "fiscalDateEnding": "2022-09-30", "updatedFromDate": "2023-08-16"}, {"date": "2022-11-08", "symbol": "CYXT", "eps": -0.31, "epsEstimated": -0.19, "time": "bmo", "revenue": 186600000, "revenueEstimated": null, "fiscalDateEnding": "2022-09-29", "updatedFromDate": "2023-09-29"}, {"date": "2022-11-08", "symbol": "PAYS", "eps": 0.02, "epsEstimated": 0.00667, "time": "amc", "revenue": 10596428, "revenueEstimated": null, "fiscalDateEnding": "2022-09-29", "updatedFromDate": "2023-09-29"}, {"date": "2022-11-08", "symbol": "1733.TW", "eps": 0.64, "epsEstimated": 0.51, "time": "bmo", "revenue": 605478000, "revenueEstimated": null, "fiscalDateEnding": "2022-09-30", "updatedFromDate": "2023-08-16"}, {"date": "2022-11-08", "symbol": "HZNOF", "eps": 0.07, "epsEstimated": 0.11, "time": "bmo", "revenue": 259803000, "revenueEstimated": null, "fiscalDateEnding": "2022-09-30", "updatedFromDate": "2023-08-16"}, {"date": "2022-11-08", "symbol": "NCAB.ST", "eps": 0.74, "epsEstimated": 0.5, "time": "bmo", "revenue": 1168300000, "revenueEstimated": null, "fiscalDateEnding": "2022-09-30", "updatedFromDate": "2023-08-16"}, {"date": "2022-11-08", "symbol": "TNISF", "eps": 0.37, "epsEstimated": 0.32, "time": "bmo", "revenue": 1160908000, "revenueEstimated": null, "fiscalDateEnding": "2022-09-30", "updatedFromDate": "2023-08-16"}, {"date": "2022-11-08", "symbol": "ANDHF", "eps": 0.44, "epsEstimated": 0.41, "time": "bmo", "revenue": null, "revenueEstimated": null, "fiscalDateEnding": "2022-09-30", "updatedFromDate": "2023-08-16"}, {"date": "2022-11-08", "symbol": "079160.KS", "eps": -658, "epsEstimated": null, "time": "bmo", "revenue": 405098349510, "revenueEstimated": null, "fiscalDateEnding": "2022-09-30", "updatedFromDate": "2023-08-16"}, {"date": "2022-11-08", "symbol": "2428.TW", "eps": 3.11, "epsEstimated": null, "time": "bmo", "revenue": 1888547000, "revenueEstimated": null, "fiscalDateEnding": "2022-09-30", "updatedFromDate": "2023-08-16"}, {"date": "2022-11-08", "symbol": "3707.TWO", "eps": 0.93, "epsEstimated": 0.74, "time": "bmo", "revenue": 2421524000, "revenueEstimated": null, "fiscalDateEnding": "2022-09-30", "updatedFromDate": "2023-08-16"}, {"date": "2022-11-08", "symbol": "ROG", "eps": 1.11, "epsEstimated": null, "time": "bmo", "revenue": 247231000, "revenueEstimated": null, "fiscalDateEnding": "2022-09-29", "updatedFromDate": "2023-09-29"}, {"date": "2022-11-08", "symbol": "SPRC.BK", "eps": -1.16, "epsEstimated": null, "time": "bmo", "revenue": 75444972871, "revenueEstimated": null, "fiscalDateEnding": "2022-09-30", "updatedFromDate": "2023-08-16"}, {"date": "2022-11-08", "symbol": "SNNP.BK", "eps": 0.15, "epsEstimated": 0.14, "time": "bmo", "revenue": 1467905902, "revenueEstimated": null, "fiscalDateEnding": "2022-09-30", "updatedFromDate": "2023-08-16"}, {"date": "2022-11-08", "symbol": "DNAY", "eps": -0.42, "epsEstimated": -0.48, "time": "amc", "revenue": 6675000, "revenueEstimated": 6300000, "fiscalDateEnding": "2022-09-29", "updatedFromDate": "2023-08-16"}, {"date": "2022-11-08", "symbol": "HOME.MC", "eps": 0.21, "epsEstimated": 0.32, "time": "bmo", "revenue": 117701000, "revenueEstimated": null, "fiscalDateEnding": "2022-09-30", "updatedFromDate": "2023-08-16"}, {"date": "2022-11-08", "symbol": "WIN.SW", "eps": -0.12, "epsEstimated": 0.24, "time": "bmo", "revenue": 810400000, "revenueEstimated": null, "fiscalDateEnding": "2022-09-30", "updatedFromDate": "2023-08-16"}, {"date": "2022-11-08", "symbol": "RNWK", "eps": -0.14036, "epsEstimated": null, "time": "amc", "revenue": 11708000, "revenueEstimated": 11708000, "fiscalDateEnding": "2022-09-29", "updatedFromDate": "2023-08-16"}, {"date": "2022-11-08", "symbol": "ADES", "eps": -0.13, "epsEstimated": null, "time": "amc", "revenue": 28437000, "revenueEstimated": 11483000, "fiscalDateEnding": "2022-09-29", "updatedFromDate": "2023-09-29"}, {"date": "2022-11-08", "symbol": "120110.KS", "eps": 942.77, "epsEstimated": null, "time": "bmo", "revenue": 1258885654410, "revenueEstimated": null, "fiscalDateEnding": "2022-09-30", "updatedFromDate": "2023-08-16"}, {"date": "2022-11-08", "symbol": "MALJF", "eps": 0.01, "epsEstimated": 0.02, "time": "bmo", "revenue": null, "revenueEstimated": null, "fiscalDateEnding": "2022-09-30", "updatedFromDate": "2023-08-16"}, {"date": "2022-11-08", "symbol": "EMBK", "eps": -1.53, "epsEstimated": -1.2, "time": "bmo", "revenue": null, "revenueEstimated": null, "fiscalDateEnding": "2022-09-29", "updatedFromDate": "2023-09-29"}, {"date": "2022-11-08", "symbol": "TRKNF", "eps": 0.33, "epsEstimated": 0.57, "time": "bmo", "revenue": null, "revenueEstimated": null, "fiscalDateEnding": "2022-09-30", "updatedFromDate": "2023-08-16"}, {"date": "2022-11-08", "symbol": "MOZ.TO", "eps": -0.01, "epsEstimated": null, "time": "bmo", "revenue": null, "revenueEstimated": null, "fiscalDateEnding": "2022-09-30", "updatedFromDate": "2023-08-16"}, {"date": "2022-11-08", "symbol": "AAU", "eps": -0.00191, "epsEstimated": -0.00095, "time": "bmo", "revenue": null, "revenueEstimated": null, "fiscalDateEnding": "2022-09-30", "updatedFromDate": "2023-09-29"}, {"date": "2022-11-08", "symbol": "GLTO", "eps": -0.54, "epsEstimated": -0.68, "time": "bmo", "revenue": null, "revenueEstimated": null, "fiscalDateEnding": "2022-09-29", "updatedFromDate": "2023-09-29"}, {"date": "2022-11-08", "symbol": "MPVD.TO", "eps": -0.03408, "epsEstimated": null, "time": "bmo", "revenue": 110124000, "revenueEstimated": null, "fiscalDateEnding": "2022-09-30", "updatedFromDate": "2023-10-16"}, {"date": "2022-11-08", "symbol": "SLDP", "eps": -0.07, "epsEstimated": -0.11, "time": "amc", "revenue": 2813000, "revenueEstimated": null, "fiscalDateEnding": "2022-09-29", "updatedFromDate": "2023-09-29"}, {"date": "2022-11-08", "symbol": "SND", "eps": 0.06, "epsEstimated": 0.04, "time": "amc", "revenue": 71592000, "revenueEstimated": null, "fiscalDateEnding": "2022-09-29", "updatedFromDate": "2023-09-29"}, {"date": "2022-11-08", "symbol": "2328.TW", "eps": 0.95, "epsEstimated": 0.59, "time": "bmo", "revenue": 6483846000, "revenueEstimated": null, "fiscalDateEnding": "2022-09-30", "updatedFromDate": "2023-08-16"}, {"date": "2022-11-08", "symbol": "TISI", "eps": -5.5, "epsEstimated": null, "time": "bmo", "revenue": 218339000, "revenueEstimated": null, "fiscalDateEnding": "2022-09-29", "updatedFromDate": "2023-09-29"}, {"date": "2022-11-08", "symbol": "DKILY", "eps": 0.2, "epsEstimated": null, "time": "bmo", "revenue": 1094715000000, "revenueEstimated": null, "fiscalDateEnding": "2022-08-08", "updatedFromDate": "2023-10-17"}, {"date": "2022-11-08", "symbol": "RDW", "eps": -0.16, "epsEstimated": -0.12, "time": "amc", "revenue": 37249000, "revenueEstimated": 42000000, "fiscalDateEnding": "2022-09-29", "updatedFromDate": "2023-09-29"}, {"date": "2022-11-08", "symbol": "CJ.TO", "eps": 0.21, "epsEstimated": 0.33, "time": "bmo", "revenue": 180552000, "revenueEstimated": null, "fiscalDateEnding": "2022-09-30", "updatedFromDate": "2023-08-17"}, {"date": "2022-11-08", "symbol": "ELMD", "eps": 0.01, "epsEstimated": 0.00583, "time": "amc", "revenue": 10658000, "revenueEstimated": null, "fiscalDateEnding": "2022-09-29", "updatedFromDate": "2023-09-29"}, {"date": "2022-11-08", "symbol": "ARVL", "eps": -6.5, "epsEstimated": -0.09, "time": "bmo", "revenue": null, "revenueEstimated": null, "fiscalDateEnding": "2022-09-30", "updatedFromDate": "2023-09-29"}, {"date": "2022-11-08", "symbol": "SMPFF", "eps": null, "epsEstimated": null, "time": "bmo", "revenue": null, "revenueEstimated": null, "fiscalDateEnding": "2022-09-30", "updatedFromDate": "2023-08-17"}, {"date": "2022-11-08", "symbol": "NHNKF", "eps": 57.78, "epsEstimated": null, "time": "bmo", "revenue": null, "revenueEstimated": null, "fiscalDateEnding": "2023-03-31", "updatedFromDate": "2023-08-17"}, {"date": "2022-11-08", "symbol": "AFM.V", "eps": 0.01596, "epsEstimated": null, "time": "bmo", "revenue": 67824367, "revenueEstimated": null, "fiscalDateEnding": "2022-09-30", "updatedFromDate": "2023-08-16"}, {"date": "2022-11-08", "symbol": "ALLXF", "eps": null, "epsEstimated": 0.01, "time": "bmo", "revenue": null, "revenueEstimated": null, "fiscalDateEnding": "2022-09-30", "updatedFromDate": "2023-08-16"}, {"date": "2022-11-08", "symbol": "3611.TWO", "eps": 5.73, "epsEstimated": null, "time": "bmo", "revenue": 1980110000, "revenueEstimated": null, "fiscalDateEnding": "2022-09-30", "updatedFromDate": "2023-08-16"}, {"date": "2022-11-08", "symbol": "SZCRF", "eps": -1.52, "epsEstimated": -0.54, "time": "bmo", "revenue": null, "revenueEstimated": null, "fiscalDateEnding": "2022-09-30", "updatedFromDate": "2023-08-16"}, {"date": "2022-11-08", "symbol": "MDIKF", "eps": -3.3, "epsEstimated": 57.23, "time": "bmo", "revenue": null, "revenueEstimated": null, "fiscalDateEnding": "2022-09-30", "updatedFromDate": "2023-08-16"}, {"date": "2022-11-08", "symbol": "DALXF", "eps": 1.64, "epsEstimated": 0.66, "time": "bmo", "revenue": null, "revenueEstimated": null, "fiscalDateEnding": "2022-09-30", "updatedFromDate": "2023-08-16"}, {"date": "2022-11-08", "symbol": "SRNE", "eps": -0.2, "epsEstimated": -0.25, "time": "bmo", "revenue": 17400000, "revenueEstimated": null, "fiscalDateEnding": "2022-09-29", "updatedFromDate": "2023-08-16"}, {"date": "2022-11-08", "symbol": "4477.T", "eps": -2.63, "epsEstimated": null, "time": "bmo", "revenue": 2292000000, "revenueEstimated": null, "fiscalDateEnding": "2022-09-30", "updatedFromDate": "2023-08-16"}, {"date": "2022-11-08", "symbol": "SOOBF", "eps": 72.98, "epsEstimated": 68.7, "time": "bmo", "revenue": null, "revenueEstimated": null, "fiscalDateEnding": "2022-09-30", "updatedFromDate": "2023-08-16"}, {"date": "2022-11-08", "symbol": "EVOTF", "eps": -0.27, "epsEstimated": null, "time": "bmo", "revenue": null, "revenueEstimated": null, "fiscalDateEnding": "2022-09-30", "updatedFromDate": "2023-08-16"}, {"date": "2022-11-08", "symbol": "AGESY", "eps": 0.77, "epsEstimated": 1.39, "time": "bmo", "revenue": null, "revenueEstimated": null, "fiscalDateEnding": "2022-08-08", "updatedFromDate": "2023-09-29"}, {"date": "2022-11-08", "symbol": "FJLLF", "eps": 15.93, "epsEstimated": 23.8, "time": "bmo", "revenue": null, "revenueEstimated": null, "fiscalDateEnding": "2023-03-31", "updatedFromDate": "2023-08-16"}, {"date": "2022-11-08", "symbol": "CEG", "eps": -0.57, "epsEstimated": 0.76, "time": "bmo", "revenue": 6051000000, "revenueEstimated": null, "fiscalDateEnding": "2022-09-29", "updatedFromDate": "2023-09-29"}, {"date": "2022-11-08", "symbol": "NIJPF", "eps": -120.12, "epsEstimated": null, "time": "bmo", "revenue": null, "revenueEstimated": null, "fiscalDateEnding": "2023-03-31", "updatedFromDate": "2023-08-16"}, {"date": "2022-11-08", "symbol": "ISPC", "eps": -0.35, "epsEstimated": -0.34, "time": "bmo", "revenue": 2583412, "revenueEstimated": null, "fiscalDateEnding": "2022-09-29", "updatedFromDate": "2023-09-29"}, {"date": "2022-11-08", "symbol": "6504.TW", "eps": 0.49, "epsEstimated": null, "time": "bmo", "revenue": 1518912000, "revenueEstimated": null, "fiscalDateEnding": "2022-09-30", "updatedFromDate": "2023-08-16"}, {"date": "2022-11-08", "symbol": "PPBT", "eps": 0.27, "epsEstimated": 0.21, "time": "bmo", "revenue": null, "revenueEstimated": null, "fiscalDateEnding": "2022-09-30", "updatedFromDate": "2023-09-29"}, {"date": "2022-11-08", "symbol": "ART.V", "eps": -0.00827, "epsEstimated": -0.01, "time": "bmo", "revenue": 2027538, "revenueEstimated": 2050000, "fiscalDateEnding": "2022-09-30", "updatedFromDate": "2023-08-25"}, {"date": "2022-11-08", "symbol": "INTR", "eps": -0.01, "epsEstimated": -0.00595, "time": "bmo", "revenue": 850304000, "revenueEstimated": 189480000, "fiscalDateEnding": "2022-09-30", "updatedFromDate": "2023-09-29"}, {"date": "2022-11-08", "symbol": "EXN.TO", "eps": -0.11, "epsEstimated": -0.07, "time": "bmo", "revenue": 6982000, "revenueEstimated": null, "fiscalDateEnding": "2022-09-30", "updatedFromDate": "2023-10-16"}, {"date": "2022-11-08", "symbol": "TRUHF", "eps": 0.03, "epsEstimated": 0.06, "time": "bmo", "revenue": null, "revenueEstimated": null, "fiscalDateEnding": "2022-09-30", "updatedFromDate": "2023-08-16"}, {"date": "2022-11-08", "symbol": "IGTI3.SA", "eps": 0.06, "epsEstimated": 0.24, "time": "bmo", "revenue": 251276000, "revenueEstimated": null, "fiscalDateEnding": "2022-09-30", "updatedFromDate": "2023-08-16"}, {"date": "2022-11-08", "symbol": "ADBKF", "eps": 0.35, "epsEstimated": 0.31, "time": "bmo", "revenue": null, "revenueEstimated": null, "fiscalDateEnding": "2022-09-30", "updatedFromDate": "2023-08-16"}, {"date": "2022-11-08", "symbol": "5243.TW", "eps": 1.65, "epsEstimated": 0.96, "time": "bmo", "revenue": 4130847000, "revenueEstimated": null, "fiscalDateEnding": "2022-09-30", "updatedFromDate": "2023-08-16"}, {"date": "2022-11-08", "symbol": "7203.SR", "eps": 3.42, "epsEstimated": null, "time": "bmo", "revenue": 1167414601, "revenueEstimated": null, "fiscalDateEnding": "2022-09-30", "updatedFromDate": "2023-08-16"}, {"date": "2022-11-08", "symbol": "PHAS", "eps": null, "epsEstimated": -0.35, "time": "bmo", "revenue": null, "revenueEstimated": null, "fiscalDateEnding": "2022-09-29", "updatedFromDate": "2023-08-16"}, {"date": "2022-11-08", "symbol": "1803.T", "eps": 10.31, "epsEstimated": 15.34, "time": "bmo", "revenue": 384714000000, "revenueEstimated": null, "fiscalDateEnding": "2022-08-08", "updatedFromDate": "2023-10-17"}, {"date": "2022-11-08", "symbol": "8104.TW", "eps": 0.13, "epsEstimated": null, "time": "bmo", "revenue": 803574000, "revenueEstimated": null, "fiscalDateEnding": "2022-09-30", "updatedFromDate": "2023-08-16"}, {"date": "2022-11-08", "symbol": "INFU", "eps": 0.02, "epsEstimated": 0.00667, "time": "bmo", "revenue": 27279000, "revenueEstimated": null, "fiscalDateEnding": "2022-09-29", "updatedFromDate": "2023-09-29"}, {"date": "2022-11-08", "symbol": "FRHLF", "eps": 0.42, "epsEstimated": 0.32, "time": "bmo", "revenue": 96000000, "revenueEstimated": null, "fiscalDateEnding": "2022-09-30", "updatedFromDate": "2023-08-16"}, {"date": "2022-11-08", "symbol": "MSPR", "eps": -0.19, "epsEstimated": 0.54, "time": "bmo", "revenue": null, "revenueEstimated": null, "fiscalDateEnding": "2022-08-08", "updatedFromDate": "2023-08-16"}, {"date": "2022-11-08", "symbol": "TRIS3.SA", "eps": 0.06, "epsEstimated": 0.16, "time": "bmo", "revenue": null, "revenueEstimated": null, "fiscalDateEnding": "2022-09-30", "updatedFromDate": "2023-08-16"}, {"date": "2022-11-08", "symbol": "REVRQ", "eps": -2.71, "epsEstimated": null, "time": "bmo", "revenue": 468400000, "revenueEstimated": 442600000, "fiscalDateEnding": "2022-09-30", "updatedFromDate": "2023-09-29"}, {"date": "2022-11-08", "symbol": "AWTRF", "eps": 36.35, "epsEstimated": null, "time": "bmo", "revenue": null, "revenueEstimated": null, "fiscalDateEnding": "2023-03-31", "updatedFromDate": "2023-08-16"}, {"date": "2022-11-08", "symbol": "PSPN.SW", "eps": 1.24, "epsEstimated": null, "time": "bmo", "revenue": 86909000, "revenueEstimated": null, "fiscalDateEnding": "2022-09-30", "updatedFromDate": "2023-08-16"}, {"date": "2022-11-08", "symbol": "SFER.MI", "eps": 0.04, "epsEstimated": null, "time": "bmo", "revenue": 1251808000, "revenueEstimated": null, "fiscalDateEnding": "2022-09-30", "updatedFromDate": "2023-08-16"}, {"date": "2022-11-08", "symbol": "NVCT", "eps": -0.42, "epsEstimated": -0.27, "time": "bmo", "revenue": null, "revenueEstimated": null, "fiscalDateEnding": "2022-09-29", "updatedFromDate": "2023-09-29"}, {"date": "2022-11-08", "symbol": "AFMJF", "eps": null, "epsEstimated": null, "time": "bmo", "revenue": null, "revenueEstimated": null, "fiscalDateEnding": "2022-09-30", "updatedFromDate": "2023-08-16"}, {"date": "2022-11-08", "symbol": "6750.T", "eps": 28.29, "epsEstimated": null, "time": "bmo", "revenue": 26152000000, "revenueEstimated": null, "fiscalDateEnding": "2022-08-08", "updatedFromDate": "2023-10-17"}, {"date": "2022-11-08", "symbol": "OR.BK", "eps": 0.06, "epsEstimated": 0.18, "time": "bmo", "revenue": 194795534495, "revenueEstimated": null, "fiscalDateEnding": "2022-09-30", "updatedFromDate": "2023-08-16"}, {"date": "2022-11-08", "symbol": "BNE.TO", "eps": 0.47, "epsEstimated": null, "time": "bmo", "revenue": 88827000, "revenueEstimated": null, "fiscalDateEnding": "2022-09-30", "updatedFromDate": "2023-08-16"}, {"date": "2022-11-08", "symbol": "KBCSF", "eps": 1.83, "epsEstimated": 1.62, "time": "bmo", "revenue": 2097000000, "revenueEstimated": null, "fiscalDateEnding": "2022-09-30", "updatedFromDate": "2023-08-16"}, {"date": "2022-11-08", "symbol": "HEN3.F", "eps": null, "epsEstimated": 0.98, "time": "bmo", "revenue": null, "revenueEstimated": null, "fiscalDateEnding": "2022-08-08", "updatedFromDate": "2023-08-16"}, {"date": "2022-11-08", "symbol": "KCE.BK", "eps": 0.55, "epsEstimated": 0.55, "time": "bmo", "revenue": 4633948000, "revenueEstimated": null, "fiscalDateEnding": "2022-09-30", "updatedFromDate": "2023-08-16"}, {"date": "2022-11-08", "symbol": "5801.T", "eps": 31.08, "epsEstimated": 87.97, "time": "bmo", "revenue": 260293000000, "revenueEstimated": null, "fiscalDateEnding": "2022-08-08", "updatedFromDate": "2023-10-17"}, {"date": "2022-11-08", "symbol": "EGY", "eps": 0.56, "epsEstimated": 0.16, "time": "amc", "revenue": 90021000, "revenueEstimated": null, "fiscalDateEnding": "2022-09-29", "updatedFromDate": "2023-09-29"}, {"date": "2022-11-08", "symbol": "8841.T", "eps": 10.62, "epsEstimated": 9.06, "time": "bmo", "revenue": 4001000000, "revenueEstimated": null, "fiscalDateEnding": "2022-08-08", "updatedFromDate": "2023-10-17"}, {"date": "2022-11-08", "symbol": "LOV", "eps": 0.41, "epsEstimated": 0.73, "time": "amc", "revenue": 48180000, "revenueEstimated": null, "fiscalDateEnding": "2022-09-29", "updatedFromDate": "2023-09-29"}, {"date": "2022-11-08", "symbol": "3016.TW", "eps": 0.69, "epsEstimated": null, "time": "bmo", "revenue": 1544038000, "revenueEstimated": null, "fiscalDateEnding": "2022-09-30", "updatedFromDate": "2023-08-16"}, {"date": "2022-11-08", "symbol": "4572.TW", "eps": 1.9, "epsEstimated": null, "time": "bmo", "revenue": 172173000, "revenueEstimated": null, "fiscalDateEnding": "2022-09-30", "updatedFromDate": "2023-08-16"}, {"date": "2022-11-08", "symbol": "FLY.V", "eps": 0.02, "epsEstimated": null, "time": "bmo", "revenue": null, "revenueEstimated": null, "fiscalDateEnding": "2022-09-30", "updatedFromDate": "2023-08-16"}, {"date": "2022-11-08", "symbol": "KIND", "eps": -0.09, "epsEstimated": -0.09, "time": "amc", "revenue": 53954000, "revenueEstimated": null, "fiscalDateEnding": "2022-09-29", "updatedFromDate": "2023-09-29"}, {"date": "2022-11-08", "symbol": "ZSANQ", "eps": null, "epsEstimated": null, "time": "bmo", "revenue": null, "revenueEstimated": 100000, "fiscalDateEnding": "2022-09-30", "updatedFromDate": "2023-08-16"}, {"date": "2022-11-08", "symbol": "4165.T", "eps": -6.58, "epsEstimated": -10.94, "time": "bmo", "revenue": 1876297000, "revenueEstimated": null, "fiscalDateEnding": "2022-09-30", "updatedFromDate": "2023-08-16"}, {"date": "2022-11-08", "symbol": "DCC.BK", "eps": 0.04, "epsEstimated": null, "time": "bmo", "revenue": 1894894000, "revenueEstimated": null, "fiscalDateEnding": "2022-09-30", "updatedFromDate": "2023-08-16"}, {"date": "2022-11-08", "symbol": "PFMT", "eps": -0.02, "epsEstimated": -0.014, "time": "amc", "revenue": 27178000, "revenueEstimated": null, "fiscalDateEnding": "2022-09-29", "updatedFromDate": "2023-09-29"}, {"date": "2022-11-08", "symbol": "MGN.OL", "eps": -0.03, "epsEstimated": 0.17, "time": "bmo", "revenue": 3800000, "revenueEstimated": null, "fiscalDateEnding": "2022-09-30", "updatedFromDate": "2023-08-16"}, {"date": "2022-11-08", "symbol": "BNEFF", "eps": 0.36, "epsEstimated": null, "time": "bmo", "revenue": 88827000, "revenueEstimated": null, "fiscalDateEnding": "2022-09-30", "updatedFromDate": "2023-09-29"}, {"date": "2022-11-08", "symbol": "3022.TW", "eps": 3.43, "epsEstimated": null, "time": "bmo", "revenue": 2543933000, "revenueEstimated": null, "fiscalDateEnding": "2022-09-30", "updatedFromDate": "2023-08-16"}, {"date": "2022-11-08", "symbol": "HDIUF", "eps": 1.31, "epsEstimated": 1.28, "time": "bmo", "revenue": 659685000, "revenueEstimated": null, "fiscalDateEnding": "2022-09-30", "updatedFromDate": "2023-08-16"}, {"date": "2022-11-08", "symbol": "TTKOM.IS", "eps": 0.33, "epsEstimated": 0.57, "time": "bmo", "revenue": 12551972000, "revenueEstimated": null, "fiscalDateEnding": "2022-09-30", "updatedFromDate": "2023-08-16"}, {"date": "2022-11-08", "symbol": "CWBR", "eps": -0.82, "epsEstimated": -1.02, "time": "amc", "revenue": null, "revenueEstimated": null, "fiscalDateEnding": "2022-09-29", "updatedFromDate": "2023-09-29"}, {"date": "2022-11-08", "symbol": "4732.T", "eps": 29.35, "epsEstimated": null, "time": "bmo", "revenue": 21136000000, "revenueEstimated": null, "fiscalDateEnding": "2022-08-08", "updatedFromDate": "2023-10-17"}, {"date": "2022-11-08", "symbol": "BIRDF", "eps": 0.29, "epsEstimated": 0.21, "time": "bmo", "revenue": 668156000, "revenueEstimated": null, "fiscalDateEnding": "2022-09-30", "updatedFromDate": "2023-08-25"}, {"date": "2022-11-08", "symbol": "SG", "eps": -0.33, "epsEstimated": -0.37, "time": "amc", "revenue": 124026000, "revenueEstimated": null, "fiscalDateEnding": "2022-09-24", "updatedFromDate": "2023-09-29"}, {"date": "2022-11-08", "symbol": "9722.T", "eps": -46.88, "epsEstimated": -203.7, "time": "bmo", "revenue": 11029000000, "revenueEstimated": null, "fiscalDateEnding": "2022-09-30", "updatedFromDate": "2023-08-16"}, {"date": "2022-11-08", "symbol": "EICCF", "eps": -0.22, "epsEstimated": -0.36, "time": "bmo", "revenue": null, "revenueEstimated": null, "fiscalDateEnding": "2022-09-30", "updatedFromDate": "2023-08-16"}, {"date": "2022-11-08", "symbol": "KNDI", "eps": 0.01, "epsEstimated": 0.00429, "time": "bmo", "revenue": 33673201, "revenueEstimated": null, "fiscalDateEnding": "2022-09-29", "updatedFromDate": "2023-09-29"}, {"date": "2022-11-08", "symbol": "NER.BK", "eps": 0.2862, "epsEstimated": null, "time": "bmo", "revenue": 7221529000, "revenueEstimated": null, "fiscalDateEnding": "2022-09-30", "updatedFromDate": "2023-08-25"}, {"date": "2022-11-08", "symbol": "2810.T", "eps": 19.38, "epsEstimated": 24.6, "time": "bmo", "revenue": 66324000000, "revenueEstimated": null, "fiscalDateEnding": "2022-08-08", "updatedFromDate": "2023-10-17"}, {"date": "2022-11-08", "symbol": "EXMGF", "eps": -0.06, "epsEstimated": -0.01, "time": "bmo", "revenue": null, "revenueEstimated": null, "fiscalDateEnding": "2022-09-30", "updatedFromDate": "2023-08-16"}, {"date": "2022-11-08", "symbol": "MNKD", "eps": -0.06, "epsEstimated": -0.1, "time": "bmo", "revenue": 32825000, "revenueEstimated": null, "fiscalDateEnding": "2022-09-29", "updatedFromDate": "2023-09-29"}, {"date": "2022-11-08", "symbol": "PWFL.TA", "eps": -0.1, "epsEstimated": -0.09, "time": "bmo", "revenue": null, "revenueEstimated": null, "fiscalDateEnding": "2022-09-30", "updatedFromDate": "2023-08-16"}, {"date": "2022-11-08", "symbol": "BAMI.MI", "eps": 0.08, "epsEstimated": 0.11, "time": "bmo", "revenue": null, "revenueEstimated": null, "fiscalDateEnding": "2022-09-30", "updatedFromDate": "2023-05-17"}, {"date": "2022-11-08", "symbol": "2070.SR", "eps": -0.38, "epsEstimated": null, "time": "bmo", "revenue": 357023441, "revenueEstimated": 430000000, "fiscalDateEnding": "2022-09-30", "updatedFromDate": "2023-05-17"}, {"date": "2022-11-08", "symbol": "8070.HK", "eps": 0.02165, "epsEstimated": null, "time": "bmo", "revenue": 101944000, "revenueEstimated": null, "fiscalDateEnding": "2022-09-30", "updatedFromDate": "2023-05-17"}, {"date": "2022-11-08", "symbol": "4112.T", "eps": 92.66, "epsEstimated": null, "time": "bmo", "revenue": 9965000000, "revenueEstimated": null, "fiscalDateEnding": "2022-08-08", "updatedFromDate": "2023-10-17"}, {"date": "2022-11-08", "symbol": "TINS.JK", "eps": 8.6, "epsEstimated": null, "time": "bmo", "revenue": 2702892000000, "revenueEstimated": 8249000000, "fiscalDateEnding": "2022-09-30", "updatedFromDate": "2023-05-17"}, {"date": "2022-11-08", "symbol": "CKG.V", "eps": -0.01934, "epsEstimated": null, "time": "bmo", "revenue": null, "revenueEstimated": null, "fiscalDateEnding": "2022-09-30", "updatedFromDate": "2023-05-17"}, {"date": "2022-11-08", "symbol": "8349.HK", "eps": 0.00235, "epsEstimated": null, "time": "bmo", "revenue": 16264000, "revenueEstimated": null, "fiscalDateEnding": "2022-09-30", "updatedFromDate": "2023-05-17"}, {"date": "2022-11-08", "symbol": "NUWE", "eps": -37, "epsEstimated": -32, "time": "bmo", "revenue": 2065000, "revenueEstimated": null, "fiscalDateEnding": "2022-09-29", "updatedFromDate": "2023-09-29"}, {"date": "2022-11-08", "symbol": "9896.T", "eps": 74.83, "epsEstimated": null, "time": "bmo", "revenue": 101127000000, "revenueEstimated": null, "fiscalDateEnding": "2022-08-08", "updatedFromDate": "2023-10-17"}, {"date": "2022-11-08", "symbol": "8405.HK", "eps": 0.02704, "epsEstimated": null, "time": "bmo", "revenue": 48603000, "revenueEstimated": null, "fiscalDateEnding": "2022-09-30", "updatedFromDate": "2023-05-17"}, {"date": "2022-11-08", "symbol": "8942.TWO", "eps": 3.51, "epsEstimated": null, "time": "bmo", "revenue": 1531432000, "revenueEstimated": null, "fiscalDateEnding": "2022-09-30", "updatedFromDate": "2023-05-17"}, {"date": "2022-11-08", "symbol": "PTH.WA", "eps": -0.02378, "epsEstimated": null, "time": "bmo", "revenue": 573000, "revenueEstimated": 1289000000, "fiscalDateEnding": "2022-08-08", "updatedFromDate": "2023-05-17"}, {"date": "2022-11-08", "symbol": "8240.TWO", "eps": 0.61, "epsEstimated": null, "time": "bmo", "revenue": 2169422000, "revenueEstimated": null, "fiscalDateEnding": "2022-09-30", "updatedFromDate": "2023-05-17"}, {"date": "2022-11-08", "symbol": "8490.HK", "eps": 0.00075, "epsEstimated": null, "time": "bmo", "revenue": 46001000, "revenueEstimated": null, "fiscalDateEnding": "2022-09-30", "updatedFromDate": "2023-05-17"}, {"date": "2022-11-08", "symbol": "RNA", "eps": -0.82, "epsEstimated": -0.97, "time": "bmo", "revenue": 2482000, "revenueEstimated": null, "fiscalDateEnding": "2022-09-29", "updatedFromDate": "2023-09-29"}, {"date": "2022-11-08", "symbol": "4061.T", "eps": 115.85, "epsEstimated": 70.04, "time": "bmo", "revenue": 94369000000, "revenueEstimated": null, "fiscalDateEnding": "2022-08-08", "updatedFromDate": "2023-10-17"}, {"date": "2022-11-08", "symbol": "4272.T", "eps": 31.63, "epsEstimated": null, "time": "bmo", "revenue": 48584000000, "revenueEstimated": null, "fiscalDateEnding": "2022-08-08", "updatedFromDate": "2023-10-16"}, {"date": "2022-11-08", "symbol": "1319.TW", "eps": 1.19, "epsEstimated": 0.64, "time": "bmo", "revenue": null, "revenueEstimated": null, "fiscalDateEnding": "2022-09-30", "updatedFromDate": "2023-05-17"}, {"date": "2022-11-08", "symbol": "MODVF", "eps": null, "epsEstimated": null, "time": "bmo", "revenue": null, "revenueEstimated": null, "fiscalDateEnding": "2022-09-30", "updatedFromDate": "2023-05-17"}, {"date": "2022-11-08", "symbol": "8668.HK", "eps": -0.00113, "epsEstimated": null, "time": "bmo", "revenue": 2123000, "revenueEstimated": null, "fiscalDateEnding": "2022-09-30", "updatedFromDate": "2023-10-16"}, {"date": "2022-11-08", "symbol": "BLI", "eps": -0.32, "epsEstimated": -0.3, "time": "bmo", "revenue": 21398000, "revenueEstimated": null, "fiscalDateEnding": "2022-09-29", "updatedFromDate": "2023-05-17"}, {"date": "2022-11-08", "symbol": "GROW.MI", "eps": null, "epsEstimated": null, "time": "bmo", "revenue": null, "revenueEstimated": null, "fiscalDateEnding": "2022-09-30", "updatedFromDate": "2023-05-17"}, {"date": "2022-11-08", "symbol": "BDTX", "eps": -0.6, "epsEstimated": -0.64, "time": "bmo", "revenue": null, "revenueEstimated": null, "fiscalDateEnding": "2022-09-29", "updatedFromDate": "2023-09-29"}, {"date": "2022-11-08", "symbol": "6845.T", "eps": 29.71, "epsEstimated": 33.15, "time": "bmo", "revenue": 56063000000, "revenueEstimated": null, "fiscalDateEnding": "2022-08-08", "updatedFromDate": "2023-10-16"}, {"date": "2022-11-08", "symbol": "1720.T", "eps": 0.53, "epsEstimated": null, "time": "bmo", "revenue": 61467000000, "revenueEstimated": null, "fiscalDateEnding": "2022-08-08", "updatedFromDate": "2023-10-17"}, {"date": "2022-11-08", "symbol": "NWPX", "eps": 1.05, "epsEstimated": 0.78, "time": "amc", "revenue": 122984000, "revenueEstimated": null, "fiscalDateEnding": "2022-09-29", "updatedFromDate": "2023-09-29"}, {"date": "2022-11-08", "symbol": "RSVR", "eps": 0.07, "epsEstimated": 0.05, "time": "bmo", "revenue": 31836586, "revenueEstimated": null, "fiscalDateEnding": "2022-08-08", "updatedFromDate": "2023-10-10"}, {"date": "2022-11-08", "symbol": "6443.TW", "eps": 0.05, "epsEstimated": 0.2, "time": "bmo", "revenue": 2272608000, "revenueEstimated": 2525500000, "fiscalDateEnding": "2022-09-30", "updatedFromDate": "2023-05-17"}, {"date": "2022-11-08", "symbol": "DXT.TO", "eps": 0.07, "epsEstimated": 0.11, "time": "bmo", "revenue": 259803000, "revenueEstimated": null, "fiscalDateEnding": "2022-09-30", "updatedFromDate": "2023-05-17"}, {"date": "2022-11-08", "symbol": "SSMXF", "eps": 76.28, "epsEstimated": 21.74, "time": "bmo", "revenue": null, "revenueEstimated": null, "fiscalDateEnding": "2023-03-31", "updatedFromDate": "2023-05-17"}, {"date": "2022-11-08", "symbol": "OVID", "eps": -0.17, "epsEstimated": -0.21, "time": "bmo", "revenue": 11102, "revenueEstimated": null, "fiscalDateEnding": "2022-09-29", "updatedFromDate": "2023-09-29"}, {"date": "2022-11-08", "symbol": "181710.KS", "eps": 558, "epsEstimated": 396.95, "time": "bmo", "revenue": null, "revenueEstimated": null, "fiscalDateEnding": "2022-08-08", "updatedFromDate": "2023-05-17"}, {"date": "2022-11-08", "symbol": "2374.T", "eps": 15.92, "epsEstimated": null, "time": "bmo", "revenue": 13015614000, "revenueEstimated": null, "fiscalDateEnding": "2022-08-08", "updatedFromDate": "2023-10-17"}, {"date": "2022-11-08", "symbol": "NHBAF", "eps": 11, "epsEstimated": null, "time": "bmo", "revenue": null, "revenueEstimated": null, "fiscalDateEnding": "2023-03-31", "updatedFromDate": "2023-05-17"}, {"date": "2022-11-08", "symbol": "8558.T", "eps": 39.02, "epsEstimated": null, "time": "bmo", "revenue": 7091000000, "revenueEstimated": null, "fiscalDateEnding": "2022-08-08", "updatedFromDate": "2023-10-17"}, {"date": "2022-11-08", "symbol": "PRCH", "eps": -0.3, "epsEstimated": -0.18, "time": "amc", "revenue": 77353000, "revenueEstimated": null, "fiscalDateEnding": "2022-09-29", "updatedFromDate": "2023-09-29"}, {"date": "2022-11-08", "symbol": "8182.T", "eps": 8.67, "epsEstimated": null, "time": "bmo", "revenue": 60100000000, "revenueEstimated": null, "fiscalDateEnding": "2022-08-08", "updatedFromDate": "2023-10-17"}, {"date": "2022-11-08", "symbol": "6844.T", "eps": 20.18, "epsEstimated": null, "time": "bmo", "revenue": 23566000000, "revenueEstimated": null, "fiscalDateEnding": "2022-08-08", "updatedFromDate": "2023-10-17"}, {"date": "2022-11-08", "symbol": "COTY", "eps": 0.11, "epsEstimated": 0.11, "time": "bmo", "revenue": 1390000000, "revenueEstimated": 1373340000, "fiscalDateEnding": "2022-09-29", "updatedFromDate": "2023-09-29"}, {"date": "2022-11-08", "symbol": "MPLN", "eps": 0.03, "epsEstimated": 0.02975, "time": "bmo", "revenue": 250453000, "revenueEstimated": null, "fiscalDateEnding": "2022-09-29", "updatedFromDate": "2023-09-29"}, {"date": "2022-11-08", "symbol": "HCAT", "eps": -0.13, "epsEstimated": -0.2, "time": "amc", "revenue": 68354000, "revenueEstimated": null, "fiscalDateEnding": "2022-09-29", "updatedFromDate": "2023-09-29"}, {"date": "2022-11-08", "symbol": "AMRK", "eps": 1.83, "epsEstimated": 1.3, "time": "amc", "revenue": 1900351000, "revenueEstimated": null, "fiscalDateEnding": "2022-09-29", "updatedFromDate": "2023-09-29"}, {"date": "2022-11-08", "symbol": "HSKA", "eps": 0.41, "epsEstimated": 0.45, "time": "bmo", "revenue": 61492000, "revenueEstimated": null, "fiscalDateEnding": "2022-09-29", "updatedFromDate": "2023-09-29"}, {"date": "2022-11-08", "symbol": "6875.T", "eps": 88.98, "epsEstimated": null, "time": "bmo", "revenue": 14925253000, "revenueEstimated": null, "fiscalDateEnding": "2022-08-08", "updatedFromDate": "2023-10-17"}, {"date": "2022-11-08", "symbol": "RAMP", "eps": 0.22, "epsEstimated": 0.08, "time": "amc", "revenue": 147099000, "revenueEstimated": null, "fiscalDateEnding": "2022-09-29", "updatedFromDate": "2023-09-29"}, {"date": "2022-11-08", "symbol": "LFT", "eps": 0.03, "epsEstimated": 0.06, "time": "amc", "revenue": 5545581, "revenueEstimated": null, "fiscalDateEnding": "2022-09-29", "updatedFromDate": "2023-09-29"}, {"date": "2022-11-08", "symbol": "REYN", "eps": 0.24, "epsEstimated": 0.23, "time": "bmo", "revenue": 967000000, "revenueEstimated": null, "fiscalDateEnding": "2022-09-29", "updatedFromDate": "2023-09-29"}, {"date": "2022-11-08", "symbol": "6418.T", "eps": 12.03, "epsEstimated": null, "time": "bmo", "revenue": 6010957000, "revenueEstimated": null, "fiscalDateEnding": "2022-08-08", "updatedFromDate": "2023-10-17"}, {"date": "2022-11-08", "symbol": "RIDE", "eps": -4.2, "epsEstimated": -4.2, "time": "bmo", "revenue": null, "revenueEstimated": null, "fiscalDateEnding": "2022-09-29", "updatedFromDate": "2023-09-29"}, {"date": "2022-11-08", "symbol": "8131.T", "eps": 12.06, "epsEstimated": null, "time": "bmo", "revenue": 70378000000, "revenueEstimated": null, "fiscalDateEnding": "2022-08-08", "updatedFromDate": "2023-10-17"}, {"date": "2022-11-08", "symbol": "SNSE", "eps": -0.44, "epsEstimated": -0.37, "time": "bmo", "revenue": null, "revenueEstimated": null, "fiscalDateEnding": "2022-09-29", "updatedFromDate": "2023-09-29"}, {"date": "2022-11-08", "symbol": "NEXOF", "eps": 50.07, "epsEstimated": 36.12, "time": "bmo", "revenue": null, "revenueEstimated": null, "fiscalDateEnding": "2022-09-30", "updatedFromDate": "2023-05-17"}, {"date": "2022-11-08", "symbol": "CSIOF", "eps": 17.04, "epsEstimated": 20.9, "time": "bmo", "revenue": 61269000000, "revenueEstimated": null, "fiscalDateEnding": "2022-08-08", "updatedFromDate": "2023-10-17"}, {"date": "2022-11-08", "symbol": "CTS.TO", "eps": 0.1, "epsEstimated": 0.1, "time": "bmo", "revenue": 603206000, "revenueEstimated": null, "fiscalDateEnding": "2022-09-30", "updatedFromDate": "2023-05-17"}, {"date": "2022-11-08", "symbol": "BLDR", "eps": 5.2, "epsEstimated": 3.32, "time": "bmo", "revenue": 5761463000, "revenueEstimated": null, "fiscalDateEnding": "2022-09-29", "updatedFromDate": "2023-09-29"}, {"date": "2022-11-08", "symbol": "SENS", "eps": -0.13, "epsEstimated": -0.0425, "time": "amc", "revenue": 4137000, "revenueEstimated": null, "fiscalDateEnding": "2022-08-08", "updatedFromDate": "2023-10-10"}, {"date": "2022-11-08", "symbol": "FULC", "eps": -0.5, "epsEstimated": -0.62, "time": "bmo", "revenue": 685000, "revenueEstimated": null, "fiscalDateEnding": "2022-08-08", "updatedFromDate": "2023-10-10"}, {"date": "2022-11-08", "symbol": "KRKKF", "eps": null, "epsEstimated": null, "time": "bmo", "revenue": null, "revenueEstimated": null, "fiscalDateEnding": "2022-09-30", "updatedFromDate": "2023-05-17"}, {"date": "2022-11-08", "symbol": "JCYCF", "eps": null, "epsEstimated": null, "time": "bmo", "revenue": null, "revenueEstimated": null, "fiscalDateEnding": "2022-09-30", "updatedFromDate": "2023-05-17"}, {"date": "2022-11-08", "symbol": "6383.T", "eps": 88.7, "epsEstimated": 83.2, "time": "bmo", "revenue": 130211000000, "revenueEstimated": null, "fiscalDateEnding": "2022-08-08", "updatedFromDate": "2023-10-16"}, {"date": "2022-11-08", "symbol": "EZFL", "eps": -1.2, "epsEstimated": -0.16, "time": "bmo", "revenue": 4091403, "revenueEstimated": 5500000, "fiscalDateEnding": "2022-09-29", "updatedFromDate": "2023-09-29"}, {"date": "2022-11-08", "symbol": "CTMX", "eps": -0.35, "epsEstimated": -0.32, "time": "amc", "revenue": 16915000, "revenueEstimated": null, "fiscalDateEnding": "2022-09-29", "updatedFromDate": "2023-09-29"}, {"date": "2022-11-08", "symbol": "BBD", "eps": 0.09, "epsEstimated": 0.12, "time": "bmo", "revenue": 25603300000, "revenueEstimated": null, "fiscalDateEnding": "2022-09-30", "updatedFromDate": "2023-09-29"}, {"date": "2022-11-08", "symbol": "SNCR", "eps": 0.04, "epsEstimated": 0.035, "time": "amc", "revenue": 59896000, "revenueEstimated": null, "fiscalDateEnding": "2022-09-29", "updatedFromDate": "2023-09-29"}, {"date": "2022-11-08", "symbol": "KMMPF", "eps": null, "epsEstimated": null, "time": "amc", "revenue": null, "revenueEstimated": null, "fiscalDateEnding": "2022-09-30", "updatedFromDate": "2023-05-17"}, {"date": "2022-11-08", "symbol": "AURE.PA", "eps": null, "epsEstimated": null, "time": "bmo", "revenue": null, "revenueEstimated": null, "fiscalDateEnding": "2022-08-08", "updatedFromDate": "2023-05-17"}, {"date": "2022-11-08", "symbol": "VVX", "eps": 1.33, "epsEstimated": 0.89, "time": "amc", "revenue": 958156000, "revenueEstimated": null, "fiscalDateEnding": "2022-09-29", "updatedFromDate": "2023-09-29"}, {"date": "2022-11-08", "symbol": "AVID", "eps": 0.38, "epsEstimated": 0.32, "time": "amc", "revenue": 102985000, "revenueEstimated": null, "fiscalDateEnding": "2022-09-29", "updatedFromDate": "2023-09-29"}, {"date": "2022-11-08", "symbol": "TGI", "eps": 0.07, "epsEstimated": 0.00209, "time": "bmo", "revenue": 307600000, "revenueEstimated": null, "fiscalDateEnding": "2022-09-29", "updatedFromDate": "2023-09-29"}, {"date": "2022-11-08", "symbol": "TOPS.JK", "eps": -0.01143, "epsEstimated": null, "time": "bmo", "revenue": 150042794023, "revenueEstimated": 5067000000, "fiscalDateEnding": "2022-09-30", "updatedFromDate": "2023-05-17"}, {"date": "2022-11-08", "symbol": "KURCF", "eps": 344.82, "epsEstimated": null, "time": "bmo", "revenue": null, "revenueEstimated": null, "fiscalDateEnding": "2022-09-30", "updatedFromDate": "2023-05-17"}, {"date": "2022-11-08", "symbol": "MNKPF", "eps": -21.61364, "epsEstimated": null, "time": "bmo", "revenue": 465400000, "revenueEstimated": null, "fiscalDateEnding": "2022-09-29", "updatedFromDate": "2023-05-17"}, {"date": "2022-11-08", "symbol": "ADAP", "eps": -0.24, "epsEstimated": -0.28, "time": "bmo", "revenue": 7007000, "revenueEstimated": null, "fiscalDateEnding": "2022-09-29", "updatedFromDate": "2023-09-29"}, {"date": "2022-11-08", "symbol": "CNHI.MI", "eps": 0.41, "epsEstimated": 0.32, "time": "bmo", "revenue": 5881000000, "revenueEstimated": null, "fiscalDateEnding": "2022-09-30", "updatedFromDate": "2023-05-17"}, {"date": "2022-11-08", "symbol": "9322.T", "eps": 24.05, "epsEstimated": null, "time": "bmo", "revenue": 7090740000, "revenueEstimated": null, "fiscalDateEnding": "2022-08-08", "updatedFromDate": "2023-10-17"}, {"date": "2022-11-08", "symbol": "JKHY", "eps": 1.46, "epsEstimated": 1.4, "time": "amc", "revenue": 529202000, "revenueEstimated": null, "fiscalDateEnding": "2022-09-29", "updatedFromDate": "2023-09-29"}, {"date": "2022-11-08", "symbol": "AGEN", "eps": -0.19, "epsEstimated": -0.18, "time": "bmo", "revenue": 22772000, "revenueEstimated": null, "fiscalDateEnding": "2022-09-29", "updatedFromDate": "2023-09-29"}, {"date": "2022-11-08", "symbol": "9993.HK", "eps": null, "epsEstimated": null, "time": "bmo", "revenue": null, "revenueEstimated": null, "fiscalDateEnding": "2022-09-30", "updatedFromDate": "2023-05-17"}, {"date": "2022-11-08", "symbol": "MPVDF", "eps": -0.02, "epsEstimated": null, "time": "amc", "revenue": 110124000, "revenueEstimated": null, "fiscalDateEnding": "2022-09-30", "updatedFromDate": "2023-09-29"}, {"date": "2022-11-08", "symbol": "011930.KS", "eps": 30, "epsEstimated": null, "time": "bmo", "revenue": 194488071910, "revenueEstimated": null, "fiscalDateEnding": "2022-08-08", "updatedFromDate": "2023-05-17"}, {"date": "2022-11-08", "symbol": "TOBII.ST", "eps": -0.17, "epsEstimated": -0.3, "time": "bmo", "revenue": 176000000, "revenueEstimated": null, "fiscalDateEnding": "2022-09-30", "updatedFromDate": "2023-05-17"}, {"date": "2022-11-08", "symbol": "ELAN", "eps": 0.2, "epsEstimated": 0.16, "time": "bmo", "revenue": 1028000000, "revenueEstimated": null, "fiscalDateEnding": "2022-09-29", "updatedFromDate": "2023-09-29"}, {"date": "2022-11-08", "symbol": "BAYRY", "eps": 0.29, "epsEstimated": 0.3, "time": "bmo", "revenue": 11281000000, "revenueEstimated": null, "fiscalDateEnding": "2022-09-30", "updatedFromDate": "2023-09-29"}, {"date": "2022-11-08", "symbol": "8715.T", "eps": 10.08, "epsEstimated": 7.08, "time": "bmo", "revenue": 13947000000, "revenueEstimated": null, "fiscalDateEnding": "2022-08-08", "updatedFromDate": "2023-10-17"}, {"date": "2022-11-08", "symbol": "DDCCF", "eps": null, "epsEstimated": null, "time": "bmo", "revenue": null, "revenueEstimated": null, "fiscalDateEnding": "2022-09-30", "updatedFromDate": "2023-05-17"}, {"date": "2022-11-08", "symbol": "UFAB", "eps": -0.17, "epsEstimated": -0.01259, "time": "amc", "revenue": 34503000, "revenueEstimated": null, "fiscalDateEnding": "2022-09-29", "updatedFromDate": "2023-09-29"}, {"date": "2022-11-08", "symbol": "ITFRF", "eps": 21.4, "epsEstimated": null, "time": "bmo", "revenue": null, "revenueEstimated": null, "fiscalDateEnding": "2023-03-31", "updatedFromDate": "2023-05-17"}, {"date": "2022-11-08", "symbol": "KUBTF", "eps": 35.39, "epsEstimated": 39.65, "time": "bmo", "revenue": null, "revenueEstimated": null, "fiscalDateEnding": "2022-09-30", "updatedFromDate": "2023-05-17"}, {"date": "2022-11-08", "symbol": "DAR", "eps": 1.17, "epsEstimated": 1.43, "time": "amc", "revenue": 1747599000, "revenueEstimated": null, "fiscalDateEnding": "2022-09-30", "updatedFromDate": "2023-09-29"}, {"date": "2022-11-08", "symbol": "TCN", "eps": 0.49, "epsEstimated": 0.14, "time": "bmo", "revenue": 283239000, "revenueEstimated": null, "fiscalDateEnding": "2022-09-30", "updatedFromDate": "2023-09-29"}, {"date": "2022-11-08", "symbol": "5976.T", "eps": 16.45, "epsEstimated": null, "time": "bmo", "revenue": 13922000000, "revenueEstimated": null, "fiscalDateEnding": "2022-08-08", "updatedFromDate": "2023-10-17"}, {"date": "2022-11-08", "symbol": "MTLHY", "eps": 0.74, "epsEstimated": null, "time": "bmo", "revenue": 1106534000000, "revenueEstimated": null, "fiscalDateEnding": "2022-08-08", "updatedFromDate": "2023-10-17"}, {"date": "2022-11-08", "symbol": "8406.HK", "eps": -0.00679, "epsEstimated": null, "time": "bmo", "revenue": 38594000, "revenueEstimated": null, "fiscalDateEnding": "2022-09-30", "updatedFromDate": "2023-05-17"}, {"date": "2022-11-08", "symbol": "CRD-B", "eps": 0.16, "epsEstimated": 0.21, "time": "bmo", "revenue": 306417000, "revenueEstimated": null, "fiscalDateEnding": "2022-09-29", "updatedFromDate": "2023-05-17"}, {"date": "2022-11-08", "symbol": "ZGXNF", "eps": 6.43, "epsEstimated": null, "time": "bmo", "revenue": null, "revenueEstimated": null, "fiscalDateEnding": "2023-03-31", "updatedFromDate": "2023-05-17"}, {"date": "2022-11-08", "symbol": "6155.TW", "eps": 0.92, "epsEstimated": null, "time": "bmo", "revenue": 194954000, "revenueEstimated": null, "fiscalDateEnding": "2022-09-30", "updatedFromDate": "2023-05-17"}, {"date": "2022-11-08", "symbol": "NEWA-B.ST", "eps": 4.58, "epsEstimated": 3.77, "time": "bmo", "revenue": 2234400000, "revenueEstimated": null, "fiscalDateEnding": "2022-09-30", "updatedFromDate": "2023-05-17"}, {"date": "2022-11-08", "symbol": "2767.T", "eps": 42.45, "epsEstimated": null, "time": "bmo", "revenue": 8243000000, "revenueEstimated": null, "fiscalDateEnding": "2022-08-08", "updatedFromDate": "2023-10-17"}, {"date": "2022-11-08", "symbol": "HBIO", "eps": -0.01, "epsEstimated": 0.05, "time": "amc", "revenue": 26922000, "revenueEstimated": null, "fiscalDateEnding": "2022-09-29", "updatedFromDate": "2023-09-29"}, {"date": "2022-11-08", "symbol": "HRTX", "eps": -0.38, "epsEstimated": -0.39, "time": "amc", "revenue": 26557000, "revenueEstimated": null, "fiscalDateEnding": "2022-09-29", "updatedFromDate": "2023-09-29"}, {"date": "2022-11-08", "symbol": "FA", "eps": 0.26, "epsEstimated": 0.28, "time": "bmo", "revenue": 205986000, "revenueEstimated": null, "fiscalDateEnding": "2022-09-29", "updatedFromDate": "2023-09-29"}, {"date": "2022-11-08", "symbol": "9757.T", "eps": 21.92, "epsEstimated": null, "time": "bmo", "revenue": 6397732000, "revenueEstimated": null, "fiscalDateEnding": "2022-09-30", "updatedFromDate": "2023-05-17"}, {"date": "2022-11-08", "symbol": "IGT", "eps": 1.3, "epsEstimated": 0.24, "time": "bmo", "revenue": 1060000000, "revenueEstimated": null, "fiscalDateEnding": "2022-09-30", "updatedFromDate": "2023-09-29"}, {"date": "2022-11-08", "symbol": "CVR", "eps": 3.71, "epsEstimated": null, "time": "bmo", "revenue": 8567785, "revenueEstimated": null, "fiscalDateEnding": "2022-09-29", "updatedFromDate": "2023-09-29"}, {"date": "2022-11-08", "symbol": "9048.T", "eps": 23.2, "epsEstimated": null, "time": "bmo", "revenue": 125202000000, "revenueEstimated": null, "fiscalDateEnding": "2022-08-08", "updatedFromDate": "2023-10-17"}, {"date": "2022-11-08", "symbol": "6073.T", "eps": 24.83, "epsEstimated": null, "time": "bmo", "revenue": 4264880000, "revenueEstimated": null, "fiscalDateEnding": "2022-08-08", "updatedFromDate": "2023-10-17"}, {"date": "2022-11-08", "symbol": "3183.T", "eps": 11.74, "epsEstimated": null, "time": "bmo", "revenue": 16744064000, "revenueEstimated": null, "fiscalDateEnding": "2022-08-08", "updatedFromDate": "2023-10-17"}, {"date": "2022-11-08", "symbol": "SOPH", "eps": -0.36, "epsEstimated": -0.34, "time": "bmo", "revenue": 11648000, "revenueEstimated": null, "fiscalDateEnding": "2022-09-30", "updatedFromDate": "2023-09-29"}, {"date": "2022-11-08", "symbol": "4671.T", "eps": 65.15, "epsEstimated": null, "time": "bmo", "revenue": 10638000000, "revenueEstimated": null, "fiscalDateEnding": "2022-08-08", "updatedFromDate": "2023-10-16"}, {"date": "2022-11-08", "symbol": "FGH", "eps": -0.11, "epsEstimated": null, "time": "bmo", "revenue": 10274000, "revenueEstimated": null, "fiscalDateEnding": "2022-09-30", "updatedFromDate": "2023-09-29"}, {"date": "2022-11-08", "symbol": "HSHIF", "eps": 68.12, "epsEstimated": 37.42, "time": "bmo", "revenue": null, "revenueEstimated": null, "fiscalDateEnding": "2022-09-30", "updatedFromDate": "2023-05-17"}, {"date": "2022-11-08", "symbol": "NIRO.JK", "eps": -4.80855, "epsEstimated": null, "time": "bmo", "revenue": 247744997416, "revenueEstimated": null, "fiscalDateEnding": "2022-09-30", "updatedFromDate": "2023-05-17"}, {"date": "2022-11-08", "symbol": "CAEEF", "eps": null, "epsEstimated": null, "time": "bmo", "revenue": null, "revenueEstimated": null, "fiscalDateEnding": "2022-09-30", "updatedFromDate": "2023-05-17"}, {"date": "2022-11-08", "symbol": "CKPT", "eps": -1.2, "epsEstimated": -1.7, "time": "bmo", "revenue": 48000, "revenueEstimated": null, "fiscalDateEnding": "2022-09-29", "updatedFromDate": "2023-09-29"}, {"date": "2022-11-08", "symbol": "6406.T", "eps": 22.05, "epsEstimated": null, "time": "bmo", "revenue": 41705000000, "revenueEstimated": null, "fiscalDateEnding": "2022-08-08", "updatedFromDate": "2023-10-17"}, {"date": "2022-11-08", "symbol": "5563.T", "eps": 12.88, "epsEstimated": null, "time": "bmo", "revenue": 20526000000, "revenueEstimated": null, "fiscalDateEnding": "2022-09-30", "updatedFromDate": "2023-05-17"}, {"date": "2022-11-08", "symbol": "AMRS", "eps": 0.44, "epsEstimated": 0.21, "time": "amc", "revenue": 71129000, "revenueEstimated": null, "fiscalDateEnding": "2022-09-29", "updatedFromDate": "2023-09-29"}, {"date": "2022-11-08", "symbol": "TALK", "eps": -0.11, "epsEstimated": -0.13, "time": "bmo", "revenue": 29332000, "revenueEstimated": null, "fiscalDateEnding": "2022-09-29", "updatedFromDate": "2023-09-29"}, {"date": "2022-11-08", "symbol": "BZZUF", "eps": null, "epsEstimated": null, "time": "bmo", "revenue": null, "revenueEstimated": null, "fiscalDateEnding": "2022-09-30", "updatedFromDate": "2023-05-17"}, {"date": "2022-11-08", "symbol": "253450.KQ", "eps": 594, "epsEstimated": 531, "time": "bmo", "revenue": null, "revenueEstimated": 165370000, "fiscalDateEnding": "2022-09-30", "updatedFromDate": "2023-05-17"}, {"date": "2022-11-08", "symbol": "ITEL.BK", "eps": 0.04, "epsEstimated": null, "time": "bmo", "revenue": 756234137, "revenueEstimated": null, "fiscalDateEnding": "2022-09-30", "updatedFromDate": "2023-05-17"}, {"date": "2022-11-08", "symbol": "BPSO.MI", "eps": null, "epsEstimated": null, "time": "bmo", "revenue": null, "revenueEstimated": null, "fiscalDateEnding": "2022-09-30", "updatedFromDate": "2023-05-17"}, {"date": "2022-11-08", "symbol": "7412.T", "eps": -3.34549, "epsEstimated": null, "time": "bmo", "revenue": 8387000000, "revenueEstimated": null, "fiscalDateEnding": "2022-08-08", "updatedFromDate": "2023-10-17"}, {"date": "2022-11-08", "symbol": "5463.T", "eps": 94.1, "epsEstimated": null, "time": "bmo", "revenue": 65541000000, "revenueEstimated": null, "fiscalDateEnding": "2022-08-08", "updatedFromDate": "2023-10-17"}, {"date": "2022-11-08", "symbol": "MSPAF", "eps": null, "epsEstimated": null, "time": "bmo", "revenue": null, "revenueEstimated": null, "fiscalDateEnding": "2022-09-30", "updatedFromDate": "2023-05-17"}, {"date": "2022-11-08", "symbol": "HLBBF", "eps": 0.96, "epsEstimated": 0.72, "time": "bmo", "revenue": null, "revenueEstimated": null, "fiscalDateEnding": "2022-09-30", "updatedFromDate": "2023-05-17"}, {"date": "2022-11-08", "symbol": "TPST", "eps": -0.66, "epsEstimated": -0.76, "time": "bmo", "revenue": null, "revenueEstimated": null, "fiscalDateEnding": "2022-09-29", "updatedFromDate": "2023-09-29"}, {"date": "2022-11-08", "symbol": "6741.T", "eps": 20.51, "epsEstimated": null, "time": "bmo", "revenue": 13991000000, "revenueEstimated": null, "fiscalDateEnding": "2022-08-08", "updatedFromDate": "2023-10-17"}, {"date": "2022-11-08", "symbol": "6779.T", "eps": 84.49, "epsEstimated": null, "time": "bmo", "revenue": 12493000000, "revenueEstimated": null, "fiscalDateEnding": "2022-08-08", "updatedFromDate": "2023-10-17"}, {"date": "2022-11-08", "symbol": "TRE.MC", "eps": 0.37, "epsEstimated": 0.32, "time": "bmo", "revenue": 1160908000, "revenueEstimated": null, "fiscalDateEnding": "2022-09-30", "updatedFromDate": "2023-08-25"}, {"date": "2022-11-08", "symbol": "CLLKF", "eps": 1.04, "epsEstimated": -1.77, "time": "bmo", "revenue": null, "revenueEstimated": null, "fiscalDateEnding": "2022-09-30", "updatedFromDate": "2023-05-17"}, {"date": "2022-11-08", "symbol": "3656.T", "eps": 0.91, "epsEstimated": null, "time": "bmo", "revenue": 4153787000, "revenueEstimated": null, "fiscalDateEnding": "2022-09-30", "updatedFromDate": "2023-10-16"}, {"date": "2022-11-08", "symbol": "DBD", "eps": -0.11, "epsEstimated": 0.28, "time": "bmo", "revenue": 810400000, "revenueEstimated": null, "fiscalDateEnding": "2022-09-29", "updatedFromDate": "2023-09-29"}, {"date": "2022-11-08", "symbol": "6674.T", "eps": 13.69, "epsEstimated": 16.6, "time": "bmo", "revenue": 111429000000, "revenueEstimated": null, "fiscalDateEnding": "2022-08-08", "updatedFromDate": "2023-10-17"}, {"date": "2022-11-08", "symbol": "MI-UN.TO", "eps": 1.56, "epsEstimated": null, "time": "bmo", "revenue": 37838000, "revenueEstimated": null, "fiscalDateEnding": "2022-09-30", "updatedFromDate": "2023-05-17"}, {"date": "2022-11-08", "symbol": "PRI", "eps": 3.02, "epsEstimated": 3, "time": "amc", "revenue": 673289000, "revenueEstimated": null, "fiscalDateEnding": "2022-09-29", "updatedFromDate": "2023-09-29"}, {"date": "2022-11-08", "symbol": "TOTS3.SA", "eps": 0.25, "epsEstimated": 0.24, "time": "bmo", "revenue": 974791000, "revenueEstimated": null, "fiscalDateEnding": "2022-09-30", "updatedFromDate": "2023-05-17"}, {"date": "2022-11-08", "symbol": "GGC.BK", "eps": 0.07, "epsEstimated": null, "time": "bmo", "revenue": 5760775000, "revenueEstimated": null, "fiscalDateEnding": "2022-09-30", "updatedFromDate": "2023-05-17"}, {"date": "2022-11-08", "symbol": "ZYME", "eps": -0.72, "epsEstimated": -0.94, "time": "amc", "revenue": 2631000, "revenueEstimated": null, "fiscalDateEnding": "2022-09-30", "updatedFromDate": "2023-09-29"}, {"date": "2022-11-08", "symbol": "007070.KS", "eps": 399, "epsEstimated": 634.64, "time": "bmo", "revenue": null, "revenueEstimated": null, "fiscalDateEnding": "2022-08-08", "updatedFromDate": "2023-05-17"}, {"date": "2022-11-08", "symbol": "CRD.A", "eps": 0.16, "epsEstimated": 0.19, "time": "bmo", "revenue": null, "revenueEstimated": null, "fiscalDateEnding": "2022-09-30", "updatedFromDate": "2023-09-29"}, {"date": "2022-11-08", "symbol": "HALO", "eps": 0.74, "epsEstimated": 0.52, "time": "amc", "revenue": 208976000, "revenueEstimated": null, "fiscalDateEnding": "2022-09-29", "updatedFromDate": "2023-09-29"}, {"date": "2022-11-08", "symbol": "8111.T", "eps": 71.99, "epsEstimated": null, "time": "bmo", "revenue": 21099000000, "revenueEstimated": null, "fiscalDateEnding": "2022-08-08", "updatedFromDate": "2023-10-17"}, {"date": "2022-11-08", "symbol": "FNMA", "eps": 0.4134, "epsEstimated": null, "time": "bmo", "revenue": 7349000000, "revenueEstimated": null, "fiscalDateEnding": "2022-09-29", "updatedFromDate": "2023-09-29"}, {"date": "2022-11-08", "symbol": "OIII.V", "eps": 0.01, "epsEstimated": 0.00667, "time": "bmo", "revenue": null, "revenueEstimated": null, "fiscalDateEnding": "2022-09-30", "updatedFromDate": "2023-08-25"}, {"date": "2022-11-08", "symbol": "HAIN", "eps": 0.1, "epsEstimated": 0.08, "time": "bmo", "revenue": 439351000, "revenueEstimated": null, "fiscalDateEnding": "2022-09-29", "updatedFromDate": "2023-09-29"}, {"date": "2022-11-08", "symbol": "5310.T", "eps": 75.72, "epsEstimated": null, "time": "bmo", "revenue": 11735000000, "revenueEstimated": null, "fiscalDateEnding": "2022-09-30", "updatedFromDate": "2023-10-16"}, {"date": "2022-11-08", "symbol": "ICCH", "eps": 0.2, "epsEstimated": null, "time": "bmo", "revenue": 17794391, "revenueEstimated": null, "fiscalDateEnding": "2022-09-29", "updatedFromDate": "2023-09-29"}, {"date": "2022-11-08", "symbol": "DPWIRES.NS", "eps": 5.61, "epsEstimated": null, "time": "bmo", "revenue": 2004195000, "revenueEstimated": null, "fiscalDateEnding": "2022-08-08", "updatedFromDate": "2023-10-17"}, {"date": "2022-11-08", "symbol": "248070.KS", "eps": 472.21, "epsEstimated": null, "time": "bmo", "revenue": 467386528260, "revenueEstimated": null, "fiscalDateEnding": "2022-09-30", "updatedFromDate": "2023-05-17"}, {"date": "2022-11-08", "symbol": "6763.T", "eps": 40.99, "epsEstimated": null, "time": "bmo", "revenue": 3668201000, "revenueEstimated": null, "fiscalDateEnding": "2022-08-08", "updatedFromDate": "2023-10-17"}, {"date": "2022-11-08", "symbol": "HYKUF", "eps": 14.35, "epsEstimated": null, "time": "bmo", "revenue": null, "revenueEstimated": null, "fiscalDateEnding": "2023-03-31", "updatedFromDate": "2023-05-17"}, {"date": "2022-11-08", "symbol": "5713.T", "eps": 155.04, "epsEstimated": 116.31, "time": "bmo", "revenue": 357659000000, "revenueEstimated": null, "fiscalDateEnding": "2022-08-08", "updatedFromDate": "2023-10-17"}, {"date": "2022-11-08", "symbol": "6426.TW", "eps": 0.91, "epsEstimated": null, "time": "bmo", "revenue": 147201000, "revenueEstimated": null, "fiscalDateEnding": "2022-09-30", "updatedFromDate": "2023-05-17"}, {"date": "2022-11-08", "symbol": "4951.T", "eps": 47.97, "epsEstimated": null, "time": "bmo", "revenue": 10521000000, "revenueEstimated": null, "fiscalDateEnding": "2022-08-08", "updatedFromDate": "2023-10-17"}, {"date": "2022-11-08", "symbol": "ICHR", "eps": 1.22, "epsEstimated": 0.99, "time": "amc", "revenue": 355643000, "revenueEstimated": null, "fiscalDateEnding": "2022-09-29", "updatedFromDate": "2023-09-29"}, {"date": "2022-11-08", "symbol": "TA.TO", "eps": 0.23, "epsEstimated": 0.29, "time": "bmo", "revenue": 929000000, "revenueEstimated": null, "fiscalDateEnding": "2022-09-30", "updatedFromDate": "2023-05-17"}, {"date": "2022-11-08", "symbol": "7917.T", "eps": 59.38, "epsEstimated": 50.9, "time": "bmo", "revenue": 33348000000, "revenueEstimated": null, "fiscalDateEnding": "2022-08-08", "updatedFromDate": "2023-10-17"}, {"date": "2022-11-08", "symbol": "MRC", "eps": 0.42, "epsEstimated": 0.31, "time": "amc", "revenue": 904000000, "revenueEstimated": null, "fiscalDateEnding": "2022-09-29", "updatedFromDate": "2023-09-29"}, {"date": "2022-11-08", "symbol": "BTN", "eps": -0.07258, "epsEstimated": null, "time": "amc", "revenue": 10274000, "revenueEstimated": null, "fiscalDateEnding": "2022-09-29", "updatedFromDate": "2023-05-17"}, {"date": "2022-11-08", "symbol": "SDE.TO", "eps": 1.64, "epsEstimated": 0.66, "time": "bmo", "revenue": 349491000, "revenueEstimated": null, "fiscalDateEnding": "2022-09-30", "updatedFromDate": "2023-05-17"}, {"date": "2022-11-08", "symbol": "OXY+", "eps": 2.44, "epsEstimated": 2.46, "time": "bmo", "revenue": null, "revenueEstimated": null, "fiscalDateEnding": "2022-09-29", "updatedFromDate": "2023-05-17"}, {"date": "2022-11-08", "symbol": "AHCO", "eps": 0.11, "epsEstimated": 0.31, "time": "bmo", "revenue": 557654000, "revenueEstimated": null, "fiscalDateEnding": "2022-09-29", "updatedFromDate": "2023-09-29"}, {"date": "2022-11-08", "symbol": "QUAL3.SA", "eps": 0.18, "epsEstimated": 0.23, "time": "bmo", "revenue": null, "revenueEstimated": null, "fiscalDateEnding": "2022-09-30", "updatedFromDate": "2023-05-17"}, {"date": "2022-11-08", "symbol": "DV", "eps": 0.06, "epsEstimated": 0.05, "time": "amc", "revenue": 112254000, "revenueEstimated": null, "fiscalDateEnding": "2022-09-29", "updatedFromDate": "2023-09-29"}, {"date": "2022-11-08", "symbol": "8065.T", "eps": 46.37, "epsEstimated": null, "time": "bmo", "revenue": 65009000000, "revenueEstimated": null, "fiscalDateEnding": "2022-08-08", "updatedFromDate": "2023-10-17"}, {"date": "2022-11-08", "symbol": "ALAST.PA", "eps": null, "epsEstimated": null, "time": "bmo", "revenue": null, "revenueEstimated": null, "fiscalDateEnding": "2022-09-30", "updatedFromDate": "2023-07-04"}, {"date": "2022-11-08", "symbol": "EVBG", "eps": 0.27, "epsEstimated": 0.17, "time": "bmo", "revenue": 111401000, "revenueEstimated": null, "fiscalDateEnding": "2022-09-29", "updatedFromDate": "2023-09-29"}, {"date": "2022-11-08", "symbol": "AHODF", "eps": 0.7, "epsEstimated": 0.6, "time": "bmo", "revenue": 22407000000, "revenueEstimated": null, "fiscalDateEnding": "2022-09-30", "updatedFromDate": "2023-10-16"}, {"date": "2022-11-08", "symbol": "ACRG", "eps": -0.12, "epsEstimated": null, "time": "bmo", "revenue": null, "revenueEstimated": null, "fiscalDateEnding": "2022-09-29", "updatedFromDate": "2023-09-29"}, {"date": "2022-11-08", "symbol": "2676.T", "eps": 38.01, "epsEstimated": null, "time": "bmo", "revenue": 4974266000, "revenueEstimated": null, "fiscalDateEnding": "2022-08-08", "updatedFromDate": "2023-10-17"}, {"date": "2022-11-08", "symbol": "OBE", "eps": 0.48, "epsEstimated": 0.88, "time": "bmo", "revenue": 216200000, "revenueEstimated": null, "fiscalDateEnding": "2022-09-30", "updatedFromDate": "2023-09-29"}, {"date": "2022-11-08", "symbol": "7643.T", "eps": null, "epsEstimated": null, "time": "bmo", "revenue": null, "revenueEstimated": null, "fiscalDateEnding": "2022-12-31", "updatedFromDate": "2023-05-17"}, {"date": "2022-11-08", "symbol": "CMMC.TO", "eps": -0.11, "epsEstimated": -0.00801, "time": "bmo", "revenue": 58256000, "revenueEstimated": null, "fiscalDateEnding": "2022-09-30", "updatedFromDate": "2023-05-17"}, {"date": "2022-11-08", "symbol": "LUG.TO", "eps": 0.09, "epsEstimated": 0.24, "time": "bmo", "revenue": 210425000, "revenueEstimated": null, "fiscalDateEnding": "2022-09-30", "updatedFromDate": "2023-10-16"}, {"date": "2022-11-08", "symbol": "LOGN3.SA", "eps": 0.34, "epsEstimated": 0.54, "time": "bmo", "revenue": null, "revenueEstimated": null, "fiscalDateEnding": "2022-09-30", "updatedFromDate": "2023-05-17"}, {"date": "2022-11-08", "symbol": "HOT-UN.TO", "eps": 0.00397, "epsEstimated": null, "time": "bmo", "revenue": 76171000, "revenueEstimated": null, "fiscalDateEnding": "2022-09-30", "updatedFromDate": "2023-05-17"}, {"date": "2022-11-08", "symbol": "ODTC", "eps": null, "epsEstimated": null, "time": "bmo", "revenue": null, "revenueEstimated": null, "fiscalDateEnding": "2022-09-29", "updatedFromDate": "2023-05-17"}, {"date": "2022-11-08", "symbol": "3551.TWO", "eps": 1.65, "epsEstimated": null, "time": "bmo", "revenue": 611665000, "revenueEstimated": null, "fiscalDateEnding": "2022-09-30", "updatedFromDate": "2023-05-17"}, {"date": "2022-11-08", "symbol": "OPK", "eps": -0.11, "epsEstimated": -0.1, "time": "amc", "revenue": 179744000, "revenueEstimated": null, "fiscalDateEnding": "2022-09-29", "updatedFromDate": "2023-09-29"}, {"date": "2022-11-08", "symbol": "LITE", "eps": 1.69, "epsEstimated": 1.56, "time": "bmo", "revenue": 506000000, "revenueEstimated": null, "fiscalDateEnding": "2022-08-08", "updatedFromDate": "2023-09-29"}, {"date": "2022-11-08", "symbol": "VSAT", "eps": -0.97, "epsEstimated": 0.22, "time": "amc", "revenue": 779791000, "revenueEstimated": null, "fiscalDateEnding": "2022-08-08", "updatedFromDate": "2023-10-10"}, {"date": "2022-11-08", "symbol": "SUPN", "eps": 0.03, "epsEstimated": 0.36, "time": "amc", "revenue": 177353000, "revenueEstimated": null, "fiscalDateEnding": "2022-09-29", "updatedFromDate": "2023-09-29"}, {"date": "2022-11-08", "symbol": "5019.T", "eps": 341.3, "epsEstimated": 132.35, "time": "bmo", "revenue": 2204695000000, "revenueEstimated": null, "fiscalDateEnding": "2022-08-08", "updatedFromDate": "2023-10-17"}, {"date": "2022-11-08", "symbol": "RVNC", "eps": -1.17, "epsEstimated": -0.85, "time": "amc", "revenue": 29015000, "revenueEstimated": null, "fiscalDateEnding": "2022-09-29", "updatedFromDate": "2023-09-29"}, {"date": "2022-11-08", "symbol": "8093.T", "eps": 20.96, "epsEstimated": null, "time": "bmo", "revenue": 9375000000, "revenueEstimated": null, "fiscalDateEnding": "2022-08-08", "updatedFromDate": "2023-10-17"}, {"date": "2022-11-08", "symbol": "PUBM", "eps": 0.22, "epsEstimated": 0.13, "time": "amc", "revenue": 64500000, "revenueEstimated": null, "fiscalDateEnding": "2022-09-29", "updatedFromDate": "2023-09-29"}, {"date": "2022-11-08", "symbol": "SMTUF", "eps": -10.7, "epsEstimated": 4.6, "time": "bmo", "revenue": null, "revenueEstimated": null, "fiscalDateEnding": "2022-08-08", "updatedFromDate": "2023-05-17"}, {"date": "2022-11-08", "symbol": "3773.T", "eps": 10.94, "epsEstimated": null, "time": "bmo", "revenue": 1063581000, "revenueEstimated": null, "fiscalDateEnding": "2022-08-08", "updatedFromDate": "2023-10-17"}, {"date": "2022-11-08", "symbol": "6748.T", "eps": 12.74, "epsEstimated": null, "time": "bmo", "revenue": 5353921000, "revenueEstimated": null, "fiscalDateEnding": "2022-09-30", "updatedFromDate": "2023-10-16"}, {"date": "2022-11-08", "symbol": "LYLT", "eps": -0.01, "epsEstimated": 0.08, "time": "amc", "revenue": 162369000, "revenueEstimated": 175610000, "fiscalDateEnding": "2022-09-29", "updatedFromDate": "2023-05-17"}, {"date": "2022-11-08", "symbol": "SGRY", "eps": -0.02, "epsEstimated": -0.0082, "time": "bmo", "revenue": 620600000, "revenueEstimated": null, "fiscalDateEnding": "2022-09-29", "updatedFromDate": "2023-09-29"}, {"date": "2022-11-08", "symbol": "030200.KS", "eps": 1233, "epsEstimated": 1293.51, "time": "bmo", "revenue": 25650011000000, "revenueEstimated": null, "fiscalDateEnding": "2022-08-08", "updatedFromDate": "2023-05-17"}, {"date": "2022-11-08", "symbol": "NPCE", "eps": -0.48, "epsEstimated": -0.52, "time": "amc", "revenue": 11157000, "revenueEstimated": null, "fiscalDateEnding": "2022-09-29", "updatedFromDate": "2023-09-29"}, {"date": "2022-11-08", "symbol": "AMBC+", "eps": 7.37, "epsEstimated": -0.72, "time": "bmo", "revenue": null, "revenueEstimated": null, "fiscalDateEnding": "2022-09-29", "updatedFromDate": "2023-05-17"}, {"date": "2022-11-08", "symbol": "7269.T", "eps": 117.01, "epsEstimated": 87.01, "time": "bmo", "revenue": 1063358000000, "revenueEstimated": null, "fiscalDateEnding": "2022-08-08", "updatedFromDate": "2023-10-17"}, {"date": "2022-11-08", "symbol": "XXII", "eps": -0.9, "epsEstimated": -0.75, "time": "bmo", "revenue": 19383000, "revenueEstimated": null, "fiscalDateEnding": "2022-09-29", "updatedFromDate": "2023-09-29"}, {"date": "2022-11-08", "symbol": "3271.T", "eps": 2.66, "epsEstimated": null, "time": "bmo", "revenue": 7293450000, "revenueEstimated": null, "fiscalDateEnding": "2022-08-08", "updatedFromDate": "2023-10-17"}, {"date": "2022-11-08", "symbol": "STTK", "eps": -0.58, "epsEstimated": -0.68, "time": "bmo", "revenue": 212000, "revenueEstimated": null, "fiscalDateEnding": "2022-09-29", "updatedFromDate": "2023-09-29"}, {"date": "2022-11-08", "symbol": "AGE.BK", "eps": 0.2648, "epsEstimated": null, "time": "bmo", "revenue": 5332699000, "revenueEstimated": null, "fiscalDateEnding": "2022-09-30", "updatedFromDate": "2023-05-17"}, {"date": "2022-11-08", "symbol": "3036.T", "eps": 47.29, "epsEstimated": null, "time": "bmo", "revenue": 46837000000, "revenueEstimated": null, "fiscalDateEnding": "2022-08-08", "updatedFromDate": "2023-10-17"}, {"date": "2022-11-08", "symbol": "ZD", "eps": 1.58, "epsEstimated": 1.58, "time": "amc", "revenue": 341873000, "revenueEstimated": null, "fiscalDateEnding": "2022-09-29", "updatedFromDate": "2023-09-29"}, {"date": "2022-11-08", "symbol": "ENKAI.IS", "eps": 0.4415, "epsEstimated": null, "time": "bmo", "revenue": 21595439360, "revenueEstimated": null, "fiscalDateEnding": "2022-09-30", "updatedFromDate": "2023-05-17"}, {"date": "2022-11-08", "symbol": "CFL.MI", "eps": null, "epsEstimated": null, "time": "bmo", "revenue": null, "revenueEstimated": null, "fiscalDateEnding": "2022-09-30", "updatedFromDate": "2023-05-17"}, {"date": "2022-11-08", "symbol": "KRON", "eps": -0.57, "epsEstimated": -0.64, "time": "bmo", "revenue": null, "revenueEstimated": null, "fiscalDateEnding": "2022-09-29", "updatedFromDate": "2023-09-29"}, {"date": "2022-11-08", "symbol": "8001.HK", "eps": 0.0383, "epsEstimated": null, "time": "bmo", "revenue": 9726000, "revenueEstimated": null, "fiscalDateEnding": "2022-09-30", "updatedFromDate": "2023-05-17"}, {"date": "2022-11-08", "symbol": "ALPHA.AT", "eps": 0.04, "epsEstimated": 0.05, "time": "bmo", "revenue": null, "revenueEstimated": null, "fiscalDateEnding": "2022-09-30", "updatedFromDate": "2023-05-17"}, {"date": "2022-11-08", "symbol": "ANIK", "eps": -0.29, "epsEstimated": -0.24, "time": "amc", "revenue": 40264000, "revenueEstimated": null, "fiscalDateEnding": "2022-09-29", "updatedFromDate": "2023-09-29"}, {"date": "2022-11-08", "symbol": "7187.T", "eps": 47.71, "epsEstimated": null, "time": "bmo", "revenue": 2634421000, "revenueEstimated": null, "fiscalDateEnding": "2022-08-08", "updatedFromDate": "2023-10-17"}, {"date": "2022-11-08", "symbol": "GEN+++++++++++", "eps": 0.45, "epsEstimated": 0.45, "time": "bmo", "revenue": null, "revenueEstimated": null, "fiscalDateEnding": "2022-09-30", "updatedFromDate": "2023-05-17"}, {"date": "2022-11-08", "symbol": "KID.OL", "eps": 0.73, "epsEstimated": 1.74, "time": "bmo", "revenue": 3177991000, "revenueEstimated": null, "fiscalDateEnding": "2022-08-08", "updatedFromDate": "2023-05-17"}, {"date": "2022-11-08", "symbol": "CNHI", "eps": 0.41, "epsEstimated": 0.32, "time": "bmo", "revenue": 5881000000, "revenueEstimated": null, "fiscalDateEnding": "2022-09-30", "updatedFromDate": "2023-09-29"}, {"date": "2022-11-08", "symbol": "LVOX", "eps": -0.08, "epsEstimated": -0.07, "time": "amc", "revenue": 35253000, "revenueEstimated": null, "fiscalDateEnding": "2022-09-29", "updatedFromDate": "2023-09-29"}, {"date": "2022-11-08", "symbol": "VQLA.VI", "eps": null, "epsEstimated": null, "time": "bmo", "revenue": null, "revenueEstimated": null, "fiscalDateEnding": "2022-09-30", "updatedFromDate": "2023-05-17"}, {"date": "2022-11-08", "symbol": "1320.SR", "eps": 0.33, "epsEstimated": null, "time": "bmo", "revenue": 204776740, "revenueEstimated": null, "fiscalDateEnding": "2022-09-30", "updatedFromDate": "2023-05-17"}, {"date": "2022-11-08", "symbol": "2354.TW", "eps": 1.1, "epsEstimated": 1.37, "time": "bmo", "revenue": 17850997000, "revenueEstimated": null, "fiscalDateEnding": "2022-09-30", "updatedFromDate": "2023-05-17"}, {"date": "2022-11-08", "symbol": "VEEE", "eps": -0.05, "epsEstimated": null, "time": "bmo", "revenue": 8812021, "revenueEstimated": null, "fiscalDateEnding": "2022-09-29", "updatedFromDate": "2023-09-29"}, {"date": "2022-11-08", "symbol": "GEN", "eps": 0.45, "epsEstimated": 0.45, "time": "amc", "revenue": 748000000, "revenueEstimated": null, "fiscalDateEnding": "2022-09-30", "updatedFromDate": "2023-09-29"}, {"date": "2022-11-08", "symbol": "011170.KS", "eps": 399.1, "epsEstimated": 2033.47, "time": "bmo", "revenue": 22276082763690, "revenueEstimated": null, "fiscalDateEnding": "2022-08-08", "updatedFromDate": "2023-05-17"}, {"date": "2022-11-08", "symbol": "ALARK.IS", "eps": 9.71, "epsEstimated": null, "time": "bmo", "revenue": 2334779679, "revenueEstimated": null, "fiscalDateEnding": "2022-09-30", "updatedFromDate": "2023-05-17"}, {"date": "2022-11-08", "symbol": "DTIL", "eps": -0.22, "epsEstimated": -0.35, "time": "bmo", "revenue": 7363000, "revenueEstimated": null, "fiscalDateEnding": "2022-09-29", "updatedFromDate": "2023-09-29"}, {"date": "2022-11-08", "symbol": "1521.TW", "eps": 0.72, "epsEstimated": null, "time": "bmo", "revenue": 1177679000, "revenueEstimated": null, "fiscalDateEnding": "2022-09-30", "updatedFromDate": "2023-05-17"}, {"date": "2022-11-08", "symbol": "LEU", "eps": -0.42, "epsEstimated": 0.78, "time": "amc", "revenue": 33200000, "revenueEstimated": null, "fiscalDateEnding": "2022-09-29", "updatedFromDate": "2023-09-29"}, {"date": "2022-11-08", "symbol": "INSW", "eps": 2.29, "epsEstimated": 2.46, "time": "bmo", "revenue": 236829000, "revenueEstimated": null, "fiscalDateEnding": "2022-09-29", "updatedFromDate": "2023-09-29"}, {"date": "2022-11-08", "symbol": "NHHEF", "eps": null, "epsEstimated": null, "time": "bmo", "revenue": null, "revenueEstimated": null, "fiscalDateEnding": "2022-09-30", "updatedFromDate": "2023-05-17"}, {"date": "2022-11-08", "symbol": "SPWR", "eps": 0.13, "epsEstimated": 0.1, "time": "bmo", "revenue": 475711000, "revenueEstimated": null, "fiscalDateEnding": "2022-10-01", "updatedFromDate": "2023-09-29"}, {"date": "2022-11-08", "symbol": "LOTZ", "eps": -0.21, "epsEstimated": -0.25, "time": "amc", "revenue": 50838000, "revenueEstimated": null, "fiscalDateEnding": "2022-09-29", "updatedFromDate": "2023-05-17"}, {"date": "2022-11-08", "symbol": "TETY.ST", "eps": 0.56, "epsEstimated": 0.65, "time": "bmo", "revenue": 40900000, "revenueEstimated": null, "fiscalDateEnding": "2022-09-30", "updatedFromDate": "2023-05-17"}, {"date": "2022-11-08", "symbol": "7867.T", "eps": 26.81, "epsEstimated": null, "time": "bmo", "revenue": 39552000000, "revenueEstimated": null, "fiscalDateEnding": "2022-08-08", "updatedFromDate": "2023-10-17"}, {"date": "2022-11-08", "symbol": "2227.TW", "eps": 3.11, "epsEstimated": null, "time": "bmo", "revenue": 5181378000, "revenueEstimated": null, "fiscalDateEnding": "2022-09-30", "updatedFromDate": "2023-05-17"}, {"date": "2022-11-08", "symbol": "SCYT", "eps": 2.34, "epsEstimated": null, "time": "bmo", "revenue": null, "revenueEstimated": null, "fiscalDateEnding": "2022-08-08", "updatedFromDate": "2023-09-29"}, {"date": "2022-11-08", "symbol": "SAEOF", "eps": -5.35, "epsEstimated": null, "time": "bmo", "revenue": null, "revenueEstimated": null, "fiscalDateEnding": "2022-09-30", "updatedFromDate": "2023-05-17"}, {"date": "2022-11-08", "symbol": "AGESF", "eps": 0.77, "epsEstimated": 1.38, "time": "bmo", "revenue": null, "revenueEstimated": null, "fiscalDateEnding": "2022-09-30", "updatedFromDate": "2023-05-17"}, {"date": "2022-11-08", "symbol": "MARA", "eps": -0.34, "epsEstimated": -0.36, "time": "bmo", "revenue": 12690452, "revenueEstimated": null, "fiscalDateEnding": "2022-09-29", "updatedFromDate": "2023-09-29"}, {"date": "2022-11-08", "symbol": "KBSTF", "eps": 17.65, "epsEstimated": null, "time": "bmo", "revenue": null, "revenueEstimated": null, "fiscalDateEnding": "2023-03-31", "updatedFromDate": "2023-05-17"}, {"date": "2022-11-08", "symbol": "AQB", "eps": -0.08, "epsEstimated": -0.1, "time": "bmo", "revenue": 653432, "revenueEstimated": null, "fiscalDateEnding": "2022-09-29", "updatedFromDate": "2023-09-29"}, {"date": "2022-11-08", "symbol": "XP", "eps": 0.39, "epsEstimated": 0.35, "time": "amc", "revenue": 1703752000, "revenueEstimated": null, "fiscalDateEnding": "2022-09-30", "updatedFromDate": "2023-09-29"}, {"date": "2022-11-08", "symbol": "IWTNF", "eps": 79.23, "epsEstimated": null, "time": "bmo", "revenue": null, "revenueEstimated": null, "fiscalDateEnding": "2023-03-31", "updatedFromDate": "2023-05-17"}, {"date": "2022-11-08", "symbol": "DNMR", "eps": -0.3, "epsEstimated": -0.24, "time": "amc", "revenue": 10448000, "revenueEstimated": null, "fiscalDateEnding": "2022-09-29", "updatedFromDate": "2023-09-29"}, {"date": "2022-11-08", "symbol": "APEI", "eps": -0.2, "epsEstimated": -0.25, "time": "amc", "revenue": 149535000, "revenueEstimated": null, "fiscalDateEnding": "2022-09-29", "updatedFromDate": "2023-09-29"}, {"date": "2022-11-08", "symbol": "CLPT", "eps": -0.15, "epsEstimated": -0.19, "time": "bmo", "revenue": 5146000, "revenueEstimated": null, "fiscalDateEnding": "2022-09-29", "updatedFromDate": "2023-09-29"}, {"date": "2022-11-08", "symbol": "LILA", "eps": 0.38, "epsEstimated": 0.41, "time": "amc", "revenue": 1222000000, "revenueEstimated": null, "fiscalDateEnding": "2022-09-29", "updatedFromDate": "2023-09-29"}, {"date": "2022-11-08", "symbol": "NWN", "eps": -0.56, "epsEstimated": -0.75, "time": "bmo", "revenue": 116839000, "revenueEstimated": null, "fiscalDateEnding": "2022-09-29", "updatedFromDate": "2023-09-29"}, {"date": "2022-11-08", "symbol": "HCI", "eps": -5.62, "epsEstimated": -6.04, "time": "amc", "revenue": 126654000, "revenueEstimated": null, "fiscalDateEnding": "2022-09-29", "updatedFromDate": "2023-09-29"}, {"date": "2022-11-08", "symbol": "KODK", "eps": 0.03, "epsEstimated": null, "time": "amc", "revenue": 289000000, "revenueEstimated": null, "fiscalDateEnding": "2022-09-29", "updatedFromDate": "2023-09-29"}, {"date": "2022-11-08", "symbol": "RK.V", "eps": -0.00092, "epsEstimated": null, "time": "bmo", "revenue": null, "revenueEstimated": null, "fiscalDateEnding": "2022-09-30", "updatedFromDate": "2023-10-16"}, {"date": "2022-11-08", "symbol": "ALRM", "eps": 0.55, "epsEstimated": 0.5, "time": "amc", "revenue": 216138000, "revenueEstimated": null, "fiscalDateEnding": "2022-09-29", "updatedFromDate": "2023-09-29"}, {"date": "2022-11-08", "symbol": "6907.T", "eps": 11.95, "epsEstimated": null, "time": "bmo", "revenue": 1568616000, "revenueEstimated": null, "fiscalDateEnding": "2022-08-08", "updatedFromDate": "2023-10-17"}, {"date": "2022-11-08", "symbol": "STEF-B.ST", "eps": 3.48, "epsEstimated": 4.6, "time": "bmo", "revenue": 184000000, "revenueEstimated": null, "fiscalDateEnding": "2022-09-30", "updatedFromDate": "2023-05-17"}, {"date": "2022-11-08", "symbol": "OSCR", "eps": -0.91, "epsEstimated": -0.76, "time": "amc", "revenue": 40086000, "revenueEstimated": null, "fiscalDateEnding": "2022-09-29", "updatedFromDate": "2023-09-29"}, {"date": "2022-11-08", "symbol": "SRT", "eps": 0.1, "epsEstimated": 0.11, "time": "amc", "revenue": 163135000, "revenueEstimated": null, "fiscalDateEnding": "2022-09-29", "updatedFromDate": "2023-09-29"}, {"date": "2022-11-08", "symbol": "VYGR", "eps": 0.45, "epsEstimated": 0.32, "time": "bmo", "revenue": 41086000, "revenueEstimated": null, "fiscalDateEnding": "2022-09-29", "updatedFromDate": "2023-09-29"}, {"date": "2022-11-08", "symbol": "ANVS", "eps": -0.93, "epsEstimated": -1.17, "time": "bmo", "revenue": null, "revenueEstimated": null, "fiscalDateEnding": "2022-09-29", "updatedFromDate": "2023-09-29"}, {"date": "2022-11-08", "symbol": "6140.T", "eps": 13.63, "epsEstimated": 10.6, "time": "bmo", "revenue": 9601000000, "revenueEstimated": null, "fiscalDateEnding": "2022-08-08", "updatedFromDate": "2023-10-17"}, {"date": "2022-11-08", "symbol": "AHH", "eps": 0.38, "epsEstimated": 0.11, "time": "bmo", "revenue": 122767000, "revenueEstimated": null, "fiscalDateEnding": "2022-09-29", "updatedFromDate": "2023-09-29"}, {"date": "2022-11-08", "symbol": "3852.T", "eps": 2.24, "epsEstimated": null, "time": "bmo", "revenue": 4126902000, "revenueEstimated": null, "fiscalDateEnding": "2022-09-30", "updatedFromDate": "2023-10-16"}, {"date": "2022-11-08", "symbol": "4563.T", "eps": -18.09, "epsEstimated": null, "time": "bmo", "revenue": 14019000, "revenueEstimated": null, "fiscalDateEnding": "2022-09-30", "updatedFromDate": "2023-05-17"}, {"date": "2022-11-08", "symbol": "ARHTF", "eps": -0.01039, "epsEstimated": null, "time": "bmo", "revenue": 7511217, "revenueEstimated": null, "fiscalDateEnding": "2022-08-08", "updatedFromDate": "2023-05-17"}, {"date": "2022-11-08", "symbol": "SUNW", "eps": -0.16, "epsEstimated": -0.15, "time": "bmo", "revenue": 40713000, "revenueEstimated": 37350000, "fiscalDateEnding": "2022-09-29", "updatedFromDate": "2023-09-29"}, {"date": "2022-11-08", "symbol": "5011.T", "eps": 31.44, "epsEstimated": null, "time": "bmo", "revenue": 14773000000, "revenueEstimated": null, "fiscalDateEnding": "2022-08-08", "updatedFromDate": "2023-10-17"}, {"date": "2022-11-08", "symbol": "8425.T", "eps": 153.82, "epsEstimated": null, "time": "bmo", "revenue": 114038000000, "revenueEstimated": null, "fiscalDateEnding": "2022-08-08", "updatedFromDate": "2023-10-17"}, {"date": "2022-11-08", "symbol": "SILK", "eps": -0.29, "epsEstimated": -0.44, "time": "amc", "revenue": 37374000, "revenueEstimated": null, "fiscalDateEnding": "2022-09-29", "updatedFromDate": "2023-09-29"}, {"date": "2022-11-08", "symbol": "PLRX", "eps": -0.65, "epsEstimated": -0.74, "time": "bmo", "revenue": 1482000, "revenueEstimated": null, "fiscalDateEnding": "2022-09-29", "updatedFromDate": "2023-09-29"}, {"date": "2022-11-08", "symbol": "MNK", "eps": 5.25, "epsEstimated": null, "time": "bmo", "revenue": 465400000, "revenueEstimated": null, "fiscalDateEnding": "2022-09-30", "updatedFromDate": "2023-09-29"}, {"date": "2022-11-08", "symbol": "2461.TW", "eps": -0.1239, "epsEstimated": null, "time": "bmo", "revenue": 1571087000, "revenueEstimated": null, "fiscalDateEnding": "2022-09-30", "updatedFromDate": "2023-05-17"}, {"date": "2022-11-08", "symbol": "FLYW", "eps": -0.04, "epsEstimated": 0.06, "time": "amc", "revenue": 95232000, "revenueEstimated": null, "fiscalDateEnding": "2022-09-29", "updatedFromDate": "2023-09-29"}, {"date": "2022-11-08", "symbol": "5258.TW", "eps": 2.48, "epsEstimated": null, "time": "bmo", "revenue": 2003227000, "revenueEstimated": null, "fiscalDateEnding": "2022-09-30", "updatedFromDate": "2023-08-25"}, {"date": "2022-11-08", "symbol": "ROTH.PA", "eps": null, "epsEstimated": null, "time": "bmo", "revenue": null, "revenueEstimated": null, "fiscalDateEnding": "2022-08-08", "updatedFromDate": "2023-10-16"}, {"date": "2022-11-08", "symbol": "BW", "eps": -0.24, "epsEstimated": -0.0514, "time": "amc", "revenue": 214870000, "revenueEstimated": null, "fiscalDateEnding": "2022-09-29", "updatedFromDate": "2023-09-29"}, {"date": "2022-11-08", "symbol": "6177.TW", "eps": 1.05, "epsEstimated": null, "time": "bmo", "revenue": 1468963000, "revenueEstimated": null, "fiscalDateEnding": "2022-09-30", "updatedFromDate": "2023-08-25"}, {"date": "2022-11-08", "symbol": "PTPP.JK", "eps": 8.74, "epsEstimated": null, "time": "bmo", "revenue": 4438210738994, "revenueEstimated": null, "fiscalDateEnding": "2022-09-30", "updatedFromDate": "2023-05-17"}, {"date": "2022-11-08", "symbol": "BSY", "eps": 0.19, "epsEstimated": 0.17, "time": "bmo", "revenue": 268332000, "revenueEstimated": null, "fiscalDateEnding": "2022-09-29", "updatedFromDate": "2023-09-29"}, {"date": "2022-11-08", "symbol": "KRIUF", "eps": null, "epsEstimated": null, "time": "bmo", "revenue": null, "revenueEstimated": null, "fiscalDateEnding": "2022-09-30", "updatedFromDate": "2023-05-17"}, {"date": "2022-11-08", "symbol": "AKAFF", "eps": 124.2, "epsEstimated": null, "time": "bmo", "revenue": null, "revenueEstimated": null, "fiscalDateEnding": "2023-03-31", "updatedFromDate": "2023-05-17"}, {"date": "2022-11-08", "symbol": "MXGFF", "eps": null, "epsEstimated": null, "time": "amc", "revenue": null, "revenueEstimated": null, "fiscalDateEnding": "2022-09-30", "updatedFromDate": "2023-05-17"}, {"date": "2022-11-08", "symbol": "BBDO", "eps": 0.09, "epsEstimated": null, "time": "bmo", "revenue": 25603300000, "revenueEstimated": null, "fiscalDateEnding": "2022-09-30", "updatedFromDate": "2023-09-29"}, {"date": "2022-11-08", "symbol": "HCKT", "eps": 0.37, "epsEstimated": 0.34, "time": "amc", "revenue": 72033000, "revenueEstimated": null, "fiscalDateEnding": "2022-09-29", "updatedFromDate": "2023-09-29"}, {"date": "2022-11-08", "symbol": "RUBSF", "eps": null, "epsEstimated": null, "time": "bmo", "revenue": null, "revenueEstimated": null, "fiscalDateEnding": "2022-09-30", "updatedFromDate": "2023-05-17"}, {"date": "2022-11-08", "symbol": "NEWUF", "eps": 0.02, "epsEstimated": 0.02, "time": "amc", "revenue": 2653411, "revenueEstimated": null, "fiscalDateEnding": "2022-09-30", "updatedFromDate": "2023-08-25"}, {"date": "2022-11-08", "symbol": "4687.T", "eps": 31.31, "epsEstimated": null, "time": "bmo", "revenue": 8001052000, "revenueEstimated": null, "fiscalDateEnding": "2022-08-08", "updatedFromDate": "2023-10-17"}, {"date": "2022-11-08", "symbol": "KITZF", "eps": 26.1, "epsEstimated": null, "time": "bmo", "revenue": null, "revenueEstimated": null, "fiscalDateEnding": "2022-09-30", "updatedFromDate": "2023-05-17"}, {"date": "2022-11-08", "symbol": "LDI", "eps": -0.37, "epsEstimated": -0.26, "time": "amc", "revenue": 218591000, "revenueEstimated": null, "fiscalDateEnding": "2022-09-29", "updatedFromDate": "2023-09-29"}, {"date": "2022-11-08", "symbol": "BRDLF", "eps": -3.67, "epsEstimated": null, "time": "bmo", "revenue": null, "revenueEstimated": null, "fiscalDateEnding": "2022-09-30", "updatedFromDate": "2023-05-17"}, {"date": "2022-11-08", "symbol": "8282.HK", "eps": -0.03796, "epsEstimated": null, "time": "bmo", "revenue": 28155000, "revenueEstimated": null, "fiscalDateEnding": "2022-09-30", "updatedFromDate": "2023-05-17"}, {"date": "2022-11-08", "symbol": "SCOR", "eps": -0.16, "epsEstimated": -0.11, "time": "amc", "revenue": 92783000, "revenueEstimated": null, "fiscalDateEnding": "2022-09-29", "updatedFromDate": "2023-09-29"}, {"date": "2022-11-08", "symbol": "STRO", "eps": -0.37, "epsEstimated": -0.15, "time": "bmo", "revenue": 25147000, "revenueEstimated": null, "fiscalDateEnding": "2022-09-29", "updatedFromDate": "2023-09-29"}, {"date": "2022-11-08", "symbol": "4095.T", "eps": 23.47, "epsEstimated": null, "time": "bmo", "revenue": 27255000000, "revenueEstimated": null, "fiscalDateEnding": "2022-08-08", "updatedFromDate": "2023-10-17"}, {"date": "2022-11-08", "symbol": "VLPNF", "eps": 0.46, "epsEstimated": 1.08, "time": "bmo", "revenue": 4445700000, "revenueEstimated": null, "fiscalDateEnding": "2022-08-08", "updatedFromDate": "2023-10-16"}, {"date": "2022-11-08", "symbol": "DOX", "eps": 1.29, "epsEstimated": 1.29, "time": "amc", "revenue": 1166504000, "revenueEstimated": null, "fiscalDateEnding": "2022-09-30", "updatedFromDate": "2023-09-29"}, {"date": "2022-11-08", "symbol": "7231.T", "eps": 74.17, "epsEstimated": null, "time": "bmo", "revenue": 75000000000, "revenueEstimated": null, "fiscalDateEnding": "2022-08-08", "updatedFromDate": "2023-10-16"}, {"date": "2022-11-08", "symbol": "WICE.BK", "eps": 0.2, "epsEstimated": null, "time": "bmo", "revenue": 1586620000, "revenueEstimated": null, "fiscalDateEnding": "2022-09-30", "updatedFromDate": "2023-05-17"}, {"date": "2022-11-08", "symbol": "DDD", "eps": -0.05, "epsEstimated": -0.09, "time": "amc", "revenue": 132253000, "revenueEstimated": null, "fiscalDateEnding": "2022-09-29", "updatedFromDate": "2023-09-29"}, {"date": "2022-11-08", "symbol": "001740.KS", "eps": 26, "epsEstimated": 95.1, "time": "bmo", "revenue": 2545546000000, "revenueEstimated": null, "fiscalDateEnding": "2022-08-08", "updatedFromDate": "2023-05-17"}, {"date": "2022-11-08", "symbol": "FRU.TO", "eps": 0.42, "epsEstimated": 0.32, "time": "bmo", "revenue": 96000000, "revenueEstimated": null, "fiscalDateEnding": "2022-09-30", "updatedFromDate": "2023-05-17"}, {"date": "2022-11-08", "symbol": "RRRP3.SA", "eps": 2.13, "epsEstimated": 0.72, "time": "bmo", "revenue": 502374000, "revenueEstimated": null, "fiscalDateEnding": "2022-09-30", "updatedFromDate": "2023-05-17"}, {"date": "2022-11-08", "symbol": "WHLR", "eps": -6.6, "epsEstimated": null, "time": "bmo", "revenue": 18718000, "revenueEstimated": null, "fiscalDateEnding": "2022-09-29", "updatedFromDate": "2023-09-29"}, {"date": "2022-11-08", "symbol": "4985.T", "eps": 2.04, "epsEstimated": 19.05, "time": "bmo", "revenue": 152339000000, "revenueEstimated": null, "fiscalDateEnding": "2022-08-08", "updatedFromDate": "2023-05-17"}, {"date": "2022-11-08", "symbol": "OBE.TO", "eps": 0.48, "epsEstimated": 0.88, "time": "bmo", "revenue": 216200000, "revenueEstimated": null, "fiscalDateEnding": "2022-09-30", "updatedFromDate": "2023-05-17"}, {"date": "2022-11-08", "symbol": "EUZOF", "eps": null, "epsEstimated": null, "time": "bmo", "revenue": null, "revenueEstimated": null, "fiscalDateEnding": "2022-09-30", "updatedFromDate": "2023-05-17"}, {"date": "2022-11-08", "symbol": "3402.T", "eps": 11.98, "epsEstimated": 6.89, "time": "bmo", "revenue": 605869000000, "revenueEstimated": null, "fiscalDateEnding": "2022-08-08", "updatedFromDate": "2023-10-17"}, {"date": "2022-11-08", "symbol": "ENAKF", "eps": 0.27, "epsEstimated": null, "time": "bmo", "revenue": null, "revenueEstimated": null, "fiscalDateEnding": "2022-09-30", "updatedFromDate": "2023-05-17"}, {"date": "2022-11-08", "symbol": "WDP.F", "eps": 0.3, "epsEstimated": 0.56, "time": "bmo", "revenue": null, "revenueEstimated": null, "fiscalDateEnding": "2022-09-30", "updatedFromDate": "2023-05-29"}, {"date": "2022-11-08", "symbol": "OKIEF", "eps": -28.55, "epsEstimated": null, "time": "bmo", "revenue": null, "revenueEstimated": null, "fiscalDateEnding": "2023-03-31", "updatedFromDate": "2023-05-17"}, {"date": "2022-11-08", "symbol": "IAC", "eps": -1.23, "epsEstimated": -0.41, "time": "amc", "revenue": 1300901000, "revenueEstimated": null, "fiscalDateEnding": "2022-09-29", "updatedFromDate": "2023-09-29"}, {"date": "2022-11-08", "symbol": "GPMT", "eps": 0.17, "epsEstimated": 0.21, "time": "amc", "revenue": 16958000, "revenueEstimated": null, "fiscalDateEnding": "2022-09-29", "updatedFromDate": "2023-09-29"}, {"date": "2022-11-08", "symbol": "VLD", "eps": -0.12, "epsEstimated": -0.1, "time": "amc", "revenue": 26814000, "revenueEstimated": null, "fiscalDateEnding": "2022-08-08", "updatedFromDate": "2023-10-10"}, {"date": "2022-11-08", "symbol": "8058.T", "eps": 127.31, "epsEstimated": 198.7, "time": "bmo", "revenue": 5443439000000, "revenueEstimated": null, "fiscalDateEnding": "2022-08-08", "updatedFromDate": "2023-10-17"}, {"date": "2022-11-08", "symbol": "BOS.TO", "eps": -0.44, "epsEstimated": -0.23, "time": "bmo", "revenue": 104682000, "revenueEstimated": null, "fiscalDateEnding": "2022-09-30", "updatedFromDate": "2023-10-16"}, {"date": "2022-11-08", "symbol": "FPT.BK", "eps": 0.3207, "epsEstimated": null, "time": "bmo", "revenue": 4780472000, "revenueEstimated": null, "fiscalDateEnding": "2022-09-30", "updatedFromDate": "2023-10-16"}, {"date": "2022-11-08", "symbol": "IOSP", "eps": 1.74, "epsEstimated": 1.41, "time": "amc", "revenue": 513000000, "revenueEstimated": null, "fiscalDateEnding": "2022-09-29", "updatedFromDate": "2023-09-29"}, {"date": "2022-11-08", "symbol": "3939.T", "eps": 5.59, "epsEstimated": null, "time": "bmo", "revenue": 874872000, "revenueEstimated": null, "fiscalDateEnding": "2022-09-30", "updatedFromDate": "2023-05-17"}, {"date": "2022-11-08", "symbol": "NHI", "eps": 0.78, "epsEstimated": 1.05, "time": "amc", "revenue": 76298000, "revenueEstimated": null, "fiscalDateEnding": "2022-09-29", "updatedFromDate": "2023-09-29"}, {"date": "2022-11-08", "symbol": "6392.T", "eps": 182.35, "epsEstimated": null, "time": "bmo", "revenue": null, "revenueEstimated": null, "fiscalDateEnding": "2022-09-30", "updatedFromDate": "2023-05-19"}, {"date": "2022-11-08", "symbol": "9857.T", "eps": 40.32, "epsEstimated": null, "time": "bmo", "revenue": null, "revenueEstimated": null, "fiscalDateEnding": "2022-09-30", "updatedFromDate": "2023-05-19"}, {"date": "2022-11-08", "symbol": "4094.T", "eps": 16.53, "epsEstimated": null, "time": "bmo", "revenue": null, "revenueEstimated": null, "fiscalDateEnding": "2022-09-30", "updatedFromDate": "2023-05-19"}, {"date": "2022-11-08", "symbol": "METEX.PA", "eps": null, "epsEstimated": null, "time": "bmo", "revenue": null, "revenueEstimated": null, "fiscalDateEnding": "2022-08-08", "updatedFromDate": "2023-05-17"}, {"date": "2022-11-08", "symbol": "ELE.MC", "eps": 0.69, "epsEstimated": 0.74, "time": "bmo", "revenue": null, "revenueEstimated": null, "fiscalDateEnding": "2022-09-30", "updatedFromDate": "2023-05-17"}, {"date": "2022-11-08", "symbol": "SCU", "eps": 0.01, "epsEstimated": 0.19, "time": "bmo", "revenue": 78831000, "revenueEstimated": null, "fiscalDateEnding": "2022-09-29", "updatedFromDate": "2023-09-29"}, {"date": "2022-11-08", "symbol": "MGI", "eps": 0.11, "epsEstimated": 0.13, "time": "bmo", "revenue": 330800000, "revenueEstimated": null, "fiscalDateEnding": "2022-09-29", "updatedFromDate": "2023-09-29"}, {"date": "2022-11-08", "symbol": "1719.T", "eps": 27.12, "epsEstimated": null, "time": "bmo", "revenue": 72444000000, "revenueEstimated": null, "fiscalDateEnding": "2022-08-08", "updatedFromDate": "2023-10-17"}, {"date": "2022-11-08", "symbol": "3176.T", "eps": 24.11, "epsEstimated": null, "time": "bmo", "revenue": 31979149000, "revenueEstimated": null, "fiscalDateEnding": "2022-09-30", "updatedFromDate": "2023-05-17"}, {"date": "2022-11-08", "symbol": "3328.T", "eps": -22.96, "epsEstimated": null, "time": "bmo", "revenue": 8280000000, "revenueEstimated": null, "fiscalDateEnding": "2022-09-30", "updatedFromDate": "2023-05-17"}, {"date": "2022-11-08", "symbol": "OVV.TO", "eps": 1.44, "epsEstimated": 1.99, "time": "bmo", "revenue": 3549000000, "revenueEstimated": null, "fiscalDateEnding": "2022-09-30", "updatedFromDate": "2023-05-17"}, {"date": "2022-11-08", "symbol": "5408.T", "eps": 53.18, "epsEstimated": null, "time": "bmo", "revenue": 47796000000, "revenueEstimated": null, "fiscalDateEnding": "2022-08-08", "updatedFromDate": "2023-10-17"}, {"date": "2022-11-08", "symbol": "6367.T", "eps": 293.28, "epsEstimated": 253.41, "time": "bmo", "revenue": 967755000000, "revenueEstimated": null, "fiscalDateEnding": "2022-08-08", "updatedFromDate": "2023-10-17"}, {"date": "2022-11-08", "symbol": "JHX.AX", "eps": 0.39, "epsEstimated": 0.41, "time": "bmo", "revenue": 1000900000, "revenueEstimated": null, "fiscalDateEnding": "2022-08-08", "updatedFromDate": "2023-10-17"}, {"date": "2022-11-08", "symbol": "MRTX", "eps": -3.09, "epsEstimated": -3.46, "time": "amc", "revenue": 5431000, "revenueEstimated": null, "fiscalDateEnding": "2022-09-29", "updatedFromDate": "2023-09-29"}, {"date": "2022-11-08", "symbol": "RPRX", "eps": 0.73, "epsEstimated": 0.71, "time": "bmo", "revenue": 573463000, "revenueEstimated": null, "fiscalDateEnding": "2022-09-29", "updatedFromDate": "2023-09-29"}, {"date": "2022-11-08", "symbol": "4161.SR", "eps": -0.42, "epsEstimated": 0.19, "time": "bmo", "revenue": 1182546183, "revenueEstimated": 1085060000, "fiscalDateEnding": "2022-09-30", "updatedFromDate": "2023-08-16"}, {"date": "2022-11-08", "symbol": "NOVT", "eps": 0.81, "epsEstimated": 0.74, "time": "bmo", "revenue": 222958000, "revenueEstimated": null, "fiscalDateEnding": "2022-09-29", "updatedFromDate": "2023-09-29"}, {"date": "2022-11-08", "symbol": "SADG.OL", "eps": 1.5, "epsEstimated": 1.86, "time": "bmo", "revenue": 144654000, "revenueEstimated": null, "fiscalDateEnding": "2022-09-30", "updatedFromDate": "2023-05-17"}, {"date": "2022-11-08", "symbol": "SFT", "eps": -6.7, "epsEstimated": -5.3, "time": "amc", "revenue": 161869000, "revenueEstimated": null, "fiscalDateEnding": "2022-09-29", "updatedFromDate": "2023-09-29"}, {"date": "2022-11-08", "symbol": "CTG", "eps": 0.11, "epsEstimated": 0.12, "time": "bmo", "revenue": 75002000, "revenueEstimated": null, "fiscalDateEnding": "2022-09-29", "updatedFromDate": "2023-09-29"}, {"date": "2022-11-08", "symbol": "CCU.SN", "eps": 46.6, "epsEstimated": 57.39, "time": "bmo", "revenue": null, "revenueEstimated": null, "fiscalDateEnding": "2022-09-30", "updatedFromDate": "2023-05-17"}, {"date": "2022-11-08", "symbol": "PHAT", "eps": -1.32, "epsEstimated": -1.32, "time": "bmo", "revenue": null, "revenueEstimated": null, "fiscalDateEnding": "2022-09-29", "updatedFromDate": "2023-09-29"}, {"date": "2022-11-08", "symbol": "2108.T", "eps": 36.25, "epsEstimated": null, "time": "bmo", "revenue": 15366000000, "revenueEstimated": null, "fiscalDateEnding": "2022-08-08", "updatedFromDate": "2023-10-17"}, {"date": "2022-11-08", "symbol": "CLVT", "eps": 0.2, "epsEstimated": 0.17, "time": "bmo", "revenue": 686600000, "revenueEstimated": null, "fiscalDateEnding": "2022-06-29", "updatedFromDate": "2023-10-17"}, {"date": "2022-11-08", "symbol": "NPEHF", "eps": 254.92, "epsEstimated": 191.66, "time": "bmo", "revenue": null, "revenueEstimated": null, "fiscalDateEnding": "2022-09-30", "updatedFromDate": "2023-05-17"}, {"date": "2022-11-08", "symbol": "RYTM", "eps": -0.79, "epsEstimated": -1.01, "time": "bmo", "revenue": 4284000, "revenueEstimated": null, "fiscalDateEnding": "2022-09-29", "updatedFromDate": "2023-09-29"}, {"date": "2022-11-08", "symbol": "LYRA", "eps": 0.4, "epsEstimated": 0.42, "time": "bmo", "revenue": 359000, "revenueEstimated": null, "fiscalDateEnding": "2022-09-29", "updatedFromDate": "2023-09-29"}, {"date": "2022-11-08", "symbol": "AUD", "eps": -0.04, "epsEstimated": -0.05, "time": "bmo", "revenue": 316969000, "revenueEstimated": null, "fiscalDateEnding": "2022-09-29", "updatedFromDate": "2023-09-29"}, {"date": "2022-11-08", "symbol": "4521.T", "eps": 81.46, "epsEstimated": null, "time": "bmo", "revenue": 18197000000, "revenueEstimated": null, "fiscalDateEnding": "2022-08-08", "updatedFromDate": "2023-10-17"}, {"date": "2022-11-08", "symbol": "GBNH", "eps": -0.51, "epsEstimated": -0.22, "time": "amc", "revenue": 20752105, "revenueEstimated": 22000000, "fiscalDateEnding": "2022-09-30", "updatedFromDate": "2023-09-29"}, {"date": "2022-11-08", "symbol": "8424.T", "eps": 403.29, "epsEstimated": null, "time": "bmo", "revenue": 217415000000, "revenueEstimated": null, "fiscalDateEnding": "2022-08-08", "updatedFromDate": "2023-10-17"}, {"date": "2022-11-08", "symbol": "SSRM", "eps": -0.07, "epsEstimated": -0.05, "time": "bmo", "revenue": 166627000, "revenueEstimated": null, "fiscalDateEnding": "2022-09-29", "updatedFromDate": "2023-09-29"}, {"date": "2022-11-08", "symbol": "OMGA", "eps": -0.54, "epsEstimated": -0.63, "time": "bmo", "revenue": 595000, "revenueEstimated": null, "fiscalDateEnding": "2022-09-29", "updatedFromDate": "2023-09-29"}, {"date": "2022-11-08", "symbol": "6507.T", "eps": 72.21, "epsEstimated": null, "time": "bmo", "revenue": 20136000000, "revenueEstimated": null, "fiscalDateEnding": "2022-08-08", "updatedFromDate": "2023-10-17"}, {"date": "2022-11-08", "symbol": "STIM", "eps": -0.28, "epsEstimated": -0.44, "time": "bmo", "revenue": 16498000, "revenueEstimated": null, "fiscalDateEnding": "2022-09-29", "updatedFromDate": "2023-09-29"}, {"date": "2022-11-08", "symbol": "8049.TWO", "eps": 1.09, "epsEstimated": null, "time": "bmo", "revenue": 659184000, "revenueEstimated": null, "fiscalDateEnding": "2022-09-30", "updatedFromDate": "2023-05-17"}, {"date": "2022-11-08", "symbol": "ACRS", "eps": -0.3, "epsEstimated": -0.39, "time": "bmo", "revenue": 19018000, "revenueEstimated": null, "fiscalDateEnding": "2022-09-29", "updatedFromDate": "2023-09-29"}, {"date": "2022-11-08", "symbol": "FSNT.F", "eps": null, "epsEstimated": null, "time": "bmo", "revenue": null, "revenueEstimated": null, "fiscalDateEnding": "2022-08-08", "updatedFromDate": "2023-05-17"}, {"date": "2022-11-08", "symbol": "STRC", "eps": -0.72, "epsEstimated": -0.84, "time": "amc", "revenue": 4667000, "revenueEstimated": null, "fiscalDateEnding": "2022-09-29", "updatedFromDate": "2023-09-29"}, {"date": "2022-11-08", "symbol": "IRBT", "eps": -1.78, "epsEstimated": 1.51, "time": "bmo", "revenue": 278191000, "revenueEstimated": null, "fiscalDateEnding": "2022-09-30", "updatedFromDate": "2023-09-29"}, {"date": "2022-11-08", "symbol": "MDP.TO", "eps": -0.14, "epsEstimated": -0.14, "time": "bmo", "revenue": 31555000, "revenueEstimated": null, "fiscalDateEnding": "2022-08-08", "updatedFromDate": "2023-10-16"}, {"date": "2022-11-08", "symbol": "AP.BK", "eps": 0.45, "epsEstimated": 0.48, "time": "bmo", "revenue": 8982186000, "revenueEstimated": null, "fiscalDateEnding": "2022-09-30", "updatedFromDate": "2023-08-16"}, {"date": "2022-11-08", "symbol": "GET", "eps": 0.02, "epsEstimated": null, "time": "bmo", "revenue": null, "revenueEstimated": null, "fiscalDateEnding": "2022-09-30", "updatedFromDate": "2023-05-17"}, {"date": "2022-11-08", "symbol": "FTMDF", "eps": null, "epsEstimated": null, "time": "amc", "revenue": null, "revenueEstimated": null, "fiscalDateEnding": "2022-09-30", "updatedFromDate": "2023-05-17"}, {"date": "2022-11-08", "symbol": "NCLH", "eps": -0.64, "epsEstimated": -0.71, "time": "bmo", "revenue": 1615510000, "revenueEstimated": null, "fiscalDateEnding": "2022-09-29", "updatedFromDate": "2023-09-29"}, {"date": "2022-11-08", "symbol": "EVI", "eps": 0.2, "epsEstimated": null, "time": "bmo", "revenue": 83428000, "revenueEstimated": null, "fiscalDateEnding": "2022-09-29", "updatedFromDate": "2023-09-29"}, {"date": "2022-11-08", "symbol": "2836.TW", "eps": 0.18, "epsEstimated": null, "time": "bmo", "revenue": 905323000, "revenueEstimated": null, "fiscalDateEnding": "2022-09-30", "updatedFromDate": "2023-05-17"}, {"date": "2022-11-08", "symbol": "BIRD", "eps": -0.15, "epsEstimated": -0.17, "time": "amc", "revenue": 72651000, "revenueEstimated": 67780000, "fiscalDateEnding": "2022-09-29", "updatedFromDate": "2023-09-29"}, {"date": "2022-11-08", "symbol": "5851.T", "eps": 12.79, "epsEstimated": null, "time": "bmo", "revenue": 65705000000, "revenueEstimated": null, "fiscalDateEnding": "2022-09-30", "updatedFromDate": "2023-10-16"}, {"date": "2022-11-08", "symbol": "CCAP.DE", "eps": -1.91227, "epsEstimated": null, "time": "bmo", "revenue": 29300000, "revenueEstimated": null, "fiscalDateEnding": "2022-09-30", "updatedFromDate": "2023-05-17"}, {"date": "2022-11-08", "symbol": "WKHS", "eps": -0.22, "epsEstimated": -0.12, "time": "bmo", "revenue": 1548798, "revenueEstimated": null, "fiscalDateEnding": "2022-09-29", "updatedFromDate": "2023-09-29"}, {"date": "2022-11-08", "symbol": "PRFO.ST", "eps": 1.34, "epsEstimated": 0.99, "time": "bmo", "revenue": 235000000, "revenueEstimated": null, "fiscalDateEnding": "2022-09-30", "updatedFromDate": "2023-05-17"}, {"date": "2022-11-08", "symbol": "3149.TW", "eps": -0.26, "epsEstimated": null, "time": "bmo", "revenue": 667167000, "revenueEstimated": null, "fiscalDateEnding": "2022-09-30", "updatedFromDate": "2023-05-17"}, {"date": "2022-11-08", "symbol": "ATRA", "eps": -0.82, "epsEstimated": -0.78, "time": "amc", "revenue": 4459000, "revenueEstimated": null, "fiscalDateEnding": "2022-09-29", "updatedFromDate": "2023-09-29"}, {"date": "2022-11-08", "symbol": "PRA", "eps": -0.06, "epsEstimated": 0.2, "time": "amc", "revenue": 279935000, "revenueEstimated": null, "fiscalDateEnding": "2022-09-29", "updatedFromDate": "2023-09-29"}, {"date": "2022-11-08", "symbol": "KANKF", "eps": 91.8, "epsEstimated": null, "time": "bmo", "revenue": null, "revenueEstimated": null, "fiscalDateEnding": "2023-03-31", "updatedFromDate": "2023-05-17"}, {"date": "2022-11-08", "symbol": "OESX", "eps": -0.08, "epsEstimated": -0.07, "time": "bmo", "revenue": 17613000, "revenueEstimated": null, "fiscalDateEnding": "2022-08-08", "updatedFromDate": "2023-10-10"}, {"date": "2022-11-08", "symbol": "ATLC", "eps": 1.41, "epsEstimated": 1.32, "time": "bmo", "revenue": 68041000, "revenueEstimated": null, "fiscalDateEnding": "2022-09-29", "updatedFromDate": "2023-09-29"}, {"date": "2022-11-08", "symbol": "AFRM", "eps": -0.86, "epsEstimated": -0.82, "time": "amc", "revenue": 361624000, "revenueEstimated": null, "fiscalDateEnding": "2022-09-29", "updatedFromDate": "2023-09-29"}, {"date": "2022-11-08", "symbol": "ARQT", "eps": -1.89, "epsEstimated": -1.54, "time": "amc", "revenue": 725000, "revenueEstimated": null, "fiscalDateEnding": "2022-09-29", "updatedFromDate": "2023-09-29"}, {"date": "2022-11-08", "symbol": "PTTMF", "eps": 8.6, "epsEstimated": null, "time": "bmo", "revenue": null, "revenueEstimated": null, "fiscalDateEnding": "2022-09-30", "updatedFromDate": "2023-05-17"}, {"date": "2022-11-08", "symbol": "MODN", "eps": 0.2, "epsEstimated": 0.19, "time": "amc", "revenue": 58171000, "revenueEstimated": null, "fiscalDateEnding": "2022-09-29", "updatedFromDate": "2023-09-29"}, {"date": "2022-11-08", "symbol": "WTI", "eps": 0.33, "epsEstimated": 0.28, "time": "amc", "revenue": 266485000, "revenueEstimated": null, "fiscalDateEnding": "2022-09-29", "updatedFromDate": "2023-09-29"}, {"date": "2022-11-08", "symbol": "BRDG", "eps": 0.29, "epsEstimated": 0.24, "time": "amc", "revenue": 110424000, "revenueEstimated": null, "fiscalDateEnding": "2022-09-29", "updatedFromDate": "2023-09-29"}, {"date": "2022-11-08", "symbol": "AND.TO", "eps": 0.44, "epsEstimated": 0.41, "time": "bmo", "revenue": 164898000, "revenueEstimated": null, "fiscalDateEnding": "2022-09-30", "updatedFromDate": "2023-05-17"}, {"date": "2022-11-08", "symbol": "KURRF", "eps": 68.32, "epsEstimated": 29.16, "time": "bmo", "revenue": null, "revenueEstimated": null, "fiscalDateEnding": "2022-09-30", "updatedFromDate": "2023-05-17"}, {"date": "2022-11-08", "symbol": "SPALI.BK", "eps": 1.41, "epsEstimated": 1.21, "time": "bmo", "revenue": 11132747000, "revenueEstimated": null, "fiscalDateEnding": "2022-09-30", "updatedFromDate": "2023-05-17"}, {"date": "2022-11-08", "symbol": "035760.KQ", "eps": -2648, "epsEstimated": 1511, "time": "bmo", "revenue": null, "revenueEstimated": null, "fiscalDateEnding": "2022-09-30", "updatedFromDate": "2023-05-17"}, {"date": "2022-11-08", "symbol": "LOMA", "eps": -0.77, "epsEstimated": -0.04182, "time": "bmo", "revenue": 33942000000, "revenueEstimated": 203340000, "fiscalDateEnding": "2022-09-30", "updatedFromDate": "2023-09-29"}, {"date": "2022-11-08", "symbol": "FDMT", "eps": -0.79, "epsEstimated": -0.85, "time": "bmo", "revenue": 500000, "revenueEstimated": null, "fiscalDateEnding": "2022-09-29", "updatedFromDate": "2023-09-29"}, {"date": "2022-11-08", "symbol": "AGS", "eps": 0.01, "epsEstimated": 0.0021, "time": "amc", "revenue": 78259000, "revenueEstimated": null, "fiscalDateEnding": "2022-09-29", "updatedFromDate": "2023-09-29"}, {"date": "2022-11-08", "symbol": "BNCZF", "eps": 0.08, "epsEstimated": null, "time": "bmo", "revenue": null, "revenueEstimated": null, "fiscalDateEnding": "2022-09-30", "updatedFromDate": "2023-05-17"}, {"date": "2022-11-08", "symbol": "LILAK", "eps": 0.38, "epsEstimated": 0.16, "time": "amc", "revenue": 1222000000, "revenueEstimated": null, "fiscalDateEnding": "2022-09-29", "updatedFromDate": "2023-09-29"}, {"date": "2022-11-08", "symbol": "MNTS", "eps": -13, "epsEstimated": null, "time": "amc", "revenue": 129000, "revenueEstimated": null, "fiscalDateEnding": "2022-09-29", "updatedFromDate": "2023-09-29"}, {"date": "2022-11-08", "symbol": "ENV", "eps": 0.45, "epsEstimated": 0.42, "time": "amc", "revenue": 306695000, "revenueEstimated": null, "fiscalDateEnding": "2022-09-29", "updatedFromDate": "2023-09-29"}, {"date": "2022-11-08", "symbol": "4769.T", "eps": 9.13, "epsEstimated": null, "time": "bmo", "revenue": null, "revenueEstimated": null, "fiscalDateEnding": "2022-12-31", "updatedFromDate": "2023-05-17"}, {"date": "2022-11-08", "symbol": "6730.T", "eps": 37.63, "epsEstimated": null, "time": "bmo", "revenue": 3426000000, "revenueEstimated": null, "fiscalDateEnding": "2022-08-08", "updatedFromDate": "2023-10-17"}, {"date": "2022-11-08", "symbol": "1201.SR", "eps": -0.23, "epsEstimated": null, "time": "bmo", "revenue": 273989000, "revenueEstimated": null, "fiscalDateEnding": "2022-09-30", "updatedFromDate": "2023-05-17"}, {"date": "2022-11-08", "symbol": "004060.KS", "eps": -8.27044, "epsEstimated": null, "time": "bmo", "revenue": 38795491530, "revenueEstimated": null, "fiscalDateEnding": "2022-08-08", "updatedFromDate": "2023-05-17"}, {"date": "2022-11-08", "symbol": "AFN.TO", "eps": 1.41, "epsEstimated": 1.11, "time": "bmo", "revenue": 402074000, "revenueEstimated": null, "fiscalDateEnding": "2022-09-30", "updatedFromDate": "2023-05-17"}, {"date": "2022-11-08", "symbol": "EGIE3.SA", "eps": 0.9, "epsEstimated": 0.73, "time": "bmo", "revenue": 2746625000, "revenueEstimated": null, "fiscalDateEnding": "2022-09-30", "updatedFromDate": "2023-05-17"}, {"date": "2022-11-08", "symbol": "LIXT", "eps": -0.9, "epsEstimated": null, "time": "bmo", "revenue": null, "revenueEstimated": null, "fiscalDateEnding": "2022-09-29", "updatedFromDate": "2023-09-29"}, {"date": "2022-11-08", "symbol": "OSUR", "eps": 0.07, "epsEstimated": 0.01867, "time": "amc", "revenue": 116463000, "revenueEstimated": null, "fiscalDateEnding": "2022-09-29", "updatedFromDate": "2023-09-29"}, {"date": "2022-11-08", "symbol": "IRPC.BK", "eps": -0.12, "epsEstimated": -0.02129, "time": "bmo", "revenue": 89410142000, "revenueEstimated": null, "fiscalDateEnding": "2022-09-30", "updatedFromDate": "2023-05-17"}, {"date": "2022-11-08", "symbol": "MYTE", "eps": 0.08, "epsEstimated": 0.08, "time": "bmo", "revenue": 175890000, "revenueEstimated": null, "fiscalDateEnding": "2022-09-30", "updatedFromDate": "2023-09-29"}, {"date": "2022-11-08", "symbol": "ELFIF", "eps": null, "epsEstimated": null, "time": "bmo", "revenue": null, "revenueEstimated": null, "fiscalDateEnding": "2022-09-30", "updatedFromDate": "2023-05-17"}, {"date": "2022-11-08", "symbol": "TCRR", "eps": -0.79, "epsEstimated": -0.83, "time": "bmo", "revenue": null, "revenueEstimated": null, "fiscalDateEnding": "2022-09-29", "updatedFromDate": "2023-09-29"}, {"date": "2022-11-08", "symbol": "XPER", "eps": -0.22, "epsEstimated": -0.28, "time": "amc", "revenue": 121637000, "revenueEstimated": null, "fiscalDateEnding": "2022-09-29", "updatedFromDate": "2023-09-29"}, {"date": "2022-11-08", "symbol": "5902.T", "eps": 44.46, "epsEstimated": null, "time": "bmo", "revenue": 23818000000, "revenueEstimated": null, "fiscalDateEnding": "2022-08-08", "updatedFromDate": "2023-10-17"}, {"date": "2022-11-08", "symbol": "GRT-UN.TO", "eps": -1.42363, "epsEstimated": null, "time": "bmo", "revenue": 111605000, "revenueEstimated": null, "fiscalDateEnding": "2022-09-30", "updatedFromDate": "2023-05-17"}, {"date": "2022-11-08", "symbol": "7943.T", "eps": 61.79, "epsEstimated": 46.48, "time": "bmo", "revenue": 32100000000, "revenueEstimated": null, "fiscalDateEnding": "2022-08-08", "updatedFromDate": "2023-10-17"}, {"date": "2022-11-08", "symbol": "CLDT", "eps": 0.21, "epsEstimated": 0.06, "time": "bmo", "revenue": 87885000, "revenueEstimated": null, "fiscalDateEnding": "2022-09-29", "updatedFromDate": "2023-09-29"}, {"date": "2022-11-08", "symbol": "CHRS", "eps": -0.96, "epsEstimated": -0.53, "time": "amc", "revenue": 45424000, "revenueEstimated": null, "fiscalDateEnding": "2022-09-29", "updatedFromDate": "2023-09-29"}, {"date": "2022-11-08", "symbol": "LASE", "eps": 0.04, "epsEstimated": null, "time": "bmo", "revenue": 1224450, "revenueEstimated": null, "fiscalDateEnding": "2022-09-29", "updatedFromDate": "2023-09-29"}, {"date": "2022-11-08", "symbol": "4218.T", "eps": 11, "epsEstimated": null, "time": "bmo", "revenue": 10442000000, "revenueEstimated": null, "fiscalDateEnding": "2022-08-08", "updatedFromDate": "2023-10-16"}, {"date": "2022-11-08", "symbol": "SII.PA", "eps": null, "epsEstimated": null, "time": "bmo", "revenue": null, "revenueEstimated": null, "fiscalDateEnding": "2023-03-31", "updatedFromDate": "2023-10-17"}, {"date": "2022-11-08", "symbol": "CPIX", "eps": 0.1, "epsEstimated": null, "time": "amc", "revenue": 11413072, "revenueEstimated": 8073000, "fiscalDateEnding": "2022-09-29", "updatedFromDate": "2023-09-29"}, {"date": "2022-11-08", "symbol": "4887.T", "eps": 68.23, "epsEstimated": 124.89, "time": "bmo", "revenue": 48231000000, "revenueEstimated": null, "fiscalDateEnding": "2022-08-08", "updatedFromDate": "2023-10-17"}, {"date": "2022-11-08", "symbol": "ARLO", "eps": -0.05, "epsEstimated": -0.13, "time": "amc", "revenue": 128157000, "revenueEstimated": null, "fiscalDateEnding": "2022-10-01", "updatedFromDate": "2023-09-29"}, {"date": "2022-11-08", "symbol": "AMBC", "eps": 7.37, "epsEstimated": 0.72, "time": "amc", "revenue": 79000000, "revenueEstimated": null, "fiscalDateEnding": "2022-09-29", "updatedFromDate": "2023-09-29"}, {"date": "2022-11-08", "symbol": "FITGF", "eps": null, "epsEstimated": null, "time": "bmo", "revenue": null, "revenueEstimated": null, "fiscalDateEnding": "2022-09-30", "updatedFromDate": "2023-05-17"}, {"date": "2022-11-08", "symbol": "THREL.BK", "eps": 0.02035, "epsEstimated": null, "time": "bmo", "revenue": 772901472, "revenueEstimated": null, "fiscalDateEnding": "2022-08-08", "updatedFromDate": "2023-05-17"}, {"date": "2022-11-08", "symbol": "BCOW", "eps": 0.02, "epsEstimated": null, "time": "bmo", "revenue": 4396000, "revenueEstimated": null, "fiscalDateEnding": "2022-09-29", "updatedFromDate": "2023-09-29"}, {"date": "2022-11-08", "symbol": "QTRX", "eps": -0.4, "epsEstimated": -0.42, "time": "amc", "revenue": 26364000, "revenueEstimated": null, "fiscalDateEnding": "2022-09-29", "updatedFromDate": "2023-09-29"}, {"date": "2022-11-08", "symbol": "BFMOF", "eps": null, "epsEstimated": null, "time": "bmo", "revenue": null, "revenueEstimated": null, "fiscalDateEnding": "2022-09-30", "updatedFromDate": "2023-05-17"}, {"date": "2022-11-08", "symbol": "NOG", "eps": 1.8, "epsEstimated": 1.7, "time": "amc", "revenue": 534050000, "revenueEstimated": null, "fiscalDateEnding": "2022-09-29", "updatedFromDate": "2023-09-29"}, {"date": "2022-11-08", "symbol": "ADCT", "eps": -0.65, "epsEstimated": -0.51, "time": "bmo", "revenue": 76321000, "revenueEstimated": null, "fiscalDateEnding": "2022-09-30", "updatedFromDate": "2023-09-29"}, {"date": "2022-11-08", "symbol": "2060.T", "eps": 25.03, "epsEstimated": null, "time": "bmo", "revenue": 67131000000, "revenueEstimated": null, "fiscalDateEnding": "2022-08-08", "updatedFromDate": "2023-10-17"}, {"date": "2022-11-08", "symbol": "CAR-UN.TO", "eps": 0.3618, "epsEstimated": null, "time": "bmo", "revenue": 252032000, "revenueEstimated": null, "fiscalDateEnding": "2022-09-30", "updatedFromDate": "2023-05-17"}, {"date": "2022-11-08", "symbol": "ATCX", "eps": 0.23, "epsEstimated": 0.08, "time": "amc", "revenue": 162119000, "revenueEstimated": 152170000, "fiscalDateEnding": "2022-09-29", "updatedFromDate": "2023-09-29"}, {"date": "2022-11-08", "symbol": "VHC", "eps": -0.06, "epsEstimated": null, "time": "bmo", "revenue": 4000, "revenueEstimated": null, "fiscalDateEnding": "2022-09-29", "updatedFromDate": "2023-09-29"}, {"date": "2022-11-08", "symbol": "FNF", "eps": 1.07, "epsEstimated": 1.42, "time": "amc", "revenue": 3207000000, "revenueEstimated": null, "fiscalDateEnding": "2022-09-29", "updatedFromDate": "2023-09-29"}, {"date": "2022-11-08", "symbol": "VLDR", "eps": -0.13, "epsEstimated": -0.2, "time": "amc", "revenue": 9641000, "revenueEstimated": null, "fiscalDateEnding": "2022-09-29", "updatedFromDate": "2023-05-17"}, {"date": "2022-11-08", "symbol": "6366.T", "eps": 12.1, "epsEstimated": null, "time": "bmo", "revenue": 75741000000, "revenueEstimated": null, "fiscalDateEnding": "2022-08-08", "updatedFromDate": "2023-10-17"}, {"date": "2022-11-08", "symbol": "1605.T", "eps": 60.6, "epsEstimated": 57.3, "time": "bmo", "revenue": 600267000000, "revenueEstimated": null, "fiscalDateEnding": "2022-09-30", "updatedFromDate": "2023-10-16"}, {"date": "2022-11-08", "symbol": "CRJ.WA", "eps": 13.04, "epsEstimated": null, "time": "bmo", "revenue": 54910256, "revenueEstimated": null, "fiscalDateEnding": "2022-08-08", "updatedFromDate": "2023-05-17"}, {"date": "2022-11-08", "symbol": "LCID", "eps": -0.4, "epsEstimated": -0.33, "time": "amc", "revenue": 195457000, "revenueEstimated": null, "fiscalDateEnding": "2022-09-29", "updatedFromDate": "2023-09-29"}, {"date": "2022-11-08", "symbol": "FHTX", "eps": -0.62, "epsEstimated": -0.6, "time": "bmo", "revenue": 6634000, "revenueEstimated": 8480000, "fiscalDateEnding": "2022-09-29", "updatedFromDate": "2023-09-29"}, {"date": "2022-11-08", "symbol": "AKAM", "eps": 1.26, "epsEstimated": 1.23, "time": "amc", "revenue": 881896000, "revenueEstimated": null, "fiscalDateEnding": "2022-09-29", "updatedFromDate": "2023-09-29"}, {"date": "2022-11-08", "symbol": "LRFC", "eps": 0.07, "epsEstimated": -0.19, "time": "amc", "revenue": 3373000, "revenueEstimated": null, "fiscalDateEnding": "2022-09-29", "updatedFromDate": "2023-09-29"}, {"date": "2022-11-08", "symbol": "IPXHY", "eps": 0.44, "epsEstimated": null, "time": "bmo", "revenue": 2324660000000, "revenueEstimated": null, "fiscalDateEnding": "2022-09-30", "updatedFromDate": "2023-09-29"}, {"date": "2022-11-08", "symbol": "ACHL", "eps": -0.32, "epsEstimated": -0.55, "time": "bmo", "revenue": null, "revenueEstimated": null, "fiscalDateEnding": "2022-09-30", "updatedFromDate": "2023-09-29"}, {"date": "2022-11-08", "symbol": "SSTI", "eps": -0.11, "epsEstimated": -0.07, "time": "amc", "revenue": 18775000, "revenueEstimated": null, "fiscalDateEnding": "2022-09-29", "updatedFromDate": "2023-09-29"}, {"date": "2022-11-08", "symbol": "SKIN", "eps": 0.02, "epsEstimated": 0.00756, "time": "bmo", "revenue": 88792000, "revenueEstimated": null, "fiscalDateEnding": "2022-09-29", "updatedFromDate": "2023-09-29"}, {"date": "2022-11-08", "symbol": "EXNRF", "eps": -0.11, "epsEstimated": -0.07, "time": "bmo", "revenue": null, "revenueEstimated": null, "fiscalDateEnding": "2022-09-30", "updatedFromDate": "2023-08-17"}, {"date": "2022-11-08", "symbol": "1533.TW", "eps": 0.22, "epsEstimated": null, "time": "bmo", "revenue": 897255000, "revenueEstimated": null, "fiscalDateEnding": "2022-09-30", "updatedFromDate": "2023-05-17"}, {"date": "2022-11-08", "symbol": "CARG", "eps": 0.21, "epsEstimated": 0.26, "time": "amc", "revenue": 426454000, "revenueEstimated": null, "fiscalDateEnding": "2022-09-29", "updatedFromDate": "2023-09-29"}, {"date": "2022-11-08", "symbol": "6324.T", "eps": 18.19, "epsEstimated": 21.45, "time": "bmo", "revenue": 15692599000, "revenueEstimated": null, "fiscalDateEnding": "2022-08-08", "updatedFromDate": "2023-10-17"}, {"date": "2022-11-08", "symbol": "MTC.BK", "eps": 0.57, "epsEstimated": 0.66, "time": "bmo", "revenue": 4483740000, "revenueEstimated": null, "fiscalDateEnding": "2022-09-30", "updatedFromDate": "2023-05-17"}, {"date": "2022-11-08", "symbol": "4665.T", "eps": 50, "epsEstimated": null, "time": "bmo", "revenue": 40940000000, "revenueEstimated": null, "fiscalDateEnding": "2022-08-08", "updatedFromDate": "2023-10-17"}, {"date": "2022-11-08", "symbol": "CRZBF", "eps": 0.15, "epsEstimated": 0.35, "time": "bmo", "revenue": null, "revenueEstimated": null, "fiscalDateEnding": "2022-09-30", "updatedFromDate": "2023-05-17"}, {"date": "2022-11-08", "symbol": "8308.HK", "eps": -0.01158, "epsEstimated": null, "time": "bmo", "revenue": 9905000, "revenueEstimated": null, "fiscalDateEnding": "2022-09-30", "updatedFromDate": "2023-05-17"}, {"date": "2022-11-08", "symbol": "GBLI", "eps": 0.35, "epsEstimated": 1.45, "time": "bmo", "revenue": 194583000, "revenueEstimated": null, "fiscalDateEnding": "2022-09-29", "updatedFromDate": "2023-09-29"}, {"date": "2022-11-08", "symbol": "GDRX", "eps": 0.07, "epsEstimated": 0.04056, "time": "amc", "revenue": 187318000, "revenueEstimated": null, "fiscalDateEnding": "2022-09-29", "updatedFromDate": "2023-09-29"}, {"date": "2022-11-08", "symbol": "GMED", "eps": 0.5, "epsEstimated": 0.52, "time": "amc", "revenue": 254148000, "revenueEstimated": null, "fiscalDateEnding": "2022-09-29", "updatedFromDate": "2023-09-29"}, {"date": "2022-11-08", "symbol": "NTTYY", "eps": 0.67, "epsEstimated": null, "time": "bmo", "revenue": 3068871000000, "revenueEstimated": null, "fiscalDateEnding": "2022-08-08", "updatedFromDate": "2023-10-17"}, {"date": "2022-11-08", "symbol": "ENG", "eps": -0.07, "epsEstimated": -0.05, "time": "bmo", "revenue": 13056000, "revenueEstimated": 11990000, "fiscalDateEnding": "2022-09-23", "updatedFromDate": "2023-09-29"}, {"date": "2022-11-08", "symbol": "6279.TWO", "eps": 4.62, "epsEstimated": 2.37, "time": "bmo", "revenue": 1782259000, "revenueEstimated": null, "fiscalDateEnding": "2022-09-30", "updatedFromDate": "2023-05-17"}, {"date": "2022-11-08", "symbol": "AI.TO", "eps": 0.27, "epsEstimated": 0.26, "time": "bmo", "revenue": 13232000, "revenueEstimated": null, "fiscalDateEnding": "2022-09-30", "updatedFromDate": "2023-05-17"}, {"date": "2022-11-08", "symbol": "8945.T", "eps": 11.14, "epsEstimated": null, "time": "bmo", "revenue": 2327747000, "revenueEstimated": null, "fiscalDateEnding": "2022-08-08", "updatedFromDate": "2023-10-17"}, {"date": "2022-11-08", "symbol": "1884.T", "eps": 313.57, "epsEstimated": null, "time": "bmo", "revenue": 33581000000, "revenueEstimated": null, "fiscalDateEnding": "2022-08-08", "updatedFromDate": "2023-10-17"}, {"date": "2022-11-08", "symbol": "AHKSF", "eps": 15.78, "epsEstimated": 23.98, "time": "bmo", "revenue": null, "revenueEstimated": null, "fiscalDateEnding": "2023-03-31", "updatedFromDate": "2023-05-17"}, {"date": "2022-11-08", "symbol": "BEI-UN.TO", "eps": 1.03, "epsEstimated": null, "time": "bmo", "revenue": 125471000, "revenueEstimated": null, "fiscalDateEnding": "2022-09-30", "updatedFromDate": "2023-10-16"}, {"date": "2022-11-08", "symbol": "7705.T", "eps": 75.69, "epsEstimated": null, "time": "bmo", "revenue": 8514743000, "revenueEstimated": null, "fiscalDateEnding": "2022-08-08", "updatedFromDate": "2023-10-17"}, {"date": "2022-11-08", "symbol": "FMF.WA", "eps": 0.06872, "epsEstimated": null, "time": "bmo", "revenue": 1296000000, "revenueEstimated": 339000000, "fiscalDateEnding": "2022-12-31", "updatedFromDate": "2023-05-17"}, {"date": "2022-11-08", "symbol": "CXSE3.SA", "eps": 0.26, "epsEstimated": 0.24, "time": "bmo", "revenue": 533134000, "revenueEstimated": null, "fiscalDateEnding": "2022-09-30", "updatedFromDate": "2023-05-17"}, {"date": "2022-11-08", "symbol": "2309.T", "eps": 139.59, "epsEstimated": null, "time": "bmo", "revenue": 30094000000, "revenueEstimated": null, "fiscalDateEnding": "2022-09-30", "updatedFromDate": "2023-05-17"}, {"date": "2022-11-08", "symbol": "3413.TW", "eps": 7.32, "epsEstimated": 6.96, "time": "bmo", "revenue": 4055096000, "revenueEstimated": null, "fiscalDateEnding": "2022-09-30", "updatedFromDate": "2023-05-17"}, {"date": "2022-11-08", "symbol": "FTK", "eps": -1.26, "epsEstimated": -0.06, "time": "amc", "revenue": 45623000, "revenueEstimated": null, "fiscalDateEnding": "2022-09-29", "updatedFromDate": "2023-09-29"}, {"date": "2022-11-08", "symbol": "BWEN", "eps": -0.09, "epsEstimated": -0.07, "time": "bmo", "revenue": 44843000, "revenueEstimated": null, "fiscalDateEnding": "2022-09-29", "updatedFromDate": "2023-09-29"}, {"date": "2022-11-08", "symbol": "1820.SR", "eps": null, "epsEstimated": null, "time": "bmo", "revenue": null, "revenueEstimated": null, "fiscalDateEnding": "2022-09-30", "updatedFromDate": "2023-05-17"}, {"date": "2022-11-08", "symbol": "LCFY", "eps": -0.6, "epsEstimated": null, "time": "amc", "revenue": null, "revenueEstimated": null, "fiscalDateEnding": "2022-09-30", "updatedFromDate": "2023-09-29"}, {"date": "2022-11-08", "symbol": "AOMR", "eps": 0.84, "epsEstimated": 0.46, "time": "bmo", "revenue": -71825000, "revenueEstimated": null, "fiscalDateEnding": "2022-09-29", "updatedFromDate": "2023-09-29"}, {"date": "2022-11-08", "symbol": "1589.TW", "eps": -1.21, "epsEstimated": -0.05, "time": "bmo", "revenue": 2480776000, "revenueEstimated": null, "fiscalDateEnding": "2022-09-30", "updatedFromDate": "2023-05-17"}, {"date": "2022-11-08", "symbol": "JFBC", "eps": 0.63, "epsEstimated": null, "time": "amc", "revenue": null, "revenueEstimated": null, "fiscalDateEnding": "2022-08-08", "updatedFromDate": "2023-09-29"}, {"date": "2022-11-08", "symbol": "ODII", "eps": -0.11323, "epsEstimated": null, "time": "amc", "revenue": 208780, "revenueEstimated": null, "fiscalDateEnding": "2022-09-29", "updatedFromDate": "2023-05-17"}, {"date": "2022-11-08", "symbol": "SAGE", "eps": -2.31, "epsEstimated": -2.16, "time": "bmo", "revenue": 1739000, "revenueEstimated": null, "fiscalDateEnding": "2022-09-29", "updatedFromDate": "2023-09-29"}, {"date": "2022-11-08", "symbol": "3179.T", "eps": 25.7, "epsEstimated": null, "time": "bmo", "revenue": 10776548000, "revenueEstimated": null, "fiscalDateEnding": "2022-08-08", "updatedFromDate": "2023-10-17"}, {"date": "2022-11-08", "symbol": "SRC", "eps": 0.54, "epsEstimated": 0.4, "time": "amc", "revenue": 180948000, "revenueEstimated": null, "fiscalDateEnding": "2022-09-29", "updatedFromDate": "2023-09-29"}, {"date": "2022-11-08", "symbol": "7089.T", "eps": 39.21, "epsEstimated": null, "time": "bmo", "revenue": 709152000, "revenueEstimated": null, "fiscalDateEnding": "2022-08-08", "updatedFromDate": "2023-10-17"}, {"date": "2022-11-08", "symbol": "8086.HK", "eps": -0.01032, "epsEstimated": null, "time": "bmo", "revenue": 6400000, "revenueEstimated": null, "fiscalDateEnding": "2022-09-30", "updatedFromDate": "2023-05-17"}, {"date": "2022-11-08", "symbol": "CG", "eps": 1.42, "epsEstimated": 1.04, "time": "bmo", "revenue": 813700000, "revenueEstimated": null, "fiscalDateEnding": "2022-09-29", "updatedFromDate": "2023-09-29"}, {"date": "2022-11-08", "symbol": "LND", "eps": 0.08, "epsEstimated": null, "time": "bmo", "revenue": 315526000, "revenueEstimated": null, "fiscalDateEnding": "2022-09-30", "updatedFromDate": "2023-09-29"}, {"date": "2022-11-08", "symbol": "CLNE", "eps": 0.06, "epsEstimated": 0.03311, "time": "amc", "revenue": 125687000, "revenueEstimated": null, "fiscalDateEnding": "2022-09-29", "updatedFromDate": "2023-09-29"}, {"date": "2022-11-08", "symbol": "NXST", "eps": 7.3, "epsEstimated": 5.41, "time": "bmo", "revenue": 1269100000, "revenueEstimated": null, "fiscalDateEnding": "2022-09-29", "updatedFromDate": "2023-09-29"}, {"date": "2022-11-08", "symbol": "DPSGY", "eps": 1.02, "epsEstimated": 0.85, "time": "bmo", "revenue": 24038000000, "revenueEstimated": null, "fiscalDateEnding": "2022-09-30", "updatedFromDate": "2023-09-29"}, {"date": "2022-11-08", "symbol": "AXON", "eps": 0.6, "epsEstimated": 0.46, "time": "amc", "revenue": 311754000, "revenueEstimated": null, "fiscalDateEnding": "2022-09-29", "updatedFromDate": "2023-09-29"}, {"date": "2022-11-08", "symbol": "PLTK", "eps": 0.17, "epsEstimated": 0.17, "time": "bmo", "revenue": 647800000, "revenueEstimated": null, "fiscalDateEnding": "2022-09-29", "updatedFromDate": "2023-09-29"}, {"date": "2022-11-08", "symbol": "MTSFF", "eps": 49.69, "epsEstimated": 49.93, "time": "bmo", "revenue": null, "revenueEstimated": null, "fiscalDateEnding": "2023-03-31", "updatedFromDate": "2023-05-17"}, {"date": "2022-11-08", "symbol": "CELL", "eps": -0.32, "epsEstimated": -0.3, "time": "bmo", "revenue": null, "revenueEstimated": null, "fiscalDateEnding": "2022-09-30", "updatedFromDate": "2023-11-08"}, {"date": "2022-11-08", "symbol": "9432.T", "eps": 92.97, "epsEstimated": 99.76, "time": "bmo", "revenue": 3068871000000, "revenueEstimated": null, "fiscalDateEnding": "2022-08-08", "updatedFromDate": "2023-10-17"}, {"date": "2022-11-08", "symbol": "8097.T", "eps": 41.67, "epsEstimated": null, "time": "bmo", "revenue": 154891000000, "revenueEstimated": null, "fiscalDateEnding": "2022-08-08", "updatedFromDate": "2023-10-17"}, {"date": "2022-11-08", "symbol": "EQB.TO", "eps": 2.35, "epsEstimated": 2.11, "time": "bmo", "revenue": 1013000, "revenueEstimated": null, "fiscalDateEnding": "2022-09-30", "updatedFromDate": "2023-05-17"}, {"date": "2022-11-08", "symbol": "APTX", "eps": -0.23, "epsEstimated": -0.24, "time": "amc", "revenue": null, "revenueEstimated": null, "fiscalDateEnding": "2022-09-29", "updatedFromDate": "2023-09-29"}, {"date": "2022-11-08", "symbol": "MASI", "eps": 1, "epsEstimated": 0.92, "time": "amc", "revenue": 549300000, "revenueEstimated": null, "fiscalDateEnding": "2022-09-30", "updatedFromDate": "2023-09-29"}, {"date": "2022-11-08", "symbol": "BSEFF", "eps": 80.59, "epsEstimated": null, "time": "bmo", "revenue": null, "revenueEstimated": null, "fiscalDateEnding": "2023-03-31", "updatedFromDate": "2023-05-17"}, {"date": "2022-11-08", "symbol": "SQSP", "eps": 0.07, "epsEstimated": 0.11, "time": "bmo", "revenue": 217696000, "revenueEstimated": null, "fiscalDateEnding": "2022-09-29", "updatedFromDate": "2023-09-29"}, {"date": "2022-11-08", "symbol": "IHICY", "eps": 0.15, "epsEstimated": 0.13, "time": "bmo", "revenue": 264290000000, "revenueEstimated": null, "fiscalDateEnding": "2022-08-08", "updatedFromDate": "2023-10-17"}, {"date": "2022-11-08", "symbol": "PGENY", "eps": 0.04, "epsEstimated": null, "time": "bmo", "revenue": 25415000000, "revenueEstimated": null, "fiscalDateEnding": "2022-09-30", "updatedFromDate": "2023-09-29"}, {"date": "2022-11-08", "symbol": "PLUG", "eps": -0.3, "epsEstimated": -0.25, "time": "amc", "revenue": 188628000, "revenueEstimated": null, "fiscalDateEnding": "2022-09-29", "updatedFromDate": "2023-09-29"}, {"date": "2022-11-08", "symbol": "LAND", "eps": -0.1, "epsEstimated": 0.17, "time": "amc", "revenue": 24209000, "revenueEstimated": null, "fiscalDateEnding": "2022-09-29", "updatedFromDate": "2023-09-29"}, {"date": "2022-11-08", "symbol": "ARTL", "eps": 0.82, "epsEstimated": 0.91, "time": "bmo", "revenue": null, "revenueEstimated": null, "fiscalDateEnding": "2022-09-29", "updatedFromDate": "2023-09-29"}, {"date": "2022-11-08", "symbol": "OCGN", "eps": -0.1, "epsEstimated": -0.1, "time": "bmo", "revenue": null, "revenueEstimated": null, "fiscalDateEnding": "2022-09-29", "updatedFromDate": "2023-09-29"}, {"date": "2022-11-08", "symbol": "FUSN", "eps": -0.55, "epsEstimated": -0.52, "time": "bmo", "revenue": 166000, "revenueEstimated": null, "fiscalDateEnding": "2022-09-29", "updatedFromDate": "2023-09-29"}, {"date": "2022-11-08", "symbol": "ATRI", "eps": 4.94, "epsEstimated": null, "time": "bmo", "revenue": 44631000, "revenueEstimated": null, "fiscalDateEnding": "2022-09-29", "updatedFromDate": "2023-09-29"}, {"date": "2022-11-08", "symbol": "CTRE", "eps": 0.01, "epsEstimated": 0.38, "time": "amc", "revenue": 47018000, "revenueEstimated": null, "fiscalDateEnding": "2022-09-29", "updatedFromDate": "2023-09-29"}, {"date": "2022-11-08", "symbol": "4719.T", "eps": 41.45, "epsEstimated": null, "time": "bmo", "revenue": 8539981000, "revenueEstimated": null, "fiscalDateEnding": "2022-08-08", "updatedFromDate": "2023-10-17"}, {"date": "2022-11-08", "symbol": "7745.T", "eps": 59.2, "epsEstimated": null, "time": "bmo", "revenue": 11981000000, "revenueEstimated": null, "fiscalDateEnding": "2022-08-08", "updatedFromDate": "2023-10-17"}, {"date": "2022-11-08", "symbol": "RCM", "eps": -0.07, "epsEstimated": 0.11, "time": "bmo", "revenue": 496000000, "revenueEstimated": null, "fiscalDateEnding": "2022-09-29", "updatedFromDate": "2023-09-29"}, {"date": "2022-11-08", "symbol": "NWSAL", "eps": 0.12, "epsEstimated": 0.16, "time": "bmo", "revenue": null, "revenueEstimated": null, "fiscalDateEnding": "2022-12-31", "updatedFromDate": "2023-05-17"}, {"date": "2022-11-08", "symbol": "SGFY", "eps": -0.9, "epsEstimated": 0.09, "time": "amc", "revenue": 139800000, "revenueEstimated": null, "fiscalDateEnding": "2022-09-29", "updatedFromDate": "2023-05-17"}, {"date": "2022-11-08", "symbol": "PETKM.IS", "eps": 0.59, "epsEstimated": null, "time": "bmo", "revenue": null, "revenueEstimated": null, "fiscalDateEnding": "2022-09-30", "updatedFromDate": "2023-05-17"}, {"date": "2022-11-08", "symbol": "ADDDF", "eps": 0.34, "epsEstimated": 0.96, "time": "bmo", "revenue": null, "revenueEstimated": 6952190000, "fiscalDateEnding": "2022-09-30", "updatedFromDate": "2023-05-17"}, {"date": "2022-11-08", "symbol": "HOM-U.TO", "eps": null, "epsEstimated": null, "time": "bmo", "revenue": null, "revenueEstimated": null, "fiscalDateEnding": "2022-09-30", "updatedFromDate": "2023-05-17"}, {"date": "2022-11-08", "symbol": "MYPS", "eps": -0.01, "epsEstimated": -0.003, "time": "amc", "revenue": 72127000, "revenueEstimated": null, "fiscalDateEnding": "2022-09-29", "updatedFromDate": "2023-09-29"}, {"date": "2022-11-08", "symbol": "9788.T", "eps": 22.88, "epsEstimated": null, "time": "bmo", "revenue": 11702000000, "revenueEstimated": null, "fiscalDateEnding": "2022-08-08", "updatedFromDate": "2023-10-17"}, {"date": "2022-11-08", "symbol": "2489.TW", "eps": 1.29, "epsEstimated": null, "time": "bmo", "revenue": 3884467000, "revenueEstimated": null, "fiscalDateEnding": "2022-09-30", "updatedFromDate": "2023-05-17"}, {"date": "2022-11-08", "symbol": "1214.SR", "eps": 0.17, "epsEstimated": null, "time": "bmo", "revenue": 257754000, "revenueEstimated": null, "fiscalDateEnding": "2022-09-30", "updatedFromDate": "2023-05-17"}, {"date": "2022-11-08", "symbol": "ICLTF", "eps": -0.13, "epsEstimated": 0.06, "time": "amc", "revenue": 140454000, "revenueEstimated": null, "fiscalDateEnding": "2022-09-30", "updatedFromDate": "2023-08-16"}, {"date": "2022-11-08", "symbol": "STR", "eps": 0.7, "epsEstimated": 0.77, "time": "amc", "revenue": 115497000, "revenueEstimated": null, "fiscalDateEnding": "2022-09-29", "updatedFromDate": "2023-09-29"}, {"date": "2022-11-08", "symbol": "NVAX", "eps": -2.15, "epsEstimated": 2.21, "time": "amc", "revenue": 734577000, "revenueEstimated": null, "fiscalDateEnding": "2022-09-29", "updatedFromDate": "2023-09-29"}, {"date": "2022-11-08", "symbol": "ASRT", "eps": 0.08, "epsEstimated": 0.07, "time": "amc", "revenue": 34212000, "revenueEstimated": null, "fiscalDateEnding": "2022-09-29", "updatedFromDate": "2023-09-29"}, {"date": "2022-11-08", "symbol": "NSNHF", "eps": 4.19, "epsEstimated": null, "time": "bmo", "revenue": null, "revenueEstimated": null, "fiscalDateEnding": "2023-03-31", "updatedFromDate": "2023-05-17"}, {"date": "2022-11-08", "symbol": "BWMG", "eps": -0.00072, "epsEstimated": null, "time": "amc", "revenue": 2808804, "revenueEstimated": null, "fiscalDateEnding": "2022-09-29", "updatedFromDate": "2023-05-17"}, {"date": "2022-11-08", "symbol": "AIP", "eps": -0.13, "epsEstimated": -0.16, "time": "bmo", "revenue": 12598000, "revenueEstimated": 11560000, "fiscalDateEnding": "2022-09-29", "updatedFromDate": "2023-09-29"}, {"date": "2022-11-08", "symbol": "2069.TW", "eps": -0.56, "epsEstimated": null, "time": "bmo", "revenue": 3406770000, "revenueEstimated": null, "fiscalDateEnding": "2022-09-30", "updatedFromDate": "2023-05-17"}, {"date": "2022-11-08", "symbol": "ANAB", "eps": -1.18, "epsEstimated": -0.47, "time": "bmo", "revenue": 1293000, "revenueEstimated": null, "fiscalDateEnding": "2022-09-29", "updatedFromDate": "2023-09-29"}, {"date": "2022-11-08", "symbol": "VXRT", "eps": -0.23, "epsEstimated": -0.24, "time": "amc", "revenue": null, "revenueEstimated": null, "fiscalDateEnding": "2022-09-29", "updatedFromDate": "2023-09-29"}, {"date": "2022-11-08", "symbol": "VVNT", "eps": -0.19, "epsEstimated": -0.26, "time": "amc", "revenue": 439370000, "revenueEstimated": null, "fiscalDateEnding": "2022-09-29", "updatedFromDate": "2023-05-17"}, {"date": "2022-11-08", "symbol": "SMMT.JK", "eps": 29.62, "epsEstimated": null, "time": "bmo", "revenue": 239043042128, "revenueEstimated": null, "fiscalDateEnding": "2022-09-30", "updatedFromDate": "2023-05-17"}, {"date": "2022-11-08", "symbol": "ELEEF", "eps": 0.3, "epsEstimated": 0.26, "time": "amc", "revenue": 504917000, "revenueEstimated": null, "fiscalDateEnding": "2022-09-30", "updatedFromDate": "2023-08-17"}, {"date": "2022-11-08", "symbol": "HYLN", "eps": -0.36, "epsEstimated": -0.22, "time": "amc", "revenue": 499000, "revenueEstimated": null, "fiscalDateEnding": "2022-09-29", "updatedFromDate": "2023-09-29"}, {"date": "2022-11-08", "symbol": "9303.T", "eps": 38.14, "epsEstimated": null, "time": "bmo", "revenue": 69310000000, "revenueEstimated": null, "fiscalDateEnding": "2022-08-08", "updatedFromDate": "2023-10-17"}, {"date": "2022-11-08", "symbol": "5741.T", "eps": 20.92, "epsEstimated": 109.51, "time": "bmo", "revenue": 247266000000, "revenueEstimated": null, "fiscalDateEnding": "2022-08-08", "updatedFromDate": "2023-10-17"}, {"date": "2022-11-08", "symbol": "EXNWF", "eps": null, "epsEstimated": null, "time": "bmo", "revenue": null, "revenueEstimated": null, "fiscalDateEnding": "2022-09-30", "updatedFromDate": "2023-05-17"}, {"date": "2022-11-08", "symbol": "QH.BK", "eps": 0.06, "epsEstimated": 0.05, "time": "bmo", "revenue": 2416940000, "revenueEstimated": null, "fiscalDateEnding": "2022-09-30", "updatedFromDate": "2023-05-17"}, {"date": "2022-11-08", "symbol": "FT.TO", "eps": -0.00223, "epsEstimated": null, "time": "bmo", "revenue": null, "revenueEstimated": null, "fiscalDateEnding": "2022-09-30", "updatedFromDate": "2023-05-17"}, {"date": "2022-11-08", "symbol": "VRTV", "eps": 6.86, "epsEstimated": 5.11, "time": "bmo", "revenue": 1804100000, "revenueEstimated": null, "fiscalDateEnding": "2022-09-29", "updatedFromDate": "2023-09-29"}, {"date": "2022-11-08", "symbol": "EFN.TO", "eps": 0.3, "epsEstimated": 0.26, "time": "bmo", "revenue": 504917000, "revenueEstimated": null, "fiscalDateEnding": "2022-09-30", "updatedFromDate": "2023-10-16"}, {"date": "2022-11-08", "symbol": "SEMHF", "eps": 0.65, "epsEstimated": 0.6, "time": "bmo", "revenue": null, "revenueEstimated": null, "fiscalDateEnding": "2022-12-31", "updatedFromDate": "2023-05-17"}, {"date": "2022-11-08", "symbol": "LOGO.IS", "eps": 1.52, "epsEstimated": null, "time": "bmo", "revenue": 382764552, "revenueEstimated": null, "fiscalDateEnding": "2022-09-30", "updatedFromDate": "2023-10-16"}, {"date": "2022-11-08", "symbol": "PMVP", "eps": -0.4, "epsEstimated": -0.42, "time": "bmo", "revenue": null, "revenueEstimated": null, "fiscalDateEnding": "2022-09-29", "updatedFromDate": "2023-09-29"}, {"date": "2022-11-08", "symbol": "069960.KS", "eps": 2285, "epsEstimated": 2079.71, "time": "bmo", "revenue": 1372128257000, "revenueEstimated": null, "fiscalDateEnding": "2022-09-30", "updatedFromDate": "2023-05-17"}, {"date": "2022-11-08", "symbol": "DMS", "eps": 1.8, "epsEstimated": -0.15, "time": "amc", "revenue": 90066000, "revenueEstimated": null, "fiscalDateEnding": "2022-09-29", "updatedFromDate": "2023-09-29"}, {"date": "2022-11-08", "symbol": "ABMRF", "eps": 0.8, "epsEstimated": 0.37, "time": "bmo", "revenue": null, "revenueEstimated": null, "fiscalDateEnding": "2022-09-30", "updatedFromDate": "2023-05-17"}, {"date": "2022-11-08", "symbol": "ONPPF", "eps": -1, "epsEstimated": -0.72, "time": "bmo", "revenue": null, "revenueEstimated": null, "fiscalDateEnding": "2022-09-30", "updatedFromDate": "2023-08-16"}, {"date": "2022-11-08", "symbol": "PWFL", "eps": 0.04, "epsEstimated": -0.09, "time": "bmo", "revenue": 34288000, "revenueEstimated": null, "fiscalDateEnding": "2022-09-29", "updatedFromDate": "2023-09-29"}, {"date": "2022-11-08", "symbol": "DDI", "eps": 0.4, "epsEstimated": 0.34, "time": "amc", "revenue": 78801000, "revenueEstimated": null, "fiscalDateEnding": "2022-09-30", "updatedFromDate": "2023-09-29"}, {"date": "2022-11-08", "symbol": "SECU-B.ST", "eps": 3.76, "epsEstimated": 2.83, "time": "bmo", "revenue": 36013000000, "revenueEstimated": null, "fiscalDateEnding": "2022-09-30", "updatedFromDate": "2023-05-17"}, {"date": "2022-11-08", "symbol": "RADI", "eps": 0.23, "epsEstimated": 0.26, "time": "amc", "revenue": 35295000, "revenueEstimated": null, "fiscalDateEnding": "2022-09-29", "updatedFromDate": "2023-09-29"}, {"date": "2022-11-08", "symbol": "TWO", "eps": 0.61, "epsEstimated": 0.64, "time": "amc", "revenue": 319423000, "revenueEstimated": null, "fiscalDateEnding": "2022-09-29", "updatedFromDate": "2023-09-29"}, {"date": "2022-11-08", "symbol": "DIS", "eps": 0.3, "epsEstimated": 0.5, "time": "amc", "revenue": 20150000000, "revenueEstimated": null, "fiscalDateEnding": "2022-09-30", "updatedFromDate": "2023-09-29"}, {"date": "2022-11-08", "symbol": "8572.T", "eps": 10.48, "epsEstimated": null, "time": "bmo", "revenue": 66512000000, "revenueEstimated": null, "fiscalDateEnding": "2022-08-08", "updatedFromDate": "2023-10-17"}, {"date": "2022-11-08", "symbol": "LMND", "eps": -1.37, "epsEstimated": -1.36, "time": "amc", "revenue": 74000000, "revenueEstimated": null, "fiscalDateEnding": "2022-09-29", "updatedFromDate": "2023-09-29"}, {"date": "2022-11-08", "symbol": "SCTBF", "eps": 3.76, "epsEstimated": 2.83, "time": "bmo", "revenue": null, "revenueEstimated": null, "fiscalDateEnding": "2022-09-30", "updatedFromDate": "2023-05-17"}, {"date": "2022-11-08", "symbol": "TBIO", "eps": 0.42, "epsEstimated": 0.48, "time": "bmo", "revenue": 6675000, "revenueEstimated": 6900000, "fiscalDateEnding": "2022-09-30", "updatedFromDate": "2023-09-29"}, {"date": "2022-11-08", "symbol": "4582.T", "eps": 11.33, "epsEstimated": null, "time": "bmo", "revenue": 2481812000, "revenueEstimated": null, "fiscalDateEnding": "2022-09-30", "updatedFromDate": "2023-05-17"}, {"date": "2022-11-08", "symbol": "MURGY", "eps": 0.38, "epsEstimated": 0.36, "time": "bmo", "revenue": 18034000000, "revenueEstimated": null, "fiscalDateEnding": "2022-09-30", "updatedFromDate": "2023-09-29"}, {"date": "2022-11-08", "symbol": "MPCFF", "eps": null, "epsEstimated": null, "time": "bmo", "revenue": null, "revenueEstimated": null, "fiscalDateEnding": "2022-09-30", "updatedFromDate": "2023-05-17"}, {"date": "2022-11-08", "symbol": "TAC", "eps": 0.17, "epsEstimated": 0.24, "time": "bmo", "revenue": 929000000, "revenueEstimated": null, "fiscalDateEnding": "2022-09-30", "updatedFromDate": "2023-09-29"}, {"date": "2022-11-08", "symbol": "ALBO", "eps": -1.92, "epsEstimated": -1.06, "time": "bmo", "revenue": 9832000, "revenueEstimated": null, "fiscalDateEnding": "2022-09-29", "updatedFromDate": "2023-05-17"}, {"date": "2022-11-08", "symbol": "5989.T", "eps": 54.69, "epsEstimated": null, "time": "bmo", "revenue": 44598000000, "revenueEstimated": null, "fiscalDateEnding": "2022-08-08", "updatedFromDate": "2023-10-17"}, {"date": "2022-11-08", "symbol": "ATIP", "eps": -5, "epsEstimated": -3.5, "time": "amc", "revenue": 156792000, "revenueEstimated": 156792000, "fiscalDateEnding": "2022-09-29", "updatedFromDate": "2023-09-29"}, {"date": "2022-11-08", "symbol": "EGIEY", "eps": 0.899, "epsEstimated": null, "time": "bmo", "revenue": 2746625000, "revenueEstimated": null, "fiscalDateEnding": "2022-09-30", "updatedFromDate": "2023-09-29"}, {"date": "2022-11-08", "symbol": "THOXF", "eps": -0.05, "epsEstimated": -0.06, "time": "bmo", "revenue": null, "revenueEstimated": null, "fiscalDateEnding": "2022-09-30", "updatedFromDate": "2023-05-17"}, {"date": "2022-11-08", "symbol": "5192.T", "eps": 66.16, "epsEstimated": null, "time": "bmo", "revenue": 20600000000, "revenueEstimated": null, "fiscalDateEnding": "2022-08-08", "updatedFromDate": "2023-10-17"}, {"date": "2022-11-08", "symbol": "NMTR", "eps": -0.72, "epsEstimated": -0.83, "time": "bmo", "revenue": null, "revenueEstimated": null, "fiscalDateEnding": "2022-09-29", "updatedFromDate": "2023-09-29"}, {"date": "2022-11-08", "symbol": "BOOZT.ST", "eps": 0.2, "epsEstimated": 0.19, "time": "bmo", "revenue": 1328100000, "revenueEstimated": null, "fiscalDateEnding": "2022-09-30", "updatedFromDate": "2023-05-17"}, {"date": "2022-11-08", "symbol": "MEG", "eps": -0.33, "epsEstimated": -0.2, "time": "amc", "revenue": 130312000, "revenueEstimated": null, "fiscalDateEnding": "2022-09-29", "updatedFromDate": "2023-09-29"}, {"date": "2022-11-08", "symbol": "4126.TWO", "eps": 1.55, "epsEstimated": 1.56, "time": "bmo", "revenue": 583177000, "revenueEstimated": null, "fiscalDateEnding": "2022-09-30", "updatedFromDate": "2023-05-17"}, {"date": "2022-11-08", "symbol": "LQDA", "eps": -0.14, "epsEstimated": -0.18, "time": "bmo", "revenue": 3165000, "revenueEstimated": null, "fiscalDateEnding": "2022-09-29", "updatedFromDate": "2023-09-29"}, {"date": "2022-11-08", "symbol": "AFCG", "eps": 0.59, "epsEstimated": 0.66, "time": "bmo", "revenue": 17504216, "revenueEstimated": null, "fiscalDateEnding": "2022-09-29", "updatedFromDate": "2023-09-29"}, {"date": "2022-11-08", "symbol": "DD", "eps": 0.82, "epsEstimated": 0.81, "time": "bmo", "revenue": 3317000000, "revenueEstimated": 4199080000, "fiscalDateEnding": "2022-09-29", "updatedFromDate": "2023-09-29"}, {"date": "2022-11-08", "symbol": "STVN", "eps": 0.14, "epsEstimated": 0.13, "time": "bmo", "revenue": 245261000, "revenueEstimated": null, "fiscalDateEnding": "2022-09-30", "updatedFromDate": "2023-09-29"}, {"date": "2022-11-08", "symbol": "CCO", "eps": -0.08, "epsEstimated": -0.05133, "time": "bmo", "revenue": 602907000, "revenueEstimated": null, "fiscalDateEnding": "2022-09-29", "updatedFromDate": "2023-09-29"}, {"date": "2022-11-08", "symbol": "NWS", "eps": 0.12, "epsEstimated": null, "time": "amc", "revenue": 2478000000, "revenueEstimated": null, "fiscalDateEnding": "2022-09-29", "updatedFromDate": "2023-09-29"}, {"date": "2022-11-08", "symbol": "2117.T", "eps": 0.32, "epsEstimated": null, "time": "bmo", "revenue": 12588000000, "revenueEstimated": null, "fiscalDateEnding": "2022-08-08", "updatedFromDate": "2023-10-17"}, {"date": "2022-11-08", "symbol": "4064.T", "eps": 52.35, "epsEstimated": null, "time": "bmo", "revenue": 11562000000, "revenueEstimated": null, "fiscalDateEnding": "2022-08-08", "updatedFromDate": "2023-10-17"}, {"date": "2022-11-08", "symbol": "SATOF", "eps": 61.16, "epsEstimated": null, "time": "bmo", "revenue": null, "revenueEstimated": null, "fiscalDateEnding": "2023-03-31", "updatedFromDate": "2023-05-17"}, {"date": "2022-11-08", "symbol": "1815.TWO", "eps": 0.12, "epsEstimated": null, "time": "bmo", "revenue": 1231695000, "revenueEstimated": null, "fiscalDateEnding": "2022-09-30", "updatedFromDate": "2023-05-17"}, {"date": "2022-11-08", "symbol": "IAG", "eps": -0.03, "epsEstimated": -0.02961, "time": "amc", "revenue": 343300000, "revenueEstimated": null, "fiscalDateEnding": "2022-09-30", "updatedFromDate": "2023-09-29"}, {"date": "2022-11-08", "symbol": "ASLE", "eps": -0.03, "epsEstimated": 0.05, "time": "amc", "revenue": 50999000, "revenueEstimated": null, "fiscalDateEnding": "2022-09-29", "updatedFromDate": "2023-09-29"}, {"date": "2022-11-08", "symbol": "BNTOF", "eps": 11.06, "epsEstimated": null, "time": "bmo", "revenue": null, "revenueEstimated": null, "fiscalDateEnding": "2023-03-31", "updatedFromDate": "2023-05-17"}, {"date": "2022-11-08", "symbol": "MDIYF", "eps": 0.01, "epsEstimated": 0.01273, "time": "bmo", "revenue": null, "revenueEstimated": null, "fiscalDateEnding": "2022-09-30", "updatedFromDate": "2023-05-17"}, {"date": "2022-11-08", "symbol": "UBX", "eps": -1.36, "epsEstimated": -0.99, "time": "bmo", "revenue": null, "revenueEstimated": null, "fiscalDateEnding": "2022-09-29", "updatedFromDate": "2023-09-29"}, {"date": "2022-11-08", "symbol": "1313.TW", "eps": -0.65, "epsEstimated": null, "time": "bmo", "revenue": null, "revenueEstimated": null, "fiscalDateEnding": "2022-09-30", "updatedFromDate": "2023-05-17"}, {"date": "2022-11-08", "symbol": "MIZUF", "eps": 114.38, "epsEstimated": null, "time": "bmo", "revenue": null, "revenueEstimated": null, "fiscalDateEnding": "2023-03-31", "updatedFromDate": "2023-05-17"}, {"date": "2022-11-08", "symbol": "GIFI", "eps": 0.04, "epsEstimated": 0.28, "time": "amc", "revenue": 39593000, "revenueEstimated": null, "fiscalDateEnding": "2022-09-29", "updatedFromDate": "2023-09-29"}, {"date": "2022-11-08", "symbol": "CERE", "eps": -0.66, "epsEstimated": -0.62, "time": "bmo", "revenue": null, "revenueEstimated": null, "fiscalDateEnding": "2022-09-29", "updatedFromDate": "2023-09-29"}, {"date": "2022-11-08", "symbol": "KIRLFER.NS", "eps": 5.32, "epsEstimated": null, "time": "bmo", "revenue": 14938200000, "revenueEstimated": null, "fiscalDateEnding": "2022-08-08", "updatedFromDate": "2023-10-17"}, {"date": "2022-11-08", "symbol": "6914.T", "eps": 39.41, "epsEstimated": null, "time": "bmo", "revenue": 13227000000, "revenueEstimated": null, "fiscalDateEnding": "2022-09-30", "updatedFromDate": "2023-05-17"}, {"date": "2022-11-08", "symbol": "FREQ", "eps": -0.55, "epsEstimated": -0.61, "time": "bmo", "revenue": null, "revenueEstimated": null, "fiscalDateEnding": "2022-09-29", "updatedFromDate": "2023-09-29"}, {"date": "2022-11-08", "symbol": "039490.KS", "eps": 4159.56, "epsEstimated": 4937, "time": "bmo", "revenue": 351029359530, "revenueEstimated": null, "fiscalDateEnding": "2022-09-30", "updatedFromDate": "2023-10-16"}, {"date": "2022-11-08", "symbol": "PIEJF", "eps": null, "epsEstimated": null, "time": "bmo", "revenue": null, "revenueEstimated": null, "fiscalDateEnding": "2022-09-30", "updatedFromDate": "2023-05-17"}, {"date": "2022-11-08", "symbol": "8112.TW", "eps": 0.97, "epsEstimated": 1.16, "time": "bmo", "revenue": 37783334000, "revenueEstimated": null, "fiscalDateEnding": "2022-09-30", "updatedFromDate": "2023-05-17"}, {"date": "2022-11-08", "symbol": "ALMII.PA", "eps": null, "epsEstimated": null, "time": "bmo", "revenue": null, "revenueEstimated": null, "fiscalDateEnding": "2022-08-08", "updatedFromDate": "2023-05-17"}, {"date": "2022-11-08", "symbol": "FBK.MI", "eps": 0.2067, "epsEstimated": null, "time": "bmo", "revenue": 297963000, "revenueEstimated": null, "fiscalDateEnding": "2022-08-08", "updatedFromDate": "2023-08-16"}, {"date": "2022-11-08", "symbol": "INTUCH.BK", "eps": 0.77, "epsEstimated": 0.93, "time": "bmo", "revenue": 761568000, "revenueEstimated": null, "fiscalDateEnding": "2022-09-30", "updatedFromDate": "2023-05-17"}, {"date": "2022-11-08", "symbol": "VNG.BK", "eps": -0.09054, "epsEstimated": null, "time": "bmo", "revenue": 2805767098.71, "revenueEstimated": null, "fiscalDateEnding": "2022-08-08", "updatedFromDate": "2023-05-17"}, {"date": "2022-11-08", "symbol": "5632.T", "eps": 60.82, "epsEstimated": null, "time": "bmo", "revenue": 39889000000, "revenueEstimated": null, "fiscalDateEnding": "2022-08-08", "updatedFromDate": "2023-10-17"}, {"date": "2022-11-08", "symbol": "ALHRG.PA", "eps": null, "epsEstimated": null, "time": "bmo", "revenue": null, "revenueEstimated": null, "fiscalDateEnding": "2022-08-08", "updatedFromDate": "2023-05-17"}, {"date": "2022-11-08", "symbol": "GFS", "eps": 0.67, "epsEstimated": 0.62, "time": "bmo", "revenue": 2074000000, "revenueEstimated": null, "fiscalDateEnding": "2022-09-30", "updatedFromDate": "2023-09-29"}, {"date": "2022-11-08", "symbol": "6339.T", "eps": 4.87, "epsEstimated": null, "time": "bmo", "revenue": 24680000000, "revenueEstimated": null, "fiscalDateEnding": "2022-08-08", "updatedFromDate": "2023-10-17"}, {"date": "2022-11-08", "symbol": "2031.TW", "eps": -0.48, "epsEstimated": 1.71, "time": "bmo", "revenue": 4264391000, "revenueEstimated": null, "fiscalDateEnding": "2022-09-30", "updatedFromDate": "2023-05-17"}, {"date": "2022-11-08", "symbol": "2432.T", "eps": 33.95, "epsEstimated": 32.3, "time": "bmo", "revenue": 34773000000, "revenueEstimated": null, "fiscalDateEnding": "2022-08-08", "updatedFromDate": "2023-10-17"}, {"date": "2022-11-08", "symbol": "MAGADSUGAR.NS", "eps": 0.06, "epsEstimated": null, "time": "bmo", "revenue": 2456910000, "revenueEstimated": null, "fiscalDateEnding": "2022-08-08", "updatedFromDate": "2023-10-17"}, {"date": "2022-11-08", "symbol": "025980.KQ", "eps": null, "epsEstimated": null, "time": "bmo", "revenue": null, "revenueEstimated": null, "fiscalDateEnding": "2022-09-30", "updatedFromDate": "2023-05-17"}, {"date": "2022-11-08", "symbol": "4182.T", "eps": 88.6, "epsEstimated": 69.22, "time": "bmo", "revenue": 193982000000, "revenueEstimated": null, "fiscalDateEnding": "2022-08-08", "updatedFromDate": "2023-10-17"}, {"date": "2022-11-08", "symbol": "RWCRF", "eps": null, "epsEstimated": null, "time": "bmo", "revenue": null, "revenueEstimated": null, "fiscalDateEnding": "2022-09-30", "updatedFromDate": "2023-05-17"}, {"date": "2022-11-08", "symbol": "PTMN", "eps": 0.87, "epsEstimated": 0.66, "time": "amc", "revenue": 14550000, "revenueEstimated": null, "fiscalDateEnding": "2022-09-29", "updatedFromDate": "2023-09-29"}, {"date": "2022-11-08", "symbol": "TTUUF", "eps": 17.38, "epsEstimated": 8.76, "time": "bmo", "revenue": null, "revenueEstimated": null, "fiscalDateEnding": "2023-03-31", "updatedFromDate": "2023-05-17"}, {"date": "2022-11-08", "symbol": "BKSY", "eps": -0.12, "epsEstimated": -0.2, "time": "bmo", "revenue": 15102000, "revenueEstimated": null, "fiscalDateEnding": "2022-06-29", "updatedFromDate": "2023-10-17"}, {"date": "2022-11-08", "symbol": "1736.TW", "eps": 0.74, "epsEstimated": 1.25, "time": "bmo", "revenue": 8028788000, "revenueEstimated": null, "fiscalDateEnding": "2022-09-30", "updatedFromDate": "2023-05-17"}, {"date": "2022-11-08", "symbol": "2266.T", "eps": null, "epsEstimated": null, "time": "bmo", "revenue": null, "revenueEstimated": null, "fiscalDateEnding": "2022-08-08", "updatedFromDate": "2023-05-17"}, {"date": "2022-11-08", "symbol": "OPRX", "eps": 0.07, "epsEstimated": 0.03671, "time": "amc", "revenue": 15085504, "revenueEstimated": null, "fiscalDateEnding": "2022-09-29", "updatedFromDate": "2023-09-29"}, {"date": "2022-11-08", "symbol": "THIP.BK", "eps": 1.19, "epsEstimated": null, "time": "bmo", "revenue": 1099013000, "revenueEstimated": null, "fiscalDateEnding": "2022-09-30", "updatedFromDate": "2023-05-17"}, {"date": "2022-11-08", "symbol": "BOWFF", "eps": 0.78, "epsEstimated": null, "time": "amc", "revenue": 125471000, "revenueEstimated": null, "fiscalDateEnding": "2022-09-30", "updatedFromDate": "2023-09-29"}, {"date": "2022-11-08", "symbol": "8073.HK", "eps": -0.00147, "epsEstimated": null, "time": "bmo", "revenue": 11551000, "revenueEstimated": null, "fiscalDateEnding": "2022-09-30", "updatedFromDate": "2023-05-17"}, {"date": "2022-11-08", "symbol": "LEGH", "eps": 0.58, "epsEstimated": 0.6, "time": "amc", "revenue": 57325000, "revenueEstimated": 60630000, "fiscalDateEnding": "2022-09-29", "updatedFromDate": "2023-09-29"}, {"date": "2022-11-08", "symbol": "BNTGF", "eps": 1.6, "epsEstimated": 1.55, "time": "bmo", "revenue": null, "revenueEstimated": null, "fiscalDateEnding": "2022-09-30", "updatedFromDate": "2023-05-17"}, {"date": "2022-11-08", "symbol": "NSPR", "eps": -0.58, "epsEstimated": -0.73, "time": "bmo", "revenue": 1431000, "revenueEstimated": null, "fiscalDateEnding": "2022-09-29", "updatedFromDate": "2023-09-29"}, {"date": "2022-11-08", "symbol": "6937.T", "eps": -3.08, "epsEstimated": null, "time": "bmo", "revenue": 14027000000, "revenueEstimated": null, "fiscalDateEnding": "2022-08-08", "updatedFromDate": "2023-10-17"}, {"date": "2022-11-08", "symbol": "MTEX", "eps": 0.61, "epsEstimated": null, "time": "bmo", "revenue": 35513000, "revenueEstimated": null, "fiscalDateEnding": "2022-09-29", "updatedFromDate": "2023-09-29"}, {"date": "2022-11-08", "symbol": "7841.T", "eps": 36.25, "epsEstimated": null, "time": "bmo", "revenue": 3850690000, "revenueEstimated": null, "fiscalDateEnding": "2022-09-30", "updatedFromDate": "2023-10-16"}, {"date": "2022-11-08", "symbol": "NEWR", "eps": 0.13, "epsEstimated": -0.06, "time": "amc", "revenue": 226912000, "revenueEstimated": null, "fiscalDateEnding": "2022-09-29", "updatedFromDate": "2023-09-29"}, {"date": "2022-11-08", "symbol": "OPK.TA", "eps": -0.11, "epsEstimated": -0.08, "time": "bmo", "revenue": 179744000, "revenueEstimated": null, "fiscalDateEnding": "2022-09-30", "updatedFromDate": "2023-08-16"}, {"date": "2022-11-08", "symbol": "ALXO", "eps": -0.72, "epsEstimated": -0.75, "time": "bmo", "revenue": null, "revenueEstimated": null, "fiscalDateEnding": "2022-09-29", "updatedFromDate": "2023-09-29"}, {"date": "2022-11-08", "symbol": "ATER", "eps": -0.18, "epsEstimated": -0.18, "time": "amc", "revenue": 66326000, "revenueEstimated": null, "fiscalDateEnding": "2022-09-29", "updatedFromDate": "2023-09-29"}, {"date": "2022-11-08", "symbol": "NYXH", "eps": -0.24, "epsEstimated": -0.3, "time": "amc", "revenue": 182000, "revenueEstimated": null, "fiscalDateEnding": "2022-09-30", "updatedFromDate": "2023-09-29"}, {"date": "2022-11-08", "symbol": "ARVN", "eps": -1.24, "epsEstimated": -0.98, "time": "bmo", "revenue": 30300000, "revenueEstimated": null, "fiscalDateEnding": "2022-09-29", "updatedFromDate": "2023-09-29"}, {"date": "2022-11-08", "symbol": "SHO", "eps": 0.08, "epsEstimated": 0.07, "time": "bmo", "revenue": 244314000, "revenueEstimated": null, "fiscalDateEnding": "2022-09-29", "updatedFromDate": "2023-09-29"}, {"date": "2022-11-08", "symbol": "ENA.WA", "eps": 0.09388, "epsEstimated": null, "time": "bmo", "revenue": 8018616000, "revenueEstimated": null, "fiscalDateEnding": "2022-09-30", "updatedFromDate": "2023-05-17"}, {"date": "2022-11-08", "symbol": "PET.TO", "eps": 0.43, "epsEstimated": 0.37, "time": "bmo", "revenue": 244724000, "revenueEstimated": null, "fiscalDateEnding": "2022-09-30", "updatedFromDate": "2023-10-16"}, {"date": "2022-11-08", "symbol": "ASMB", "eps": -0.48, "epsEstimated": -0.47, "time": "bmo", "revenue": null, "revenueEstimated": null, "fiscalDateEnding": "2022-09-29", "updatedFromDate": "2023-09-29"}, {"date": "2022-11-08", "symbol": "6458.T", "eps": 31.69, "epsEstimated": null, "time": "bmo", "revenue": 7935000000, "revenueEstimated": null, "fiscalDateEnding": "2022-08-08", "updatedFromDate": "2023-10-17"}, {"date": "2022-11-08", "symbol": "BXRX", "eps": -98.8, "epsEstimated": -21.2, "time": "bmo", "revenue": 238000, "revenueEstimated": null, "fiscalDateEnding": "2022-09-29", "updatedFromDate": "2023-09-29"}, {"date": "2022-11-08", "symbol": "6644.T", "eps": -22.59, "epsEstimated": null, "time": "bmo", "revenue": 19377000000, "revenueEstimated": null, "fiscalDateEnding": "2022-08-08", "updatedFromDate": "2023-10-17"}, {"date": "2022-11-08", "symbol": "PLNT", "eps": 0.42, "epsEstimated": 0.39, "time": "bmo", "revenue": 244386000, "revenueEstimated": null, "fiscalDateEnding": "2022-09-29", "updatedFromDate": "2023-09-29"}, {"date": "2022-11-08", "symbol": "5331.T", "eps": 171.82, "epsEstimated": null, "time": "bmo", "revenue": 32217000000, "revenueEstimated": null, "fiscalDateEnding": "2022-08-08", "updatedFromDate": "2023-10-17"}, {"date": "2022-11-08", "symbol": "INO", "eps": -0.15, "epsEstimated": -0.29, "time": "amc", "revenue": 9154133, "revenueEstimated": null, "fiscalDateEnding": "2022-09-29", "updatedFromDate": "2023-09-29"}, {"date": "2022-11-08", "symbol": "EXPD", "eps": 2.54, "epsEstimated": 1.95, "time": "bmo", "revenue": 4362146000, "revenueEstimated": null, "fiscalDateEnding": "2022-09-29", "updatedFromDate": "2023-09-29"}, {"date": "2022-11-08", "symbol": "ABCL", "eps": 0.08, "epsEstimated": 0.05, "time": "amc", "revenue": 101383000, "revenueEstimated": null, "fiscalDateEnding": "2022-09-29", "updatedFromDate": "2023-09-29"}, {"date": "2022-11-08", "symbol": "1980.T", "eps": 101.97, "epsEstimated": null, "time": "bmo", "revenue": 35342000000, "revenueEstimated": null, "fiscalDateEnding": "2022-08-08", "updatedFromDate": "2023-10-17"}, {"date": "2022-11-08", "symbol": "PHPYF", "eps": null, "epsEstimated": null, "time": "bmo", "revenue": null, "revenueEstimated": null, "fiscalDateEnding": "2023-03-31", "updatedFromDate": "2023-05-17"}, {"date": "2022-11-08", "symbol": "6101.T", "eps": 32.28, "epsEstimated": null, "time": "bmo", "revenue": 25536000000, "revenueEstimated": null, "fiscalDateEnding": "2022-08-08", "updatedFromDate": "2023-10-17"}, {"date": "2022-11-08", "symbol": "JAIRF", "eps": -7.41, "epsEstimated": null, "time": "bmo", "revenue": 19368000000, "revenueEstimated": null, "fiscalDateEnding": "2022-08-08", "updatedFromDate": "2023-10-17"}, {"date": "2022-11-08", "symbol": "8061.T", "eps": 33.68, "epsEstimated": null, "time": "bmo", "revenue": 20597000000, "revenueEstimated": null, "fiscalDateEnding": "2022-08-08", "updatedFromDate": "2023-10-17"}, {"date": "2022-11-08", "symbol": "PR", "eps": 0.41, "epsEstimated": 0.43, "time": "amc", "revenue": 549778000, "revenueEstimated": null, "fiscalDateEnding": "2022-09-29", "updatedFromDate": "2023-09-29"}, {"date": "2022-11-08", "symbol": "TSRMF", "eps": null, "epsEstimated": null, "time": "bmo", "revenue": null, "revenueEstimated": null, "fiscalDateEnding": "2022-09-30", "updatedFromDate": "2023-05-17"}, {"date": "2022-11-08", "symbol": "NSANF", "eps": 4.43, "epsEstimated": 12.14, "time": "bmo", "revenue": null, "revenueEstimated": null, "fiscalDateEnding": "2023-03-31", "updatedFromDate": "2023-05-17"}, {"date": "2022-11-08", "symbol": "OPT.TO", "eps": 0.14, "epsEstimated": 0.33, "time": "bmo", "revenue": 15160000, "revenueEstimated": null, "fiscalDateEnding": "2022-09-30", "updatedFromDate": "2023-10-16"}, {"date": "2022-11-08", "symbol": "8367.TW", "eps": 1.22, "epsEstimated": null, "time": "bmo", "revenue": 652579000, "revenueEstimated": null, "fiscalDateEnding": "2022-09-30", "updatedFromDate": "2023-05-17"}, {"date": "2022-11-08", "symbol": "NTRA", "eps": -1.25, "epsEstimated": -1.42, "time": "amc", "revenue": 210637000, "revenueEstimated": null, "fiscalDateEnding": "2022-09-29", "updatedFromDate": "2023-09-29"}, {"date": "2022-11-08", "symbol": "ADTN", "eps": 0.11, "epsEstimated": 0.18, "time": "amc", "revenue": 340709000, "revenueEstimated": 330390000, "fiscalDateEnding": "2022-09-29", "updatedFromDate": "2023-09-29"}, {"date": "2022-11-08", "symbol": "MOB.ST", "eps": -0.04255, "epsEstimated": null, "time": "bmo", "revenue": 207000, "revenueEstimated": null, "fiscalDateEnding": "2022-09-30", "updatedFromDate": "2023-05-17"}, {"date": "2022-11-08", "symbol": "3436.T", "eps": 58.46, "epsEstimated": 53.68, "time": "bmo", "revenue": 441083000000, "revenueEstimated": null, "fiscalDateEnding": "2022-08-08", "updatedFromDate": "2023-05-17"}, {"date": "2022-11-08", "symbol": "GXO", "eps": 0.75, "epsEstimated": 0.7, "time": "amc", "revenue": 2287000000, "revenueEstimated": null, "fiscalDateEnding": "2022-09-29", "updatedFromDate": "2023-09-29"}, {"date": "2022-11-08", "symbol": "XENE", "eps": -0.57, "epsEstimated": -0.52, "time": "amc", "revenue": 132000, "revenueEstimated": null, "fiscalDateEnding": "2022-09-29", "updatedFromDate": "2023-09-29"}, {"date": "2022-11-08", "symbol": "EXK", "eps": -0.02, "epsEstimated": -0.00783, "time": "bmo", "revenue": 39649000, "revenueEstimated": null, "fiscalDateEnding": "2022-09-30", "updatedFromDate": "2023-09-29"}, {"date": "2022-11-08", "symbol": "HHBHF", "eps": null, "epsEstimated": null, "time": "bmo", "revenue": null, "revenueEstimated": null, "fiscalDateEnding": "2022-09-30", "updatedFromDate": "2023-05-17"}, {"date": "2022-11-08", "symbol": "ANGI", "eps": -0.03, "epsEstimated": -0.02657, "time": "amc", "revenue": 498036000, "revenueEstimated": null, "fiscalDateEnding": "2022-09-29", "updatedFromDate": "2023-09-29"}, {"date": "2022-11-08", "symbol": "AVRO", "eps": -0.52, "epsEstimated": -0.5, "time": "bmo", "revenue": null, "revenueEstimated": null, "fiscalDateEnding": "2022-09-29", "updatedFromDate": "2023-09-29"}, {"date": "2022-11-08", "symbol": "3628.T", "eps": -14.11, "epsEstimated": null, "time": "bmo", "revenue": null, "revenueEstimated": null, "fiscalDateEnding": "2022-08-08", "updatedFromDate": "2023-10-16"}, {"date": "2022-11-08", "symbol": "EOLS", "eps": -0.32, "epsEstimated": -0.27, "time": "amc", "revenue": 33899000, "revenueEstimated": null, "fiscalDateEnding": "2022-09-29", "updatedFromDate": "2023-09-29"}, {"date": "2022-11-08", "symbol": "5999.T", "eps": 89.64, "epsEstimated": null, "time": "bmo", "revenue": 5579000000, "revenueEstimated": null, "fiscalDateEnding": "2022-09-30", "updatedFromDate": "2023-05-17"}, {"date": "2022-11-08", "symbol": "OXY", "eps": 2.44, "epsEstimated": 2.46, "time": "amc", "revenue": 9390000000, "revenueEstimated": null, "fiscalDateEnding": "2022-09-29", "updatedFromDate": "2023-09-29"}, {"date": "2022-11-08", "symbol": "SEER", "eps": -0.38, "epsEstimated": -0.38, "time": "amc", "revenue": 3955000, "revenueEstimated": null, "fiscalDateEnding": "2022-09-29", "updatedFromDate": "2023-09-29"}, {"date": "2022-11-08", "symbol": "CRBP", "eps": -2.1, "epsEstimated": -1.8, "time": "bmo", "revenue": null, "revenueEstimated": null, "fiscalDateEnding": "2022-09-29", "updatedFromDate": "2023-09-29"}, {"date": "2022-11-08", "symbol": "FLS.CO", "eps": 2.9, "epsEstimated": 2.42, "time": "bmo", "revenue": 5621000000, "revenueEstimated": null, "fiscalDateEnding": "2022-09-30", "updatedFromDate": "2023-07-24"}, {"date": "2022-11-08", "symbol": "7615.T", "eps": 6.41, "epsEstimated": null, "time": "bmo", "revenue": 1953217000, "revenueEstimated": null, "fiscalDateEnding": "2022-08-08", "updatedFromDate": "2023-10-17"}, {"date": "2022-11-08", "symbol": "IFC.TO", "eps": 2.7, "epsEstimated": 2.76, "time": "bmo", "revenue": 5150000000, "revenueEstimated": null, "fiscalDateEnding": "2022-09-30", "updatedFromDate": "2023-05-17"}, {"date": "2022-11-08", "symbol": "BRGO", "eps": -0.00016, "epsEstimated": null, "time": "bmo", "revenue": 1318851, "revenueEstimated": null, "fiscalDateEnding": "2022-09-29", "updatedFromDate": "2023-09-29"}, {"date": "2022-11-08", "symbol": "NXCLF", "eps": 6.36, "epsEstimated": null, "time": "bmo", "revenue": null, "revenueEstimated": null, "fiscalDateEnding": "2022-12-31", "updatedFromDate": "2023-09-29"}, {"date": "2022-11-08", "symbol": "6788.T", "eps": 67.94, "epsEstimated": null, "time": "bmo", "revenue": 4332578000, "revenueEstimated": null, "fiscalDateEnding": "2022-08-08", "updatedFromDate": "2023-10-17"}, {"date": "2022-11-08", "symbol": "MEJHF", "eps": 61.66, "epsEstimated": 114.46, "time": "bmo", "revenue": null, "revenueEstimated": null, "fiscalDateEnding": "2023-03-31", "updatedFromDate": "2023-05-17"}, {"date": "2022-11-08", "symbol": "NVTA", "eps": -0.42, "epsEstimated": -0.59, "time": "amc", "revenue": 133536000, "revenueEstimated": null, "fiscalDateEnding": "2022-09-29", "updatedFromDate": "2023-09-29"}, {"date": "2022-11-08", "symbol": "HNDAF", "eps": 110.85, "epsEstimated": 122.71, "time": "bmo", "revenue": null, "revenueEstimated": null, "fiscalDateEnding": "2022-09-30", "updatedFromDate": "2023-05-17"}, {"date": "2022-11-08", "symbol": "EBS", "eps": -1.27, "epsEstimated": -0.06, "time": "amc", "revenue": 240000000, "revenueEstimated": null, "fiscalDateEnding": "2022-09-29", "updatedFromDate": "2023-09-29"}, {"date": "2022-11-08", "symbol": "2209.T", "eps": 85.07, "epsEstimated": null, "time": "bmo", "revenue": 8766957000, "revenueEstimated": null, "fiscalDateEnding": "2022-08-08", "updatedFromDate": "2023-10-17"}, {"date": "2022-11-08", "symbol": "NANX", "eps": -0.02, "epsEstimated": null, "time": "amc", "revenue": 9678000, "revenueEstimated": null, "fiscalDateEnding": "2022-09-29", "updatedFromDate": "2023-09-29"}, {"date": "2022-11-08", "symbol": "KNBWF", "eps": 89.77, "epsEstimated": 52.26, "time": "bmo", "revenue": null, "revenueEstimated": null, "fiscalDateEnding": "2022-09-30", "updatedFromDate": "2023-08-16"}, {"date": "2022-11-08", "symbol": "043150.KQ", "eps": 1571, "epsEstimated": null, "time": "bmo", "revenue": null, "revenueEstimated": null, "fiscalDateEnding": "2022-09-30", "updatedFromDate": "2023-05-17"}, {"date": "2022-11-08", "symbol": "MSBHF", "eps": 0.92, "epsEstimated": 198.7, "time": "bmo", "revenue": 5443439000000, "revenueEstimated": null, "fiscalDateEnding": "2022-08-08", "updatedFromDate": "2023-10-17"}, {"date": "2022-11-08", "symbol": "MEDXF", "eps": -0.14, "epsEstimated": -0.21, "time": "bmo", "revenue": 30326000, "revenueEstimated": null, "fiscalDateEnding": "2022-09-30", "updatedFromDate": "2023-11-28"}, {"date": "2022-11-08", "symbol": "SFM", "eps": 0.61, "epsEstimated": 0.51, "time": "amc", "revenue": 1591026000, "revenueEstimated": null, "fiscalDateEnding": "2022-10-01", "updatedFromDate": "2023-09-29"}, {"date": "2022-11-08", "symbol": "7956.T", "eps": 24.72, "epsEstimated": 18.84, "time": "bmo", "revenue": 94921000000, "revenueEstimated": null, "fiscalDateEnding": "2022-08-08", "updatedFromDate": "2023-05-17"}, {"date": "2022-11-08", "symbol": "KALA", "eps": 19.25, "epsEstimated": 10.75, "time": "bmo", "revenue": 420000, "revenueEstimated": null, "fiscalDateEnding": "2022-09-29", "updatedFromDate": "2023-09-29"}, {"date": "2022-11-08", "symbol": "TMCI", "eps": -0.22, "epsEstimated": -0.28, "time": "amc", "revenue": 33055000, "revenueEstimated": null, "fiscalDateEnding": "2022-09-29", "updatedFromDate": "2023-09-29"}, {"date": "2022-11-08", "symbol": "EPM", "eps": 0.32, "epsEstimated": 0.38, "time": "amc", "revenue": 39797000, "revenueEstimated": null, "fiscalDateEnding": "2022-09-29", "updatedFromDate": "2023-10-16"}, {"date": "2022-11-08", "symbol": "1871.T", "eps": 12.27, "epsEstimated": null, "time": "bmo", "revenue": 23344000000, "revenueEstimated": null, "fiscalDateEnding": "2022-08-08", "updatedFromDate": "2023-10-17"}, {"date": "2022-11-08", "symbol": "7974.T", "eps": 95.75, "epsEstimated": 80.08, "time": "bmo", "revenue": 307460000000, "revenueEstimated": null, "fiscalDateEnding": "2022-08-08", "updatedFromDate": "2023-10-17"}, {"date": "2022-11-08", "symbol": "CGBD", "eps": 0.58, "epsEstimated": 0.41, "time": "amc", "revenue": 40616000, "revenueEstimated": null, "fiscalDateEnding": "2022-09-29", "updatedFromDate": "2023-09-29"}, {"date": "2022-11-08", "symbol": "CFF.TO", "eps": 0.02, "epsEstimated": 0.008, "time": "bmo", "revenue": 47670600, "revenueEstimated": null, "fiscalDateEnding": "2022-09-30", "updatedFromDate": "2023-05-17"}, {"date": "2022-11-08", "symbol": "8154.T", "eps": 244.79, "epsEstimated": null, "time": "bmo", "revenue": 149302000000, "revenueEstimated": null, "fiscalDateEnding": "2022-08-08", "updatedFromDate": "2023-10-17"}, {"date": "2022-11-08", "symbol": "1789.TW", "eps": 0.08, "epsEstimated": 0.11, "time": "bmo", "revenue": 704716000, "revenueEstimated": null, "fiscalDateEnding": "2022-09-30", "updatedFromDate": "2023-08-16"}, {"date": "2022-11-08", "symbol": "4809.T", "eps": 36.42, "epsEstimated": null, "time": "bmo", "revenue": 3440000000, "revenueEstimated": null, "fiscalDateEnding": "2022-09-30", "updatedFromDate": "2023-05-17"}, {"date": "2022-11-08", "symbol": "DCM.TO", "eps": 0.06056, "epsEstimated": null, "time": "bmo", "revenue": 63399000, "revenueEstimated": null, "fiscalDateEnding": "2022-09-30", "updatedFromDate": "2023-05-17"}, {"date": "2022-11-08", "symbol": "2674.T", "eps": 16.29, "epsEstimated": null, "time": "bmo", "revenue": 6560045000, "revenueEstimated": null, "fiscalDateEnding": "2022-08-08", "updatedFromDate": "2023-10-17"}, {"date": "2022-11-08", "symbol": "OCLDF", "eps": null, "epsEstimated": null, "time": "bmo", "revenue": null, "revenueEstimated": null, "fiscalDateEnding": "2022-12-31", "updatedFromDate": "2023-05-17"}, {"date": "2022-11-08", "symbol": "GO", "eps": 0.27, "epsEstimated": 0.25, "time": "amc", "revenue": 918185000, "revenueEstimated": null, "fiscalDateEnding": "2022-09-30", "updatedFromDate": "2023-09-29"}, {"date": "2022-11-08", "symbol": "ALBKF", "eps": 0.04, "epsEstimated": 0.05, "time": "bmo", "revenue": null, "revenueEstimated": null, "fiscalDateEnding": "2022-09-30", "updatedFromDate": "2023-05-17"}, {"date": "2022-11-08", "symbol": "OLNCF", "eps": -0.02, "epsEstimated": null, "time": "bmo", "revenue": 3184818, "revenueEstimated": null, "fiscalDateEnding": "2022-09-30", "updatedFromDate": "2023-09-29"}, {"date": "2022-11-08", "symbol": "ITI", "eps": -0.17, "epsEstimated": -0.03333, "time": "amc", "revenue": 39259000, "revenueEstimated": null, "fiscalDateEnding": "2022-09-29", "updatedFromDate": "2023-09-29"}, {"date": "2022-11-08", "symbol": "3291.T", "eps": 106.05, "epsEstimated": 85.22, "time": "bmo", "revenue": 316935000000, "revenueEstimated": null, "fiscalDateEnding": "2022-08-08", "updatedFromDate": "2023-10-16"}, {"date": "2022-11-08", "symbol": "PEI", "eps": -21.3801, "epsEstimated": null, "time": "bmo", "revenue": 72813000, "revenueEstimated": 68000000, "fiscalDateEnding": "2022-09-29", "updatedFromDate": "2023-05-17"}, {"date": "2022-11-08", "symbol": "052690.KS", "eps": 15.44, "epsEstimated": 17, "time": "bmo", "revenue": 194315160420, "revenueEstimated": null, "fiscalDateEnding": "2022-08-08", "updatedFromDate": "2023-05-17"}, {"date": "2022-11-08", "symbol": "BPAC11.SA", "eps": 0.68, "epsEstimated": 0.58, "time": "bmo", "revenue": null, "revenueEstimated": null, "fiscalDateEnding": "2022-09-30", "updatedFromDate": "2023-05-17"}, {"date": "2022-11-08", "symbol": "ACNT", "eps": 0.06, "epsEstimated": null, "time": "amc", "revenue": 100167000, "revenueEstimated": null, "fiscalDateEnding": "2022-09-29", "updatedFromDate": "2023-09-29"}, {"date": "2022-11-08", "symbol": "SALASAR.NS", "eps": 0.26, "epsEstimated": null, "time": "bmo", "revenue": 2106679000, "revenueEstimated": null, "fiscalDateEnding": "2022-08-08", "updatedFromDate": "2023-10-17"}]}