{"result": [{"date": "2022-07-10", "symbol": "603588.SS", "eps": 0.21, "epsEstimated": null, "time": "bmo", "revenue": 2430933171.31, "revenueEstimated": null, "fiscalDateEnding": "2022-06-30", "updatedFromDate": "2023-05-17"}, {"date": "2022-07-10", "symbol": "LWSOF", "eps": 80.24, "epsEstimated": 48.76, "time": "bmo", "revenue": 237754000000, "revenueEstimated": null, "fiscalDateEnding": "2022-05-31", "updatedFromDate": "2023-08-25"}, {"date": "2022-07-10", "symbol": "AKCCF", "eps": -0.08, "epsEstimated": -0.09, "time": "bmo", "revenue": null, "revenueEstimated": null, "fiscalDateEnding": "2022-06-30", "updatedFromDate": "2023-08-16"}, {"date": "2022-07-10", "symbol": "600908.SS", "eps": 0.26, "epsEstimated": null, "time": "bmo", "revenue": 1105240000, "revenueEstimated": null, "fiscalDateEnding": "2022-06-30", "updatedFromDate": "2023-05-17"}, {"date": "2022-07-10", "symbol": "KNKBF", "eps": null, "epsEstimated": null, "time": "bmo", "revenue": null, "revenueEstimated": null, "fiscalDateEnding": "2022-06-30", "updatedFromDate": "2023-05-17"}, {"date": "2022-07-10", "symbol": "CSMYF", "eps": 169.2, "epsEstimated": 171.6, "time": "bmo", "revenue": null, "revenueEstimated": null, "fiscalDateEnding": "2022-09-30", "updatedFromDate": "2023-05-17"}, {"date": "2022-07-11", "symbol": "603868.SS", "eps": 0.5, "epsEstimated": null, "time": "bmo", "revenue": 1159806238.51, "revenueEstimated": null, "fiscalDateEnding": "2022-06-30", "updatedFromDate": "2023-05-17"}, {"date": "2022-07-11", "symbol": "EKI.PA", "eps": null, "epsEstimated": null, "time": "bmo", "revenue": null, "revenueEstimated": null, "fiscalDateEnding": "2022-04-11", "updatedFromDate": "2023-05-17"}, {"date": "2022-07-11", "symbol": "6505.TW", "eps": 1.78, "epsEstimated": 1.89, "time": "bmo", "revenue": 239285774000, "revenueEstimated": null, "fiscalDateEnding": "2022-06-30", "updatedFromDate": "2023-05-17"}, {"date": "2022-07-11", "symbol": "CCF", "eps": 1.6, "epsEstimated": null, "time": "bmo", "revenue": 88619000, "revenueEstimated": null, "fiscalDateEnding": "2022-05-30", "updatedFromDate": "2023-09-29"}, {"date": "2022-07-11", "symbol": "1326.TW", "eps": 1.08, "epsEstimated": 1.3, "time": "bmo", "revenue": 107791185000, "revenueEstimated": null, "fiscalDateEnding": "2022-06-30", "updatedFromDate": "2023-05-17"}, {"date": "2022-07-11", "symbol": "4494.T", "eps": 2.76, "epsEstimated": null, "time": "bmo", "revenue": 649572000, "revenueEstimated": null, "fiscalDateEnding": "2022-04-11", "updatedFromDate": "2023-10-17"}, {"date": "2022-07-11", "symbol": "4745.T", "eps": -8.97, "epsEstimated": null, "time": "bmo", "revenue": 6471817000, "revenueEstimated": null, "fiscalDateEnding": "2022-04-11", "updatedFromDate": "2023-10-17"}, {"date": "2022-07-11", "symbol": "2305.T", "eps": 9.98, "epsEstimated": null, "time": "bmo", "revenue": 9112215000, "revenueEstimated": null, "fiscalDateEnding": "2022-04-11", "updatedFromDate": "2023-10-16"}, {"date": "2022-07-11", "symbol": "2735.T", "eps": 11.57, "epsEstimated": null, "time": "bmo", "revenue": 14969668000, "revenueEstimated": null, "fiscalDateEnding": "2022-05-31", "updatedFromDate": "2023-05-17"}, {"date": "2022-07-11", "symbol": "ETWO", "eps": 0.07, "epsEstimated": 0.08, "time": "amc", "revenue": 166265000, "revenueEstimated": 160350000, "fiscalDateEnding": "2022-04-11", "updatedFromDate": "2023-10-10"}, {"date": "2022-07-11", "symbol": "DNBBY", "eps": 0.52, "epsEstimated": null, "time": "bmo", "revenue": 16177000000, "revenueEstimated": null, "fiscalDateEnding": "2022-06-30", "updatedFromDate": "2023-09-29"}, {"date": "2022-07-11", "symbol": "000728.SZ", "eps": 0.2, "epsEstimated": null, "time": "bmo", "revenue": 1703565487.3, "revenueEstimated": null, "fiscalDateEnding": "2022-06-30", "updatedFromDate": "2023-05-17"}, {"date": "2022-07-11", "symbol": "VOXX", "eps": -0.27, "epsEstimated": -0.09281, "time": "amc", "revenue": 128732000, "revenueEstimated": 134030000, "fiscalDateEnding": "2022-05-30", "updatedFromDate": "2023-09-29"}, {"date": "2022-07-11", "symbol": "9982.T", "eps": -3.92, "epsEstimated": null, "time": "bmo", "revenue": 13907000000, "revenueEstimated": null, "fiscalDateEnding": "2022-04-11", "updatedFromDate": "2023-10-16"}, {"date": "2022-07-11", "symbol": "2651.T", "eps": 80.24, "epsEstimated": 48.76, "time": "bmo", "revenue": 263000000000, "revenueEstimated": null, "fiscalDateEnding": "2022-04-11", "updatedFromDate": "2023-10-17"}, {"date": "2022-07-11", "symbol": "3349.T", "eps": 169.2, "epsEstimated": 171.6, "time": "bmo", "revenue": 202286000000, "revenueEstimated": null, "fiscalDateEnding": "2022-04-11", "updatedFromDate": "2023-10-16"}, {"date": "2022-07-11", "symbol": "9369.T", "eps": 19.71, "epsEstimated": null, "time": "bmo", "revenue": null, "revenueEstimated": null, "fiscalDateEnding": "2022-05-28", "updatedFromDate": "2023-05-17"}, {"date": "2022-07-11", "symbol": "7513.T", "eps": 2.59, "epsEstimated": null, "time": "bmo", "revenue": 70722000000, "revenueEstimated": null, "fiscalDateEnding": "2022-05-31", "updatedFromDate": "2023-10-16"}, {"date": "2022-07-11", "symbol": "7607.T", "eps": 87.7, "epsEstimated": null, "time": "bmo", "revenue": 18053213000, "revenueEstimated": null, "fiscalDateEnding": "2022-05-31", "updatedFromDate": "2023-05-17"}, {"date": "2022-07-11", "symbol": "9993.T", "eps": 16.69, "epsEstimated": null, "time": "bmo", "revenue": 25611000000, "revenueEstimated": null, "fiscalDateEnding": "2022-04-11", "updatedFromDate": "2023-10-17"}, {"date": "2022-07-11", "symbol": "PSMT", "eps": 0.62, "epsEstimated": 0.81, "time": "amc", "revenue": 1030810000, "revenueEstimated": 951870000, "fiscalDateEnding": "2022-05-30", "updatedFromDate": "2023-09-29"}, {"date": "2022-07-11", "symbol": "DNBBF", "eps": 4.86, "epsEstimated": 4.49, "time": "bmo", "revenue": null, "revenueEstimated": null, "fiscalDateEnding": "2022-06-30", "updatedFromDate": "2023-05-17"}, {"date": "2022-07-11", "symbol": "9740.T", "eps": 45.72, "epsEstimated": null, "time": "bmo", "revenue": 16993522000, "revenueEstimated": null, "fiscalDateEnding": "2022-04-11", "updatedFromDate": "2023-10-17"}, {"date": "2022-07-11", "symbol": "9601.T", "eps": 446.22, "epsEstimated": null, "time": "bmo", "revenue": 20616000000, "revenueEstimated": null, "fiscalDateEnding": "2022-04-11", "updatedFromDate": "2023-10-17"}, {"date": "2022-07-11", "symbol": "KINV-B.ST", "eps": -24.08719, "epsEstimated": null, "time": "bmo", "revenue": -6644000000, "revenueEstimated": null, "fiscalDateEnding": "2022-06-30", "updatedFromDate": "2023-05-17"}, {"date": "2022-07-11", "symbol": "4992.T", "eps": 47.49, "epsEstimated": null, "time": "bmo", "revenue": 13386000000, "revenueEstimated": null, "fiscalDateEnding": "2022-05-31", "updatedFromDate": "2023-05-17"}, {"date": "2022-07-11", "symbol": "WIHL.ST", "eps": 0.94, "epsEstimated": 1.44, "time": "bmo", "revenue": 804000000, "revenueEstimated": null, "fiscalDateEnding": "2022-06-30", "updatedFromDate": "2023-05-17"}, {"date": "2022-07-11", "symbol": "002839.SZ", "eps": 0.15, "epsEstimated": null, "time": "bmo", "revenue": 1115189624.34, "revenueEstimated": null, "fiscalDateEnding": "2022-06-30", "updatedFromDate": "2023-05-17"}, {"date": "2022-07-11", "symbol": "BRCTF", "eps": -0.52, "epsEstimated": -0.01, "time": "bmo", "revenue": null, "revenueEstimated": null, "fiscalDateEnding": "2022-06-30", "updatedFromDate": "2023-08-16"}, {"date": "2022-07-11", "symbol": "ALMDT.PA", "eps": null, "epsEstimated": null, "time": "bmo", "revenue": null, "revenueEstimated": null, "fiscalDateEnding": "2022-06-30", "updatedFromDate": "2023-05-17"}, {"date": "2022-07-11", "symbol": "5PAISA.NS", "eps": 4.87, "epsEstimated": null, "time": "bmo", "revenue": 904364000, "revenueEstimated": null, "fiscalDateEnding": "2022-04-11", "updatedFromDate": "2023-10-17"}, {"date": "2022-07-11", "symbol": "3546.T", "eps": 37.47, "epsEstimated": null, "time": "bmo", "revenue": 37721000000, "revenueEstimated": null, "fiscalDateEnding": "2022-04-11", "updatedFromDate": "2023-10-16"}, {"date": "2022-07-11", "symbol": "4714.T", "eps": 1.7, "epsEstimated": null, "time": "bmo", "revenue": 8242542000, "revenueEstimated": null, "fiscalDateEnding": "2022-04-11", "updatedFromDate": "2023-10-17"}, {"date": "2022-07-11", "symbol": "NGIL.NS", "eps": 0.1409, "epsEstimated": null, "time": "bmo", "revenue": 126161000, "revenueEstimated": null, "fiscalDateEnding": "2022-04-11", "updatedFromDate": "2023-10-17"}, {"date": "2022-07-11", "symbol": "AZZ", "eps": 1.4, "epsEstimated": 1.03, "time": "bmo", "revenue": 314398000, "revenueEstimated": 268090000, "fiscalDateEnding": "2022-05-30", "updatedFromDate": "2023-09-29"}, {"date": "2022-07-11", "symbol": "ALIMP.PA", "eps": null, "epsEstimated": null, "time": "bmo", "revenue": null, "revenueEstimated": null, "fiscalDateEnding": "2022-04-11", "updatedFromDate": "2023-05-17"}, {"date": "2022-07-11", "symbol": "1419.T", "eps": 114.49, "epsEstimated": null, "time": "bmo", "revenue": 48556000000, "revenueEstimated": null, "fiscalDateEnding": "2022-04-11", "updatedFromDate": "2023-10-17"}, {"date": "2022-07-11", "symbol": "7811.T", "eps": 56.77, "epsEstimated": null, "time": "bmo", "revenue": 10168143000, "revenueEstimated": null, "fiscalDateEnding": "2022-04-11", "updatedFromDate": "2023-10-17"}, {"date": "2022-07-11", "symbol": "CCEL", "eps": 0.07, "epsEstimated": null, "time": "bmo", "revenue": 7633217, "revenueEstimated": null, "fiscalDateEnding": "2022-05-30", "updatedFromDate": "2023-09-29"}, {"date": "2022-07-11", "symbol": "NDCVF", "eps": 0.17, "epsEstimated": 0.16, "time": "bmo", "revenue": null, "revenueEstimated": null, "fiscalDateEnding": "2022-06-30", "updatedFromDate": "2023-05-17"}, {"date": "2022-07-11", "symbol": "TKCOF", "eps": 65.22, "epsEstimated": null, "time": "bmo", "revenue": null, "revenueEstimated": null, "fiscalDateEnding": "2022-12-31", "updatedFromDate": "2023-08-16"}, {"date": "2022-07-11", "symbol": "SNT.WA", "eps": 0.04071, "epsEstimated": null, "time": "bmo", "revenue": 35764520, "revenueEstimated": null, "fiscalDateEnding": "2022-06-30", "updatedFromDate": "2023-10-16"}, {"date": "2022-07-11", "symbol": "7516.T", "eps": 158.73, "epsEstimated": null, "time": "bmo", "revenue": 108221000000, "revenueEstimated": null, "fiscalDateEnding": "2022-04-11", "updatedFromDate": "2023-10-17"}, {"date": "2022-07-11", "symbol": "IZMIF", "eps": 74.08, "epsEstimated": null, "time": "bmo", "revenue": null, "revenueEstimated": null, "fiscalDateEnding": "2022-06-30", "updatedFromDate": "2023-05-17"}, {"date": "2022-07-11", "symbol": "1303.TW", "eps": 1.81, "epsEstimated": 1.88, "time": "bmo", "revenue": 94732119000, "revenueEstimated": null, "fiscalDateEnding": "2022-06-30", "updatedFromDate": "2023-05-17"}, {"date": "2022-07-11", "symbol": "2462.T", "eps": 90.87, "epsEstimated": null, "time": "bmo", "revenue": 14476827000, "revenueEstimated": null, "fiscalDateEnding": "2022-04-11", "updatedFromDate": "2023-10-17"}, {"date": "2022-07-11", "symbol": "AVTBF", "eps": -0.01597, "epsEstimated": null, "time": "amc", "revenue": 4074000, "revenueEstimated": null, "fiscalDateEnding": "2022-05-31", "updatedFromDate": "2023-05-17"}, {"date": "2022-07-11", "symbol": "LPF.BK", "eps": 0.1671, "epsEstimated": null, "time": "bmo", "revenue": 703664096, "revenueEstimated": null, "fiscalDateEnding": "2022-04-11", "updatedFromDate": "2023-10-16"}, {"date": "2022-07-11", "symbol": "NOTE.ST", "eps": 2.04, "epsEstimated": null, "time": "bmo", "revenue": 898000000, "revenueEstimated": null, "fiscalDateEnding": "2022-06-30", "updatedFromDate": "2023-05-17"}, {"date": "2022-07-11", "symbol": "PCYO", "eps": 0.03, "epsEstimated": null, "time": "amc", "revenue": 3187000, "revenueEstimated": null, "fiscalDateEnding": "2022-05-30", "updatedFromDate": "2023-09-29"}, {"date": "2022-07-11", "symbol": "CSVI", "eps": 0.54, "epsEstimated": null, "time": "bmo", "revenue": 81047000, "revenueEstimated": null, "fiscalDateEnding": "2022-05-30", "updatedFromDate": "2023-09-29"}, {"date": "2022-07-11", "symbol": "1301.TW", "eps": 3.33, "epsEstimated": 2.37, "time": "bmo", "revenue": 73924373000, "revenueEstimated": null, "fiscalDateEnding": "2022-06-30", "updatedFromDate": "2023-05-17"}, {"date": "2022-07-11", "symbol": "GATO", "eps": -0.05948, "epsEstimated": 0.15, "time": "bmo", "revenue": 57196000, "revenueEstimated": null, "fiscalDateEnding": "2022-06-29", "updatedFromDate": "2023-09-29"}, {"date": "2022-07-11", "symbol": "6289.T", "eps": 11.16, "epsEstimated": 28.3, "time": "bmo", "revenue": 6550000000, "revenueEstimated": null, "fiscalDateEnding": "2022-05-31", "updatedFromDate": "2023-08-16"}, {"date": "2022-07-11", "symbol": "601139.SS", "eps": 0.11, "epsEstimated": null, "time": "bmo", "revenue": 8013166581.33, "revenueEstimated": null, "fiscalDateEnding": "2022-06-30", "updatedFromDate": "2023-08-16"}, {"date": "2022-07-11", "symbol": "6323.T", "eps": 296.62, "epsEstimated": 243.9, "time": "bmo", "revenue": 23136000000, "revenueEstimated": null, "fiscalDateEnding": "2022-04-11", "updatedFromDate": "2023-10-16"}, {"date": "2022-07-11", "symbol": "3168.T", "eps": 31.19, "epsEstimated": null, "time": "bmo", "revenue": 25157595000, "revenueEstimated": null, "fiscalDateEnding": "2022-05-31", "updatedFromDate": "2023-05-17"}, {"date": "2022-07-11", "symbol": "ACC.OL", "eps": -0.08, "epsEstimated": -0.09, "time": "bmo", "revenue": 193641000, "revenueEstimated": null, "fiscalDateEnding": "2022-06-30", "updatedFromDate": "2023-08-16"}, {"date": "2022-07-11", "symbol": "3148.T", "eps": 53.28, "epsEstimated": null, "time": "bmo", "revenue": 94973000000, "revenueEstimated": null, "fiscalDateEnding": "2022-04-11", "updatedFromDate": "2023-10-17"}, {"date": "2022-07-11", "symbol": "GATO.TO", "eps": -0.00797, "epsEstimated": 0.15, "time": "bmo", "revenue": null, "revenueEstimated": null, "fiscalDateEnding": "2022-06-30", "updatedFromDate": "2023-08-17"}, {"date": "2022-07-11", "symbol": "HGYMF", "eps": 53.76, "epsEstimated": null, "time": "bmo", "revenue": null, "revenueEstimated": null, "fiscalDateEnding": "2022-06-30", "updatedFromDate": "2023-05-17"}, {"date": "2022-07-11", "symbol": "GBX", "eps": 0.09, "epsEstimated": 0.59, "time": "bmo", "revenue": 793500000, "revenueEstimated": 740670000, "fiscalDateEnding": "2022-05-30", "updatedFromDate": "2023-09-29"}, {"date": "2022-07-11", "symbol": "IACYF", "eps": 25.59, "epsEstimated": 19.5, "time": "bmo", "revenue": null, "revenueEstimated": null, "fiscalDateEnding": "2022-09-30", "updatedFromDate": "2023-05-17"}]}