{"result": [{"date": "2023-01-05", "symbol": "PKE", "eps": 0.12, "epsEstimated": null, "time": "bmo", "revenue": 13867000, "revenueEstimated": null, "fiscalDateEnding": "2022-11-26", "updatedFromDate": "2023-09-29"}, {"date": "2023-01-05", "symbol": "FC", "eps": 0.32, "epsEstimated": 0.28, "time": "amc", "revenue": 69369000, "revenueEstimated": 62400000, "fiscalDateEnding": "2022-11-29", "updatedFromDate": "2023-09-29"}, {"date": "2023-01-05", "symbol": "BMRPF", "eps": null, "epsEstimated": null, "time": "bmo", "revenue": null, "revenueEstimated": null, "fiscalDateEnding": "2023-06-30", "updatedFromDate": "2023-10-17"}, {"date": "2023-01-05", "symbol": "DCT", "eps": 0.02, "epsEstimated": 0.00167, "time": "bmo", "revenue": 80586000, "revenueEstimated": 80830000, "fiscalDateEnding": "2022-11-29", "updatedFromDate": "2023-05-17"}, {"date": "2023-01-05", "symbol": "AEHR", "eps": 0.16, "epsEstimated": 0.09, "time": "amc", "revenue": 14815000, "revenueEstimated": 16040000, "fiscalDateEnding": "2022-11-29", "updatedFromDate": "2023-09-29"}, {"date": "2023-01-05", "symbol": "RYKKY", "eps": 14.73, "epsEstimated": null, "time": "bmo", "revenue": 136948000000, "revenueEstimated": null, "fiscalDateEnding": "2022-11-30", "updatedFromDate": "2023-05-17"}, {"date": "2023-01-05", "symbol": "NEOG", "eps": 0.15, "epsEstimated": -0.08, "time": "bmo", "revenue": 230033000, "revenueEstimated": 230520000, "fiscalDateEnding": "2022-11-29", "updatedFromDate": "2023-09-29"}, {"date": "2023-01-05", "symbol": "STZ", "eps": 2.83, "epsEstimated": 2.89, "time": "bmo", "revenue": 2436500000, "revenueEstimated": 2018520000, "fiscalDateEnding": "2022-11-29", "updatedFromDate": "2023-09-29"}, {"date": "2023-01-05", "symbol": "CCF", "eps": 1, "epsEstimated": null, "time": "bmo", "revenue": 102893000, "revenueEstimated": null, "fiscalDateEnding": "2022-11-29", "updatedFromDate": "2023-09-29"}, {"date": "2023-01-05", "symbol": "SCHN", "eps": 0.44, "epsEstimated": 0.45, "time": "bmo", "revenue": 598730000, "revenueEstimated": 687200000, "fiscalDateEnding": "2022-11-29", "updatedFromDate": "2023-09-29"}, {"date": "2023-01-05", "symbol": "RYKKF", "eps": 14.77, "epsEstimated": 24.28, "time": "bmo", "revenue": null, "revenueEstimated": null, "fiscalDateEnding": "2023-03-31", "updatedFromDate": "2023-05-17"}, {"date": "2023-01-05", "symbol": "CAG", "eps": 0.81, "epsEstimated": 0.66, "time": "bmo", "revenue": 3312900000, "revenueEstimated": 3109080000, "fiscalDateEnding": "2022-11-26", "updatedFromDate": "2023-10-17"}, {"date": "2023-01-05", "symbol": "LNN", "eps": 1.65, "epsEstimated": 1.18, "time": "bmo", "revenue": 176159000, "revenueEstimated": 192650000, "fiscalDateEnding": "2022-11-29", "updatedFromDate": "2023-09-29"}, {"date": "2023-01-05", "symbol": "ALPP", "eps": -0.02962, "epsEstimated": null, "time": "bmo", "revenue": 26213307, "revenueEstimated": 27800000, "fiscalDateEnding": "2022-12-30", "updatedFromDate": "2023-09-29"}, {"date": "2023-01-05", "symbol": "3186.T", "eps": 44.7, "epsEstimated": null, "time": "bmo", "revenue": 128787000000, "revenueEstimated": null, "fiscalDateEnding": "2022-11-30", "updatedFromDate": "2023-08-16"}, {"date": "2023-01-05", "symbol": "MF", "eps": null, "epsEstimated": null, "time": "amc", "revenue": null, "revenueEstimated": 1645200000, "fiscalDateEnding": "2022-10-05", "updatedFromDate": "2023-09-29"}, {"date": "2023-01-05", "symbol": "EDUC", "eps": 0.00011, "epsEstimated": null, "time": "amc", "revenue": 30269400, "revenueEstimated": 46000000, "fiscalDateEnding": "2022-11-29", "updatedFromDate": "2023-09-29"}, {"date": "2023-01-05", "symbol": "SMPL", "eps": 0.42, "epsEstimated": 0.4, "time": "bmo", "revenue": 300878000, "revenueEstimated": 293850000, "fiscalDateEnding": "2022-11-25", "updatedFromDate": "2023-09-29"}, {"date": "2023-01-05", "symbol": "RPM", "eps": 1.1, "epsEstimated": 1.1, "time": "bmo", "revenue": 1791708000, "revenueEstimated": 1472440000, "fiscalDateEnding": "2022-11-29", "updatedFromDate": "2023-09-29"}, {"date": "2023-01-05", "symbol": "LBY.AX", "eps": null, "epsEstimated": null, "time": "bmo", "revenue": null, "revenueEstimated": null, "fiscalDateEnding": "2023-06-30", "updatedFromDate": "2023-05-17"}, {"date": "2023-01-05", "symbol": "WBA", "eps": 1.16, "epsEstimated": 1.15, "time": "bmo", "revenue": 33382000000, "revenueEstimated": 33319300000, "fiscalDateEnding": "2022-11-29", "updatedFromDate": "2023-09-29"}, {"date": "2023-01-05", "symbol": "HELE", "eps": 2.75, "epsEstimated": 2.61, "time": "bmo", "revenue": 558606000, "revenueEstimated": 533610000, "fiscalDateEnding": "2022-11-29", "updatedFromDate": "2023-09-29"}, {"date": "2023-01-05", "symbol": "600048.SS", "eps": 0.44, "epsEstimated": 1.11, "time": "bmo", "revenue": null, "revenueEstimated": null, "fiscalDateEnding": "2022-12-30", "updatedFromDate": "2023-05-17"}, {"date": "2023-01-05", "symbol": "KRUS", "eps": -0.21, "epsEstimated": -0.16, "time": "amc", "revenue": 39318000, "revenueEstimated": 41890000, "fiscalDateEnding": "2022-11-29", "updatedFromDate": "2023-09-29"}, {"date": "2023-01-05", "symbol": "ANGO", "eps": 0.01, "epsEstimated": 0.00333, "time": "bmo", "revenue": 85429000, "revenueEstimated": 83190000, "fiscalDateEnding": "2022-11-29", "updatedFromDate": "2023-09-29"}, {"date": "2023-01-05", "symbol": "0LSZ.L", "eps": null, "epsEstimated": null, "time": "bmo", "revenue": null, "revenueEstimated": null, "fiscalDateEnding": "2023-03-31", "updatedFromDate": "2023-05-17"}, {"date": "2023-01-05", "symbol": "CIG", "eps": 0.639, "epsEstimated": null, "time": "bmo", "revenue": 9753000000, "revenueEstimated": 203590000, "fiscalDateEnding": "2022-12-31", "updatedFromDate": "2023-09-29"}, {"date": "2023-01-05", "symbol": "W8A.DE", "eps": -4.42682, "epsEstimated": null, "time": "bmo", "revenue": 33382000000, "revenueEstimated": null, "fiscalDateEnding": "2022-11-30", "updatedFromDate": "2023-10-16"}, {"date": "2023-01-05", "symbol": "KZIA", "eps": null, "epsEstimated": null, "time": "bmo", "revenue": null, "revenueEstimated": null, "fiscalDateEnding": "2022-12-29", "updatedFromDate": "2023-05-17"}, {"date": "2023-01-05", "symbol": "MSM", "eps": 1.48, "epsEstimated": 1.46, "time": "bmo", "revenue": 957745000, "revenueEstimated": 934070000, "fiscalDateEnding": "2022-12-02", "updatedFromDate": "2023-09-29"}, {"date": "2023-01-06", "symbol": "NOVV", "eps": 0.04261, "epsEstimated": null, "time": "bmo", "revenue": 638020, "revenueEstimated": null, "fiscalDateEnding": "2022-12-30", "updatedFromDate": "2023-09-29"}, {"date": "2023-01-06", "symbol": "GBX", "eps": 0.05, "epsEstimated": 0.47, "time": "bmo", "revenue": 766500000, "revenueEstimated": 778270000, "fiscalDateEnding": "2022-11-29", "updatedFromDate": "2023-09-29"}, {"date": "2023-01-06", "symbol": "9414.T", "eps": 23.52, "epsEstimated": null, "time": "bmo", "revenue": 3039850000, "revenueEstimated": null, "fiscalDateEnding": "2022-11-30", "updatedFromDate": "2023-05-17"}, {"date": "2023-01-06", "symbol": "CEI", "eps": -3.69341, "epsEstimated": null, "time": "bmo", "revenue": 130689, "revenueEstimated": null, "fiscalDateEnding": "2022-12-30", "updatedFromDate": "2023-09-29"}, {"date": "2023-01-06", "symbol": "TRP.L", "eps": null, "epsEstimated": null, "time": "bmo", "revenue": null, "revenueEstimated": null, "fiscalDateEnding": "2022-10-06", "updatedFromDate": "2023-10-16"}, {"date": "2023-01-06", "symbol": "DATS", "eps": -0.17232, "epsEstimated": null, "time": "bmo", "revenue": 3918, "revenueEstimated": null, "fiscalDateEnding": "2022-12-30", "updatedFromDate": "2023-09-29"}, {"date": "2023-01-06", "symbol": "FLES", "eps": -2.29, "epsEstimated": null, "time": "amc", "revenue": 1017986, "revenueEstimated": 1589000, "fiscalDateEnding": "2022-10-30", "updatedFromDate": "2023-09-29"}, {"date": "2023-01-06", "symbol": "FEI", "eps": null, "epsEstimated": null, "time": "bmo", "revenue": null, "revenueEstimated": null, "fiscalDateEnding": "2022-10-06", "updatedFromDate": "2023-10-09"}, {"date": "2023-01-06", "symbol": "7453.T", "eps": 14.77, "epsEstimated": 24.28, "time": "bmo", "revenue": 136948000000, "revenueEstimated": null, "fiscalDateEnding": "2022-11-30", "updatedFromDate": "2023-10-16"}, {"date": "2023-01-06", "symbol": "FPF", "eps": null, "epsEstimated": null, "time": "amc", "revenue": null, "revenueEstimated": null, "fiscalDateEnding": "2022-10-06", "updatedFromDate": "2023-10-09"}, {"date": "2023-01-06", "symbol": "HURC", "eps": 0.22, "epsEstimated": null, "time": "bmo", "revenue": 63462000, "revenueEstimated": null, "fiscalDateEnding": "2022-10-30", "updatedFromDate": "2023-09-29"}, {"date": "2023-01-06", "symbol": "DNP", "eps": null, "epsEstimated": null, "time": "bmo", "revenue": null, "revenueEstimated": null, "fiscalDateEnding": "2022-10-06", "updatedFromDate": "2023-05-17"}, {"date": "2023-01-07", "symbol": "KLGDF", "eps": null, "epsEstimated": null, "time": "bmo", "revenue": null, "revenueEstimated": null, "fiscalDateEnding": "2023-03-31", "updatedFromDate": "2023-05-17"}, {"date": "2023-01-07", "symbol": "KALO.V", "eps": null, "epsEstimated": null, "time": "bmo", "revenue": null, "revenueEstimated": null, "fiscalDateEnding": "2023-03-31", "updatedFromDate": "2023-05-17"}, {"date": "2023-01-07", "symbol": "NPKYF", "eps": 23.57, "epsEstimated": null, "time": "bmo", "revenue": null, "revenueEstimated": null, "fiscalDateEnding": "2023-06-30", "updatedFromDate": "2023-05-17"}]}