{"result": [{"date": "2023-08-03", "symbol": "CTAGF", "eps": null, "epsEstimated": null, "time": "bmo", "revenue": null, "revenueEstimated": null, "fiscalDateEnding": "2023-06-30", "updatedFromDate": "2023-11-02"}, {"date": "2023-08-03", "symbol": "BKUCF", "eps": -0.00492, "epsEstimated": null, "time": "bmo", "revenue": null, "revenueEstimated": null, "fiscalDateEnding": "2023-06-30", "updatedFromDate": "2023-11-02"}, {"date": "2023-08-03", "symbol": "4190.SR", "eps": 0.13, "epsEstimated": 0.16, "time": "bmo", "revenue": 2435733000, "revenueEstimated": 2199200000, "fiscalDateEnding": "2023-06-30", "updatedFromDate": "2023-11-03"}, {"date": "2023-08-03", "symbol": "OLP", "eps": 0.3, "epsEstimated": 0.34, "time": "bmo", "revenue": 22407000, "revenueEstimated": 23010000, "fiscalDateEnding": "2023-06-29", "updatedFromDate": "2023-11-02"}, {"date": "2023-08-03", "symbol": "NWN", "eps": 0.03, "epsEstimated": 0.00825, "time": "bmo", "revenue": 237859000, "revenueEstimated": 205480000, "fiscalDateEnding": "2023-06-29", "updatedFromDate": "2023-11-02"}, {"date": "2023-08-03", "symbol": "2814.T", "eps": null, "epsEstimated": null, "time": "bmo", "revenue": null, "revenueEstimated": null, "fiscalDateEnding": "2023-06-30", "updatedFromDate": "2023-11-03"}, {"date": "2023-08-03", "symbol": "INAF.JK", "eps": -18.89141, "epsEstimated": null, "time": "bmo", "revenue": 194169632711, "revenueEstimated": null, "fiscalDateEnding": "2023-06-30", "updatedFromDate": "2023-11-03"}, {"date": "2023-08-03", "symbol": "STEP", "eps": 0.26, "epsEstimated": 0.28, "time": "amc", "revenue": 178011000, "revenueEstimated": 150870000, "fiscalDateEnding": "2023-06-29", "updatedFromDate": "2023-11-02"}, {"date": "2023-08-03", "symbol": "2X0.DE", "eps": 1, "epsEstimated": null, "time": "bmo", "revenue": 6045000000, "revenueEstimated": null, "fiscalDateEnding": "2023-06-30", "updatedFromDate": "2023-11-03"}, {"date": "2023-08-03", "symbol": "8123.HK", "eps": -0.0008, "epsEstimated": null, "time": "bmo", "revenue": 26705000, "revenueEstimated": null, "fiscalDateEnding": "2023-06-30", "updatedFromDate": "2023-11-03"}, {"date": "2023-08-03", "symbol": "600519.SS", "eps": 12.09, "epsEstimated": 11.82, "time": "bmo", "revenue": 31607904287.63, "revenueEstimated": 35540800000, "fiscalDateEnding": "2023-06-30", "updatedFromDate": "2023-11-03"}, {"date": "2023-08-03", "symbol": "OFS", "eps": 0.38, "epsEstimated": 0.35, "time": "amc", "revenue": -735000, "revenueEstimated": 14200000, "fiscalDateEnding": "2023-06-29", "updatedFromDate": "2023-11-02"}, {"date": "2023-08-03", "symbol": "XNCR", "eps": -0.37, "epsEstimated": -0.91, "time": "amc", "revenue": 45523000, "revenueEstimated": 28990000, "fiscalDateEnding": "2023-06-29", "updatedFromDate": "2023-11-02"}, {"date": "2023-08-03", "symbol": "JWEL.TO", "eps": 0.32, "epsEstimated": 0.33, "time": "bmo", "revenue": 167577000, "revenueEstimated": 169550000, "fiscalDateEnding": "2023-06-30", "updatedFromDate": "2023-11-03"}, {"date": "2023-08-03", "symbol": "DEN", "eps": 1.06, "epsEstimated": 1.25, "time": "amc", "revenue": 328093000, "revenueEstimated": null, "fiscalDateEnding": "2023-06-29", "updatedFromDate": "2023-11-02"}, {"date": "2023-08-03", "symbol": "GLPG", "eps": 0.08, "epsEstimated": -0.7, "time": "bmo", "revenue": 149953000, "revenueEstimated": null, "fiscalDateEnding": "2023-06-30", "updatedFromDate": "2023-11-02"}, {"date": "2023-08-03", "symbol": "KOMB.PR", "eps": 23.96, "epsEstimated": 19.69, "time": "bmo", "revenue": 9136000000, "revenueEstimated": 9130200000, "fiscalDateEnding": "2023-06-30", "updatedFromDate": "2023-11-03"}, {"date": "2023-08-03", "symbol": "OPC.DE", "eps": 0.897, "epsEstimated": null, "time": "bmo", "revenue": 6702000000, "revenueEstimated": null, "fiscalDateEnding": "2023-06-30", "updatedFromDate": "2023-11-03"}, {"date": "2023-08-03", "symbol": "8046.TW", "eps": 2.43, "epsEstimated": 2.2, "time": "bmo", "revenue": 10133643000, "revenueEstimated": 11547400000, "fiscalDateEnding": "2023-06-30", "updatedFromDate": "2023-11-03"}, {"date": "2023-08-03", "symbol": "WERN", "eps": 0.52, "epsEstimated": 0.59, "time": "amc", "revenue": 811096000, "revenueEstimated": 817850000, "fiscalDateEnding": "2023-06-29", "updatedFromDate": "2023-11-02"}, {"date": "2023-08-03", "symbol": "VXRT", "eps": -0.16, "epsEstimated": -0.19, "time": "amc", "revenue": 1358000, "revenueEstimated": 80000, "fiscalDateEnding": "2023-06-29", "updatedFromDate": "2023-11-02"}, {"date": "2023-08-03", "symbol": "PACK", "eps": -0.03, "epsEstimated": -0.09, "time": "bmo", "revenue": 81900000, "revenueEstimated": 83500000, "fiscalDateEnding": "2023-06-29", "updatedFromDate": "2023-11-02"}, {"date": "2023-08-03", "symbol": "BSK.V", "eps": -0.00492, "epsEstimated": null, "time": "bmo", "revenue": null, "revenueEstimated": null, "fiscalDateEnding": "2023-06-30", "updatedFromDate": "2023-11-03"}, {"date": "2023-08-03", "symbol": "LPEN.TO", "eps": -0.24, "epsEstimated": -0.19, "time": "bmo", "revenue": 334000, "revenueEstimated": null, "fiscalDateEnding": "2023-06-30", "updatedFromDate": "2023-11-03"}, {"date": "2023-08-03", "symbol": "001430.KS", "eps": 1346, "epsEstimated": 1321, "time": "bmo", "revenue": 1107904546000, "revenueEstimated": 1176190000, "fiscalDateEnding": "2023-06-30", "updatedFromDate": "2023-11-03"}, {"date": "2023-08-03", "symbol": "GPRO", "eps": -0.07, "epsEstimated": -0.07, "time": "amc", "revenue": 241020000, "revenueEstimated": 221610000, "fiscalDateEnding": "2023-06-29", "updatedFromDate": "2023-11-02"}, {"date": "2023-08-03", "symbol": "PRQR", "eps": -0.11, "epsEstimated": -0.12, "time": "bmo", "revenue": 1205000, "revenueEstimated": 1710000, "fiscalDateEnding": "2023-06-30", "updatedFromDate": "2023-11-02"}, {"date": "2023-08-03", "symbol": "ACIW", "eps": 0.15, "epsEstimated": -0.14, "time": "bmo", "revenue": 323325000, "revenueEstimated": 305950000, "fiscalDateEnding": "2023-06-29", "updatedFromDate": "2023-11-02"}, {"date": "2023-08-03", "symbol": "MOB.ST", "eps": -0.3723, "epsEstimated": null, "time": "bmo", "revenue": null, "revenueEstimated": null, "fiscalDateEnding": "2023-06-30", "updatedFromDate": "2023-11-03"}, {"date": "2023-08-03", "symbol": "DXCO3.SA", "eps": 0.19, "epsEstimated": 0.00905, "time": "bmo", "revenue": 1953755000, "revenueEstimated": 1999300000, "fiscalDateEnding": "2023-06-30", "updatedFromDate": "2023-11-03"}, {"date": "2023-08-03", "symbol": "5805.T", "eps": 39.47, "epsEstimated": null, "time": "bmo", "revenue": null, "revenueEstimated": 48930000, "fiscalDateEnding": "2023-12-30", "updatedFromDate": "2023-11-03"}, {"date": "2023-08-03", "symbol": "PRDO", "eps": 0.61, "epsEstimated": 0.52, "time": "amc", "revenue": 186564000, "revenueEstimated": 179420000, "fiscalDateEnding": "2023-06-29", "updatedFromDate": "2023-11-02"}, {"date": "2023-08-03", "symbol": "PATI", "eps": 0.33, "epsEstimated": null, "time": "bmo", "revenue": 24253000, "revenueEstimated": 30000000, "fiscalDateEnding": "2023-06-29", "updatedFromDate": "2023-11-02"}, {"date": "2023-08-03", "symbol": "GIS.DE", "eps": 0.831, "epsEstimated": null, "time": "bmo", "revenue": 6599000000, "revenueEstimated": null, "fiscalDateEnding": "2023-06-30", "updatedFromDate": "2023-11-03"}, {"date": "2023-08-03", "symbol": "DGII", "eps": 0.5, "epsEstimated": 0.47, "time": "bmo", "revenue": 112236000, "revenueEstimated": 110700000, "fiscalDateEnding": "2023-06-29", "updatedFromDate": "2023-11-02"}, {"date": "2023-08-03", "symbol": "8501.HK", "eps": null, "epsEstimated": null, "time": "bmo", "revenue": null, "revenueEstimated": null, "fiscalDateEnding": "2023-12-30", "updatedFromDate": "2023-11-03"}, {"date": "2023-08-03", "symbol": "MSI", "eps": 2.65, "epsEstimated": 2.51, "time": "amc", "revenue": 2403000000, "revenueEstimated": 2357000000, "fiscalDateEnding": "2023-06-30", "updatedFromDate": "2023-11-02"}, {"date": "2023-08-03", "symbol": "ONCR", "eps": -0.74, "epsEstimated": -0.61, "time": "bmo", "revenue": null, "revenueEstimated": null, "fiscalDateEnding": "2023-06-30", "updatedFromDate": "2023-11-02"}, {"date": "2023-08-03", "symbol": "MFT.MI", "eps": null, "epsEstimated": null, "time": "bmo", "revenue": null, "revenueEstimated": null, "fiscalDateEnding": "2023-06-30", "updatedFromDate": "2023-11-03"}, {"date": "2023-08-03", "symbol": "1QZ.DE", "eps": -0.41512, "epsEstimated": null, "time": "bmo", "revenue": 707911000, "revenueEstimated": null, "fiscalDateEnding": "2023-06-30", "updatedFromDate": "2023-11-03"}, {"date": "2023-08-03", "symbol": "SUP", "eps": 0.04, "epsEstimated": -0.08, "time": "bmo", "revenue": 372603000, "revenueEstimated": 392000000, "fiscalDateEnding": "2023-06-29", "updatedFromDate": "2023-11-02"}, {"date": "2023-08-03", "symbol": "FENC", "eps": -0.21, "epsEstimated": -0.18, "time": "bmo", "revenue": 3325000, "revenueEstimated": 6330000, "fiscalDateEnding": "2023-06-29", "updatedFromDate": "2023-11-02"}, {"date": "2023-08-03", "symbol": "2486.TW", "eps": 0.39, "epsEstimated": null, "time": "bmo", "revenue": 1208916000, "revenueEstimated": null, "fiscalDateEnding": "2023-06-30", "updatedFromDate": "2023-11-03"}, {"date": "2023-08-03", "symbol": "003410.KS", "eps": 42, "epsEstimated": 58, "time": "bmo", "revenue": 555671622000, "revenueEstimated": 555000000, "fiscalDateEnding": "2023-06-30", "updatedFromDate": "2023-11-03"}, {"date": "2023-08-03", "symbol": "LCUT", "eps": -0.02, "epsEstimated": -0.22, "time": "bmo", "revenue": 146436000, "revenueEstimated": 136270000, "fiscalDateEnding": "2023-06-29", "updatedFromDate": "2023-11-02"}, {"date": "2023-08-03", "symbol": "1451.TW", "eps": -0.13, "epsEstimated": null, "time": "bmo", "revenue": 1750256000, "revenueEstimated": null, "fiscalDateEnding": "2023-06-30", "updatedFromDate": "2023-11-03"}, {"date": "2023-08-03", "symbol": "SESG.PA", "eps": 0.07, "epsEstimated": 0.07, "time": "bmo", "revenue": 497000000, "revenueEstimated": 482000000, "fiscalDateEnding": "2023-06-30", "updatedFromDate": "2023-11-03"}, {"date": "2023-08-03", "symbol": "7994.T", "eps": null, "epsEstimated": null, "time": "bmo", "revenue": null, "revenueEstimated": 67300000, "fiscalDateEnding": "2023-12-30", "updatedFromDate": "2023-11-03"}, {"date": "2023-08-03", "symbol": "APPN", "eps": -0.39, "epsEstimated": -0.42, "time": "amc", "revenue": 127715000, "revenueEstimated": 124290000, "fiscalDateEnding": "2023-06-29", "updatedFromDate": "2023-11-02"}, {"date": "2023-08-03", "symbol": "VEL", "eps": 0.38, "epsEstimated": 0.33, "time": "amc", "revenue": 35077000, "revenueEstimated": 35700000, "fiscalDateEnding": "2023-06-29", "updatedFromDate": "2023-11-02"}, {"date": "2023-08-03", "symbol": "6205.TW", "eps": 0.22, "epsEstimated": null, "time": "bmo", "revenue": 282218000, "revenueEstimated": null, "fiscalDateEnding": "2023-06-30", "updatedFromDate": "2023-11-03"}, {"date": "2023-08-03", "symbol": "2010.SR", "eps": 0.39, "epsEstimated": 0.29, "time": "bmo", "revenue": 37166811000, "revenueEstimated": 38128200000, "fiscalDateEnding": "2023-06-30", "updatedFromDate": "2023-11-03"}, {"date": "2023-08-03", "symbol": "1302.SR", "eps": 0.4173, "epsEstimated": null, "time": "bmo", "revenue": 768076000, "revenueEstimated": null, "fiscalDateEnding": "2023-06-30", "updatedFromDate": "2023-11-03"}, {"date": "2023-08-03", "symbol": "NTRA", "eps": -0.97, "epsEstimated": -1.09, "time": "amc", "revenue": 261404000, "revenueEstimated": 255750000, "fiscalDateEnding": "2023-06-29", "updatedFromDate": "2023-11-02"}, {"date": "2023-08-03", "symbol": "GTIM", "eps": 0.07, "epsEstimated": null, "time": "amc", "revenue": 35620000, "revenueEstimated": null, "fiscalDateEnding": "2023-06-26", "updatedFromDate": "2023-11-02"}, {"date": "2023-08-03", "symbol": "CSWI", "eps": 1.97, "epsEstimated": 1.93, "time": "bmo", "revenue": 203360000, "revenueEstimated": 208400000, "fiscalDateEnding": "2023-06-29", "updatedFromDate": "2023-11-02"}, {"date": "2023-08-03", "symbol": "WLFC", "eps": 2.02, "epsEstimated": null, "time": "bmo", "revenue": 108996000, "revenueEstimated": null, "fiscalDateEnding": "2023-06-29", "updatedFromDate": "2023-11-02"}, {"date": "2023-08-03", "symbol": "1582.TW", "eps": 1.21, "epsEstimated": null, "time": "bmo", "revenue": 2162391000, "revenueEstimated": null, "fiscalDateEnding": "2023-06-30", "updatedFromDate": "2023-11-03"}, {"date": "2023-08-03", "symbol": "LAMR", "eps": 1.28, "epsEstimated": 1.4, "time": "bmo", "revenue": 541137000, "revenueEstimated": 535000000, "fiscalDateEnding": "2023-06-29", "updatedFromDate": "2023-11-02"}, {"date": "2023-08-03", "symbol": "SAB.MI", "eps": null, "epsEstimated": null, "time": "bmo", "revenue": null, "revenueEstimated": null, "fiscalDateEnding": "2023-06-30", "updatedFromDate": "2023-11-03"}, {"date": "2023-08-03", "symbol": "OUT1V.HE", "eps": 0.19, "epsEstimated": 0.25, "time": "bmo", "revenue": 1911000000, "revenueEstimated": 1715670000, "fiscalDateEnding": "2023-06-30", "updatedFromDate": "2023-11-03"}, {"date": "2023-08-03", "symbol": "RLJ", "eps": 0.22, "epsEstimated": 0.2, "time": "amc", "revenue": 356960000, "revenueEstimated": 355620000, "fiscalDateEnding": "2023-06-29", "updatedFromDate": "2023-11-02"}, {"date": "2023-08-03", "symbol": "MP", "eps": 0.09, "epsEstimated": 0.07, "time": "amc", "revenue": 64024000, "revenueEstimated": 60990000, "fiscalDateEnding": "2023-06-29", "updatedFromDate": "2023-11-02"}, {"date": "2023-08-03", "symbol": "ITCI", "eps": -0.45, "epsEstimated": -0.62, "time": "bmo", "revenue": 110128000, "revenueEstimated": 106650000, "fiscalDateEnding": "2023-06-29", "updatedFromDate": "2023-11-02"}, {"date": "2023-08-03", "symbol": "688303.SS", "eps": 0.709, "epsEstimated": null, "time": "bmo", "revenue": 4468344822.48, "revenueEstimated": null, "fiscalDateEnding": "2023-06-30", "updatedFromDate": "2023-11-03"}, {"date": "2023-08-03", "symbol": "POWI", "eps": 0.36, "epsEstimated": 0.34, "time": "amc", "revenue": 123223000, "revenueEstimated": 122400000, "fiscalDateEnding": "2023-06-29", "updatedFromDate": "2023-11-02"}, {"date": "2023-08-03", "symbol": "DKNG", "eps": -0.17, "epsEstimated": -0.24, "time": "amc", "revenue": 874927000, "revenueEstimated": null, "fiscalDateEnding": "2023-06-29", "updatedFromDate": "2023-11-02"}, {"date": "2023-08-03", "symbol": "CLTN.SW", "eps": null, "epsEstimated": null, "time": "bmo", "revenue": null, "revenueEstimated": null, "fiscalDateEnding": "2023-06-30", "updatedFromDate": "2023-11-03"}, {"date": "2023-08-03", "symbol": "RARE", "eps": -2.25, "epsEstimated": -2.11, "time": "amc", "revenue": 108309000, "revenueEstimated": 104800000, "fiscalDateEnding": "2023-06-29", "updatedFromDate": "2023-11-02"}, {"date": "2023-08-03", "symbol": "BBD-B.TO", "eps": 0.72, "epsEstimated": 0.28, "time": "bmo", "revenue": 1675000000, "revenueEstimated": 2222570000, "fiscalDateEnding": "2023-06-30", "updatedFromDate": "2023-11-03"}, {"date": "2023-08-03", "symbol": "IRM", "eps": 0.4, "epsEstimated": 0.93, "time": "bmo", "revenue": 1357936000, "revenueEstimated": 1354250000, "fiscalDateEnding": "2023-06-29", "updatedFromDate": "2023-11-02"}, {"date": "2023-08-03", "symbol": "3019.TW", "eps": 1.05, "epsEstimated": null, "time": "bmo", "revenue": 4451394000, "revenueEstimated": 5099720000, "fiscalDateEnding": "2023-06-30", "updatedFromDate": "2023-11-03"}, {"date": "2023-08-03", "symbol": "UPBD", "eps": 1.11, "epsEstimated": 0.72, "time": "bmo", "revenue": 979163000, "revenueEstimated": 973890000, "fiscalDateEnding": "2023-06-30", "updatedFromDate": "2023-11-02"}, {"date": "2023-08-03", "symbol": "4687.T", "eps": 22.16, "epsEstimated": null, "time": "bmo", "revenue": null, "revenueEstimated": 9500000, "fiscalDateEnding": "2023-12-30", "updatedFromDate": "2023-11-03"}, {"date": "2023-08-03", "symbol": "MLAB", "eps": 1.77, "epsEstimated": 1.67, "time": "bmo", "revenue": 50645000, "revenueEstimated": 51850000, "fiscalDateEnding": "2023-06-29", "updatedFromDate": "2023-11-02"}, {"date": "2023-08-03", "symbol": "DFH", "eps": 0.65, "epsEstimated": 0.34, "time": "bmo", "revenue": 945339000, "revenueEstimated": 666680000, "fiscalDateEnding": "2023-06-29", "updatedFromDate": "2023-11-02"}, {"date": "2023-08-03", "symbol": "BIGC", "eps": -0.02, "epsEstimated": -0.09, "time": "amc", "revenue": 75443000, "revenueEstimated": 73350000, "fiscalDateEnding": "2023-06-29", "updatedFromDate": "2023-11-02"}, {"date": "2023-08-03", "symbol": "NDA.V", "eps": 0.00069, "epsEstimated": null, "time": "bmo", "revenue": 677863, "revenueEstimated": null, "fiscalDateEnding": "2023-05-31", "updatedFromDate": "2023-11-03"}, {"date": "2023-08-03", "symbol": "CLVT", "eps": 0.21, "epsEstimated": 0.19, "time": "bmo", "revenue": 629100000, "revenueEstimated": 673970000, "fiscalDateEnding": "2023-03-30", "updatedFromDate": "2023-11-02"}, {"date": "2023-08-03", "symbol": "BCE", "eps": 0.59, "epsEstimated": 0.6, "time": "bmo", "revenue": 6066000000, "revenueEstimated": 4555260000, "fiscalDateEnding": "2023-06-30", "updatedFromDate": "2023-11-02"}, {"date": "2023-08-03", "symbol": "IGIFF", "eps": 0.579, "epsEstimated": null, "time": "bmo", "revenue": 799242000, "revenueEstimated": null, "fiscalDateEnding": "2023-06-30", "updatedFromDate": "2023-11-02"}, {"date": "2023-08-03", "symbol": "CPMV", "eps": 0.00229, "epsEstimated": null, "time": "--", "revenue": null, "revenueEstimated": null, "fiscalDateEnding": "2023-06-29", "updatedFromDate": "2023-11-02"}, {"date": "2023-08-03", "symbol": "IBOC", "eps": 1.62, "epsEstimated": null, "time": "bmo", "revenue": 204157000, "revenueEstimated": null, "fiscalDateEnding": "2023-06-29", "updatedFromDate": "2023-11-02"}, {"date": "2023-08-03", "symbol": "EB", "eps": -0.03, "epsEstimated": -0.13, "time": "amc", "revenue": 78912000, "revenueEstimated": 78900000, "fiscalDateEnding": "2023-06-29", "updatedFromDate": "2023-11-02"}, {"date": "2023-08-03", "symbol": "WRN", "eps": -0.01, "epsEstimated": null, "time": "bmo", "revenue": null, "revenueEstimated": null, "fiscalDateEnding": "2023-06-30", "updatedFromDate": "2023-11-02"}, {"date": "2023-08-03", "symbol": "FOUR", "eps": 0.74, "epsEstimated": 0.49, "time": "bmo", "revenue": 637000000, "revenueEstimated": 629840000, "fiscalDateEnding": "2023-06-29", "updatedFromDate": "2023-11-02"}, {"date": "2023-08-03", "symbol": "RYAN", "eps": 0.45, "epsEstimated": 0.42, "time": "amc", "revenue": 585149000, "revenueEstimated": 585149000, "fiscalDateEnding": "2023-06-29", "updatedFromDate": "2023-11-02"}, {"date": "2023-08-03", "symbol": "SWI", "eps": 0.21, "epsEstimated": 0.17, "time": "bmo", "revenue": 185034000, "revenueEstimated": 179020000, "fiscalDateEnding": "2023-06-29", "updatedFromDate": "2023-11-02"}, {"date": "2023-08-03", "symbol": "HTGC", "eps": 0.53, "epsEstimated": 0.49, "time": "amc", "revenue": 118122000, "revenueEstimated": 108670000, "fiscalDateEnding": "2023-06-29", "updatedFromDate": "2023-11-02"}, {"date": "2023-08-03", "symbol": "SUZB3.SA", "eps": 3.9, "epsEstimated": 2.56, "time": "bmo", "revenue": 9159634000, "revenueEstimated": 1979990000, "fiscalDateEnding": "2023-06-30", "updatedFromDate": "2023-11-03"}, {"date": "2023-08-03", "symbol": "WVE", "eps": -0.2, "epsEstimated": -0.32, "time": "bmo", "revenue": 22106000, "revenueEstimated": 7940000, "fiscalDateEnding": "2023-06-29", "updatedFromDate": "2023-11-02"}, {"date": "2023-08-03", "symbol": "ADS.DE", "eps": 0.48, "epsEstimated": -0.55, "time": "bmo", "revenue": 5343000000, "revenueEstimated": 5729660000, "fiscalDateEnding": "2023-06-30", "updatedFromDate": "2023-11-03"}, {"date": "2023-08-03", "symbol": "MER.L", "eps": null, "epsEstimated": null, "time": "bmo", "revenue": null, "revenueEstimated": null, "fiscalDateEnding": "2023-06-30", "updatedFromDate": "2023-11-03"}, {"date": "2023-08-03", "symbol": "WISH", "eps": -3.38, "epsEstimated": -3.59, "time": "amc", "revenue": 78000000, "revenueEstimated": 94250000, "fiscalDateEnding": "2023-06-29", "updatedFromDate": "2023-11-02"}, {"date": "2023-08-03", "symbol": "TOY.TO", "eps": 0.61, "epsEstimated": 0.42, "time": "bmo", "revenue": 420700000, "revenueEstimated": 392010000, "fiscalDateEnding": "2023-06-30", "updatedFromDate": "2023-11-03"}, {"date": "2023-08-03", "symbol": "SOLB.BR", "eps": 4.1, "epsEstimated": 3.28, "time": "bmo", "revenue": 3451000000, "revenueEstimated": 3092330000, "fiscalDateEnding": "2023-06-30", "updatedFromDate": "2023-11-03"}, {"date": "2023-08-03", "symbol": "GNL", "eps": -0.3, "epsEstimated": 0.39, "time": "bmo", "revenue": 95844000, "revenueEstimated": 95280000, "fiscalDateEnding": "2023-06-29", "updatedFromDate": "2023-11-02"}, {"date": "2023-08-03", "symbol": "SNCY", "eps": 0.4, "epsEstimated": 0.41, "time": "amc", "revenue": 261086000, "revenueEstimated": 258740000, "fiscalDateEnding": "2023-06-29", "updatedFromDate": "2023-11-02"}, {"date": "2023-08-03", "symbol": "GIL.TO", "eps": 0.63, "epsEstimated": 0.62, "time": "bmo", "revenue": 840438000, "revenueEstimated": 1088880000, "fiscalDateEnding": "2023-06-30", "updatedFromDate": "2023-11-03"}, {"date": "2023-08-03", "symbol": "RRR", "eps": 0.65, "epsEstimated": 0.63, "time": "amc", "revenue": 416130000, "revenueEstimated": 419620000, "fiscalDateEnding": "2023-06-29", "updatedFromDate": "2023-11-02"}, {"date": "2023-08-03", "symbol": "PRDA.JK", "eps": 82.18, "epsEstimated": null, "time": "bmo", "revenue": 545241000000, "revenueEstimated": null, "fiscalDateEnding": "2023-06-30", "updatedFromDate": "2023-11-03"}, {"date": "2023-08-03", "symbol": "ARW", "eps": 4.37, "epsEstimated": 4.34, "time": "bmo", "revenue": 8514516000, "revenueEstimated": 8727410000, "fiscalDateEnding": "2023-06-30", "updatedFromDate": "2023-11-02"}, {"date": "2023-08-03", "symbol": "CLXT", "eps": -0.00305, "epsEstimated": -0.6, "time": "bmo", "revenue": 197000, "revenueEstimated": 5000000, "fiscalDateEnding": "2023-06-29", "updatedFromDate": "2023-11-02"}, {"date": "2023-08-03", "symbol": "CARS", "eps": 1.37, "epsEstimated": 0.1, "time": "bmo", "revenue": 168176000, "revenueEstimated": 169030000, "fiscalDateEnding": "2023-06-29", "updatedFromDate": "2023-11-02"}, {"date": "2023-08-03", "symbol": "AUPH", "eps": -0.08, "epsEstimated": -0.2, "time": "bmo", "revenue": 41494000, "revenueEstimated": 38150000, "fiscalDateEnding": "2023-06-29", "updatedFromDate": "2023-11-02"}, {"date": "2023-08-03", "symbol": "GDYN", "eps": 0.09, "epsEstimated": 0.08, "time": "amc", "revenue": 77342000, "revenueEstimated": 76690000, "fiscalDateEnding": "2023-06-29", "updatedFromDate": "2023-11-02"}, {"date": "2023-08-03", "symbol": "9424.T", "eps": 3.62, "epsEstimated": null, "time": "bmo", "revenue": null, "revenueEstimated": null, "fiscalDateEnding": "2023-12-30", "updatedFromDate": "2023-11-03"}, {"date": "2023-08-03", "symbol": "MMED.NE", "eps": -0.76, "epsEstimated": -0.54, "time": "bmo", "revenue": null, "revenueEstimated": null, "fiscalDateEnding": "2023-06-30", "updatedFromDate": "2023-11-03"}, {"date": "2023-08-03", "symbol": "3242.T", "eps": 33.62, "epsEstimated": null, "time": "bmo", "revenue": null, "revenueEstimated": null, "fiscalDateEnding": "2023-06-30", "updatedFromDate": "2023-11-03"}, {"date": "2023-08-03", "symbol": "IRRAS.ST", "eps": -0.05133, "epsEstimated": null, "time": "bmo", "revenue": 10300000, "revenueEstimated": 15000000, "fiscalDateEnding": "2023-06-30", "updatedFromDate": "2023-11-03"}, {"date": "2023-08-03", "symbol": "NSTG", "eps": -0.92, "epsEstimated": -0.7, "time": "amc", "revenue": 44157000, "revenueEstimated": 48350000, "fiscalDateEnding": "2023-06-29", "updatedFromDate": "2023-11-02"}, {"date": "2023-08-03", "symbol": "5015.T", "eps": 12.31, "epsEstimated": null, "time": "bmo", "revenue": 3043846000, "revenueEstimated": null, "fiscalDateEnding": "2023-06-30", "updatedFromDate": "2023-11-03"}, {"date": "2023-08-03", "symbol": "RR.L", "eps": null, "epsEstimated": null, "time": "bmo", "revenue": null, "revenueEstimated": null, "fiscalDateEnding": "2023-06-29", "updatedFromDate": "2023-11-03"}, {"date": "2023-08-03", "symbol": "GSAT", "eps": 0, "epsEstimated": 0, "time": "bmo", "revenue": 55072000, "revenueEstimated": 51410000, "fiscalDateEnding": "2023-06-29", "updatedFromDate": "2023-11-02"}, {"date": "2023-08-03", "symbol": "REI", "eps": 0.14, "epsEstimated": 0.1, "time": "amc", "revenue": 79348573, "revenueEstimated": 88820000, "fiscalDateEnding": "2023-06-29", "updatedFromDate": "2023-11-02"}, {"date": "2023-08-03", "symbol": "JWLLF", "eps": 0.1909, "epsEstimated": null, "time": "bmo", "revenue": 167577000, "revenueEstimated": null, "fiscalDateEnding": "2023-06-30", "updatedFromDate": "2023-11-02"}, {"date": "2023-08-03", "symbol": "BBIO", "eps": -0.98, "epsEstimated": -0.86, "time": "bmo", "revenue": 1641000, "revenueEstimated": 2990000, "fiscalDateEnding": "2023-06-29", "updatedFromDate": "2023-11-02"}, {"date": "2023-08-03", "symbol": "3038.TW", "eps": 0.86, "epsEstimated": 0.79, "time": "bmo", "revenue": 1205163000, "revenueEstimated": null, "fiscalDateEnding": "2023-06-30", "updatedFromDate": "2023-11-03"}, {"date": "2023-08-03", "symbol": "CPLF.TO", "eps": -0.18, "epsEstimated": -0.16, "time": "bmo", "revenue": 18504000, "revenueEstimated": 22970000, "fiscalDateEnding": "2023-06-30", "updatedFromDate": "2023-11-03"}, {"date": "2023-08-03", "symbol": "1201.SR", "eps": -0.65438, "epsEstimated": null, "time": "bmo", "revenue": 217612000, "revenueEstimated": null, "fiscalDateEnding": "2023-06-30", "updatedFromDate": "2023-11-03"}, {"date": "2023-08-03", "symbol": "EXPE", "eps": 2.89, "epsEstimated": 2.32, "time": "bmo", "revenue": 3358000000, "revenueEstimated": 3368170000, "fiscalDateEnding": "2023-06-29", "updatedFromDate": "2023-11-02"}, {"date": "2023-08-03", "symbol": "6328.T", "eps": 15.54, "epsEstimated": null, "time": "bmo", "revenue": 7209000000, "revenueEstimated": null, "fiscalDateEnding": "2023-06-30", "updatedFromDate": "2023-11-03"}, {"date": "2023-08-03", "symbol": "TNDM", "eps": -0.3, "epsEstimated": -0.54, "time": "amc", "revenue": 195917000, "revenueEstimated": 197360000, "fiscalDateEnding": "2023-06-29", "updatedFromDate": "2023-11-02"}, {"date": "2023-08-03", "symbol": "GDOT", "eps": 0.37, "epsEstimated": 0.34, "time": "amc", "revenue": 365876000, "revenueEstimated": 365876000, "fiscalDateEnding": "2023-06-29", "updatedFromDate": "2023-11-02"}, {"date": "2023-08-03", "symbol": "TGMA3.SA", "eps": 0.6, "epsEstimated": null, "time": "bmo", "revenue": 366651000, "revenueEstimated": null, "fiscalDateEnding": "2023-06-30", "updatedFromDate": "2023-11-03"}, {"date": "2023-08-03", "symbol": "IMRX", "eps": -0.43, "epsEstimated": -0.54, "time": "bmo", "revenue": 94419000, "revenueEstimated": null, "fiscalDateEnding": "2023-06-29", "updatedFromDate": "2023-11-02"}, {"date": "2023-08-03", "symbol": "ENV", "eps": 0.46, "epsEstimated": 0.46, "time": "amc", "revenue": 312434000, "revenueEstimated": 312434000, "fiscalDateEnding": "2023-06-29", "updatedFromDate": "2023-11-02"}, {"date": "2023-08-03", "symbol": "TC.TO", "eps": -2.85771, "epsEstimated": null, "time": "bmo", "revenue": 84978000, "revenueEstimated": null, "fiscalDateEnding": "2023-06-30", "updatedFromDate": "2023-11-03"}, {"date": "2023-08-03", "symbol": "GSBD", "eps": 0.58, "epsEstimated": 0.55, "time": "amc", "revenue": 68833000, "revenueEstimated": 104835000, "fiscalDateEnding": "2023-06-29", "updatedFromDate": "2023-11-02"}, {"date": "2023-08-03", "symbol": "Z", "eps": -0.05, "epsEstimated": 0.21, "time": "bmo", "revenue": 506000000, "revenueEstimated": null, "fiscalDateEnding": "2023-06-29", "updatedFromDate": "2023-11-02"}, {"date": "2023-08-03", "symbol": "AMZ.DE", "eps": 0.646, "epsEstimated": null, "time": "bmo", "revenue": 134383000000, "revenueEstimated": null, "fiscalDateEnding": "2023-06-30", "updatedFromDate": "2023-11-03"}, {"date": "2023-08-03", "symbol": "XPOF", "eps": 0.07, "epsEstimated": 0.11, "time": "amc", "revenue": 77340000, "revenueEstimated": 74860000, "fiscalDateEnding": "2023-06-29", "updatedFromDate": "2023-11-02"}, {"date": "2023-08-03", "symbol": "ALHC", "eps": -0.15, "epsEstimated": -0.21, "time": "amc", "revenue": 462379000, "revenueEstimated": 439030000, "fiscalDateEnding": "2023-06-29", "updatedFromDate": "2023-11-02"}, {"date": "2023-08-03", "symbol": "COIN", "eps": -0.42, "epsEstimated": -0.78, "time": "amc", "revenue": 707911000, "revenueEstimated": 170000, "fiscalDateEnding": "2023-06-29", "updatedFromDate": "2023-11-02"}, {"date": "2023-08-03", "symbol": "1876.HK", "eps": 0.16, "epsEstimated": 0.21, "time": "bmo", "revenue": 15389943280, "revenueEstimated": 15395900000, "fiscalDateEnding": "2023-06-30", "updatedFromDate": "2023-11-03"}, {"date": "2023-08-03", "symbol": "KREN.JK", "eps": -0.60454, "epsEstimated": null, "time": "bmo", "revenue": 3015665702719, "revenueEstimated": null, "fiscalDateEnding": "2023-06-30", "updatedFromDate": "2023-11-03"}, {"date": "2023-08-03", "symbol": "K", "eps": 1.25, "epsEstimated": 1.11, "time": "bmo", "revenue": 4041000000, "revenueEstimated": 4071830000, "fiscalDateEnding": "2023-06-30", "updatedFromDate": "2023-11-02"}, {"date": "2023-08-03", "symbol": "CSNA3.SA", "eps": 0.14, "epsEstimated": 0.59, "time": "bmo", "revenue": 10989111000, "revenueEstimated": 11689000000, "fiscalDateEnding": "2023-06-30", "updatedFromDate": "2023-11-03"}, {"date": "2023-08-03", "symbol": "SBER.ME", "eps": 12.15, "epsEstimated": 11.17, "time": "bmo", "revenue": null, "revenueEstimated": null, "fiscalDateEnding": "2023-06-30", "updatedFromDate": "2023-11-03"}, {"date": "2023-08-03", "symbol": "VC", "eps": 1.18, "epsEstimated": 1.58, "time": "bmo", "revenue": 983000000, "revenueEstimated": 981440000, "fiscalDateEnding": "2023-06-29", "updatedFromDate": "2023-11-02"}, {"date": "2023-08-03", "symbol": "GLOG-PA", "eps": null, "epsEstimated": null, "time": "bmo", "revenue": null, "revenueEstimated": null, "fiscalDateEnding": "2023-06-30", "updatedFromDate": "2023-11-02"}, {"date": "2023-08-03", "symbol": "NXTC", "eps": -0.64, "epsEstimated": -0.6, "time": "bmo", "revenue": null, "revenueEstimated": null, "fiscalDateEnding": "2023-06-29", "updatedFromDate": "2023-11-02"}, {"date": "2023-08-03", "symbol": "AHEXY", "eps": 0.36, "epsEstimated": null, "time": "--", "revenue": 5998000000, "revenueEstimated": null, "fiscalDateEnding": "2023-06-30", "updatedFromDate": "2023-11-02"}, {"date": "2023-08-03", "symbol": "GMAB", "eps": 0.3, "epsEstimated": 0.31, "time": "bmo", "revenue": 4198000000, "revenueEstimated": null, "fiscalDateEnding": "2023-06-30", "updatedFromDate": "2023-11-02"}, {"date": "2023-08-03", "symbol": "APLE", "eps": 0.29, "epsEstimated": 0.22, "time": "amc", "revenue": 361630000, "revenueEstimated": 350780000, "fiscalDateEnding": "2023-06-29", "updatedFromDate": "2023-11-02"}, {"date": "2023-08-03", "symbol": "BSANTANDER.SN", "eps": null, "epsEstimated": 0.9, "time": "bmo", "revenue": null, "revenueEstimated": null, "fiscalDateEnding": "2023-06-30", "updatedFromDate": "2023-11-03"}, {"date": "2023-08-03", "symbol": "MUR", "eps": 0.79, "epsEstimated": 0.78, "time": "bmo", "revenue": 812850000, "revenueEstimated": 787560000, "fiscalDateEnding": "2023-06-29", "updatedFromDate": "2023-11-02"}, {"date": "2023-08-03", "symbol": "MCW", "eps": 0.09, "epsEstimated": 0.09, "time": "amc", "revenue": 236894000, "revenueEstimated": 233500000, "fiscalDateEnding": "2023-06-29", "updatedFromDate": "2023-11-02"}, {"date": "2023-08-03", "symbol": "CHUY", "eps": 0.61, "epsEstimated": 0.53, "time": "amc", "revenue": 119001000, "revenueEstimated": 118260000, "fiscalDateEnding": "2023-06-24", "updatedFromDate": "2023-11-02"}, {"date": "2023-08-03", "symbol": "353200.KS", "eps": 83, "epsEstimated": null, "time": "bmo", "revenue": 219859008000, "revenueEstimated": null, "fiscalDateEnding": "2023-06-30", "updatedFromDate": "2023-11-03"}, {"date": "2023-08-03", "symbol": "AGL", "eps": -0.04, "epsEstimated": -0.02538, "time": "amc", "revenue": 1149052000, "revenueEstimated": 1110620000, "fiscalDateEnding": "2023-06-29", "updatedFromDate": "2023-11-02"}, {"date": "2023-08-03", "symbol": "KGEIF", "eps": 0.1169, "epsEstimated": null, "time": "bmo", "revenue": 12746000, "revenueEstimated": null, "fiscalDateEnding": "2023-06-30", "updatedFromDate": "2023-11-02"}, {"date": "2023-08-03", "symbol": "2489.TW", "eps": -0.33, "epsEstimated": null, "time": "bmo", "revenue": 3836232000, "revenueEstimated": null, "fiscalDateEnding": "2023-06-30", "updatedFromDate": "2023-11-03"}, {"date": "2023-08-03", "symbol": "ICE", "eps": 1.43, "epsEstimated": 1.37, "time": "bmo", "revenue": 2336000000, "revenueEstimated": 1891600000, "fiscalDateEnding": "2023-06-29", "updatedFromDate": "2023-11-02"}, {"date": "2023-08-03", "symbol": "QLYS", "eps": 1.27, "epsEstimated": 1.02, "time": "amc", "revenue": 137209000, "revenueEstimated": 135650000, "fiscalDateEnding": "2023-06-29", "updatedFromDate": "2023-11-02"}, {"date": "2023-08-03", "symbol": "DRETF", "eps": -0.99647, "epsEstimated": null, "time": "bmo", "revenue": 47019000, "revenueEstimated": null, "fiscalDateEnding": "2023-06-30", "updatedFromDate": "2023-11-02"}, {"date": "2023-08-03", "symbol": "FRMUF", "eps": 0.1509, "epsEstimated": null, "time": "bmo", "revenue": 14094375, "revenueEstimated": null, "fiscalDateEnding": "2023-06-30", "updatedFromDate": "2023-11-02"}, {"date": "2023-08-03", "symbol": "ICFI", "eps": 1.57, "epsEstimated": 1.42, "time": "amc", "revenue": 500085000, "revenueEstimated": 484630000, "fiscalDateEnding": "2023-06-29", "updatedFromDate": "2023-11-02"}, {"date": "2023-08-03", "symbol": "DINO", "eps": 2.6, "epsEstimated": 2.25, "time": "bmo", "revenue": 7833646000, "revenueEstimated": null, "fiscalDateEnding": "2023-06-29", "updatedFromDate": "2023-11-02"}, {"date": "2023-08-03", "symbol": "DVA", "eps": 1.91, "epsEstimated": 1.69, "time": "amc", "revenue": 3000369000, "revenueEstimated": 2953400000, "fiscalDateEnding": "2023-06-29", "updatedFromDate": "2023-11-02"}, {"date": "2023-08-03", "symbol": "TSE", "eps": -1.92, "epsEstimated": -0.24, "time": "amc", "revenue": 962600000, "revenueEstimated": null, "fiscalDateEnding": "2023-06-29", "updatedFromDate": "2023-11-02"}, {"date": "2023-08-03", "symbol": "SCE.DE", "eps": 0.996, "epsEstimated": null, "time": "bmo", "revenue": 31591000, "revenueEstimated": null, "fiscalDateEnding": "2023-06-30", "updatedFromDate": "2023-11-03"}, {"date": "2023-08-03", "symbol": "RBA.TO", "eps": 0.85, "epsEstimated": 0.77, "time": "bmo", "revenue": 1106500000, "revenueEstimated": 1305710000, "fiscalDateEnding": "2023-06-30", "updatedFromDate": "2023-11-03"}, {"date": "2023-08-03", "symbol": "III", "eps": 0.11, "epsEstimated": 0.1, "time": "amc", "revenue": 74609000, "revenueEstimated": 74130000, "fiscalDateEnding": "2023-06-29", "updatedFromDate": "2023-11-02"}, {"date": "2023-08-03", "symbol": "BPAN4.SA", "eps": 0.14, "epsEstimated": 0.15, "time": "bmo", "revenue": 2456313000, "revenueEstimated": 1996880000, "fiscalDateEnding": "2023-06-30", "updatedFromDate": "2023-11-03"}, {"date": "2023-08-03", "symbol": "SCMWY", "eps": 0.87, "epsEstimated": null, "time": "--", "revenue": 2703000000, "revenueEstimated": null, "fiscalDateEnding": "2023-06-30", "updatedFromDate": "2023-11-02"}, {"date": "2023-08-03", "symbol": "CMPX", "eps": -0.09, "epsEstimated": -0.08, "time": "bmo", "revenue": null, "revenueEstimated": null, "fiscalDateEnding": "2023-06-29", "updatedFromDate": "2023-11-02"}, {"date": "2023-08-03", "symbol": "LQDT", "eps": 0.28, "epsEstimated": 0.25, "time": "bmo", "revenue": 80770000, "revenueEstimated": 82730000, "fiscalDateEnding": "2023-06-29", "updatedFromDate": "2023-11-02"}, {"date": "2023-08-03", "symbol": "PRM", "eps": -0.05, "epsEstimated": -0.05, "time": "bmo", "revenue": 76137000, "revenueEstimated": 150230000, "fiscalDateEnding": "2023-06-29", "updatedFromDate": "2023-11-02"}, {"date": "2023-08-03", "symbol": "WCN.TO", "eps": 1.38, "epsEstimated": 1.38, "time": "bmo", "revenue": 2021095000, "revenueEstimated": 2655660000, "fiscalDateEnding": "2023-06-30", "updatedFromDate": "2023-11-03"}, {"date": "2023-08-03", "symbol": "MIRM", "eps": -0.92, "epsEstimated": -0.81, "time": "amc", "revenue": 37497000, "revenueEstimated": 32470000, "fiscalDateEnding": "2023-06-29", "updatedFromDate": "2023-11-02"}, {"date": "2023-08-03", "symbol": "TNK", "eps": 4.38, "epsEstimated": 4.42, "time": "bmo", "revenue": 370646000, "revenueEstimated": 269230000, "fiscalDateEnding": "2023-06-30", "updatedFromDate": "2023-11-02"}, {"date": "2023-08-03", "symbol": "IRMD", "eps": 0.36, "epsEstimated": 0.31, "time": "bmo", "revenue": 16130396, "revenueEstimated": 15650000, "fiscalDateEnding": "2023-06-29", "updatedFromDate": "2023-11-02"}, {"date": "2023-08-03", "symbol": "SRP.L", "eps": null, "epsEstimated": null, "time": "bmo", "revenue": null, "revenueEstimated": null, "fiscalDateEnding": "2023-06-30", "updatedFromDate": "2023-11-03"}, {"date": "2023-08-03", "symbol": "IVPAF", "eps": 0.07476, "epsEstimated": null, "time": "bmo", "revenue": null, "revenueEstimated": null, "fiscalDateEnding": "2023-06-30", "updatedFromDate": "2023-11-02"}, {"date": "2023-08-03", "symbol": "AYIMA-B.ST", "eps": -1.28488, "epsEstimated": null, "time": "bmo", "revenue": 32800000, "revenueEstimated": null, "fiscalDateEnding": "2023-06-30", "updatedFromDate": "2023-11-03"}, {"date": "2023-08-03", "symbol": "KTB", "eps": 0.64, "epsEstimated": 0.64, "time": "bmo", "revenue": 616009000, "revenueEstimated": 625320000, "fiscalDateEnding": "2023-06-30", "updatedFromDate": "2023-11-02"}, {"date": "2023-08-03", "symbol": "FDUS", "eps": 0.62, "epsEstimated": 0.58, "time": "amc", "revenue": 14454000, "revenueEstimated": 29380000, "fiscalDateEnding": "2023-06-29", "updatedFromDate": "2023-11-02"}, {"date": "2023-08-03", "symbol": "IMKTA", "eps": 2.54, "epsEstimated": null, "time": "bmo", "revenue": 1433869000, "revenueEstimated": null, "fiscalDateEnding": "2023-06-23", "updatedFromDate": "2023-11-02"}, {"date": "2023-08-03", "symbol": "VOS.DE", "eps": 1.08, "epsEstimated": 0.84, "time": "bmo", "revenue": 344200000, "revenueEstimated": 28958800000, "fiscalDateEnding": "2023-06-30", "updatedFromDate": "2023-11-03"}, {"date": "2023-08-03", "symbol": "2206.T", "eps": 56.41, "epsEstimated": null, "time": "bmo", "revenue": 82060000000, "revenueEstimated": 71075000, "fiscalDateEnding": "2023-06-30", "updatedFromDate": "2023-11-03"}, {"date": "2023-08-03", "symbol": "VET.TO", "eps": 0.76, "epsEstimated": 0.43, "time": "bmo", "revenue": 509634000, "revenueEstimated": 519650000, "fiscalDateEnding": "2023-06-30", "updatedFromDate": "2023-11-03"}, {"date": "2023-08-03", "symbol": "W5.ST", "eps": 0.44, "epsEstimated": 0.17, "time": "bmo", "revenue": 111974000, "revenueEstimated": null, "fiscalDateEnding": "2023-06-30", "updatedFromDate": "2023-11-03"}, {"date": "2023-08-03", "symbol": "SL.MI", "eps": 0.629, "epsEstimated": null, "time": "bmo", "revenue": 240354000, "revenueEstimated": null, "fiscalDateEnding": "2023-06-30", "updatedFromDate": "2023-11-03"}, {"date": "2023-08-03", "symbol": "SAVA", "eps": -0.63, "epsEstimated": -0.58, "time": "bmo", "revenue": null, "revenueEstimated": null, "fiscalDateEnding": "2023-06-29", "updatedFromDate": "2023-11-02"}, {"date": "2023-08-03", "symbol": "4151.T", "eps": 16.53, "epsEstimated": 28.05, "time": "bmo", "revenue": 105675000000, "revenueEstimated": 107610000, "fiscalDateEnding": "2023-06-30", "updatedFromDate": "2023-11-03"}, {"date": "2023-08-03", "symbol": "FCD-UN.TO", "eps": 0.1509, "epsEstimated": null, "time": "bmo", "revenue": 14094375, "revenueEstimated": null, "fiscalDateEnding": "2023-06-30", "updatedFromDate": "2023-11-02"}, {"date": "2023-08-03", "symbol": "8158.T", "eps": 22.17, "epsEstimated": null, "time": "bmo", "revenue": null, "revenueEstimated": null, "fiscalDateEnding": "2023-12-30", "updatedFromDate": "2023-11-03"}, {"date": "2023-08-03", "symbol": "ROG", "eps": 1.07, "epsEstimated": 1.02, "time": "amc", "revenue": 230821000, "revenueEstimated": 247550000, "fiscalDateEnding": "2023-06-29", "updatedFromDate": "2023-11-02"}, {"date": "2023-08-03", "symbol": "H", "eps": 0.82, "epsEstimated": 0.87, "time": "bmo", "revenue": 1705000000, "revenueEstimated": 1683140000, "fiscalDateEnding": "2023-06-29", "updatedFromDate": "2023-11-02"}, {"date": "2023-08-03", "symbol": "DCO", "eps": 0.54, "epsEstimated": 0.51, "time": "bmo", "revenue": 187320000, "revenueEstimated": 198920000, "fiscalDateEnding": "2023-06-30", "updatedFromDate": "2023-11-02"}, {"date": "2023-08-03", "symbol": "SHLE.TO", "eps": 0.2, "epsEstimated": 0.23, "time": "bmo", "revenue": 126928000, "revenueEstimated": null, "fiscalDateEnding": "2023-06-30", "updatedFromDate": "2023-11-03"}, {"date": "2023-08-03", "symbol": "PXT.TO", "eps": 1.3, "epsEstimated": 1.36, "time": "bmo", "revenue": 328178000, "revenueEstimated": 556490000, "fiscalDateEnding": "2023-06-30", "updatedFromDate": "2023-11-03"}, {"date": "2023-08-03", "symbol": "MD", "eps": 0.39, "epsEstimated": 0.4, "time": "bmo", "revenue": 500577000, "revenueEstimated": 495860000, "fiscalDateEnding": "2023-06-29", "updatedFromDate": "2023-11-02"}, {"date": "2023-08-03", "symbol": "IGM.TO", "eps": 0.86, "epsEstimated": 0.85, "time": "bmo", "revenue": 799242000, "revenueEstimated": 778520000, "fiscalDateEnding": "2023-06-30", "updatedFromDate": "2023-11-03"}, {"date": "2023-08-03", "symbol": "UNIT", "eps": 0.11, "epsEstimated": 0.12, "time": "bmo", "revenue": 283698000, "revenueEstimated": 290380000, "fiscalDateEnding": "2023-06-29", "updatedFromDate": "2023-11-02"}, {"date": "2023-08-03", "symbol": "ABI.BR", "eps": 0.72, "epsEstimated": 0.69, "time": "bmo", "revenue": 15120000000, "revenueEstimated": 13947900000, "fiscalDateEnding": "2023-06-30", "updatedFromDate": "2023-11-03"}, {"date": "2023-08-03", "symbol": "ATEC", "eps": -0.43, "epsEstimated": -0.3, "time": "amc", "revenue": 116920000, "revenueEstimated": 109890000, "fiscalDateEnding": "2023-06-29", "updatedFromDate": "2023-11-02"}, {"date": "2023-08-03", "symbol": "TIT.MI", "eps": -0.01, "epsEstimated": null, "time": "bmo", "revenue": 3999000000, "revenueEstimated": 3999000000, "fiscalDateEnding": "2023-06-30", "updatedFromDate": "2023-11-03"}, {"date": "2023-08-03", "symbol": "IAS", "eps": 0.05, "epsEstimated": 0.02182, "time": "amc", "revenue": 113651000, "revenueEstimated": 112250000, "fiscalDateEnding": "2023-06-29", "updatedFromDate": "2023-11-02"}, {"date": "2023-08-03", "symbol": "6643.TWO", "eps": 2.83, "epsEstimated": 2.47, "time": "bmo", "revenue": 347797000, "revenueEstimated": 361000000, "fiscalDateEnding": "2023-06-30", "updatedFromDate": "2023-11-03"}, {"date": "2023-08-03", "symbol": "CMRX", "eps": -0.21, "epsEstimated": -0.23, "time": "bmo", "revenue": 26000, "revenueEstimated": 230000, "fiscalDateEnding": "2023-06-29", "updatedFromDate": "2023-11-02"}, {"date": "2023-08-03", "symbol": "KTOS", "eps": 0.09, "epsEstimated": 0.05, "time": "amc", "revenue": 256900000, "revenueEstimated": 235930000, "fiscalDateEnding": "2023-06-24", "updatedFromDate": "2023-11-02"}, {"date": "2023-08-03", "symbol": "SCEYF", "eps": 0.2018, "epsEstimated": null, "time": "bmo", "revenue": 126928000, "revenueEstimated": null, "fiscalDateEnding": "2023-06-30", "updatedFromDate": "2023-11-02"}, {"date": "2023-08-03", "symbol": "BIO", "eps": 3, "epsEstimated": 2.55, "time": "amc", "revenue": 681110000, "revenueEstimated": 697960000, "fiscalDateEnding": "2023-06-29", "updatedFromDate": "2023-11-02"}, {"date": "2023-08-03", "symbol": "0051.HK", "eps": null, "epsEstimated": null, "time": "bmo", "revenue": null, "revenueEstimated": null, "fiscalDateEnding": "2023-06-29", "updatedFromDate": "2023-11-02"}, {"date": "2023-08-03", "symbol": "CABO", "eps": 9.36, "epsEstimated": 12.29, "time": "amc", "revenue": 424024000, "revenueEstimated": 421050000, "fiscalDateEnding": "2023-06-29", "updatedFromDate": "2023-11-02"}, {"date": "2023-08-03", "symbol": "0K1G.L", "eps": null, "epsEstimated": null, "time": "bmo", "revenue": null, "revenueEstimated": null, "fiscalDateEnding": "2023-03-31", "updatedFromDate": "2023-11-03"}, {"date": "2023-08-03", "symbol": "6803.T", "eps": null, "epsEstimated": null, "time": "bmo", "revenue": null, "revenueEstimated": null, "fiscalDateEnding": "2023-12-30", "updatedFromDate": "2023-11-03"}, {"date": "2023-08-03", "symbol": "PNXLF", "eps": -0.01798, "epsEstimated": null, "time": "bmo", "revenue": null, "revenueEstimated": null, "fiscalDateEnding": "2023-06-30", "updatedFromDate": "2023-11-02"}, {"date": "2023-08-03", "symbol": "PEO.WA", "eps": 6.45, "epsEstimated": 0.02972, "time": "bmo", "revenue": 3916087000, "revenueEstimated": 3201520000, "fiscalDateEnding": "2023-06-30", "updatedFromDate": "2023-11-03"}, {"date": "2023-08-03", "symbol": "ADS.F", "eps": 0.47, "epsEstimated": 3.04, "time": "bmo", "revenue": 5343000000, "revenueEstimated": 6941530000, "fiscalDateEnding": "2023-06-30", "updatedFromDate": "2023-11-03"}, {"date": "2023-08-03", "symbol": "COP", "eps": 1.84, "epsEstimated": 1.95, "time": "bmo", "revenue": 12351000000, "revenueEstimated": 13676600000, "fiscalDateEnding": "2023-06-29", "updatedFromDate": "2023-11-02"}, {"date": "2023-08-03", "symbol": "DVAX", "eps": 0.03, "epsEstimated": -0.09, "time": "amc", "revenue": 60249000, "revenueEstimated": 48380000, "fiscalDateEnding": "2023-06-29", "updatedFromDate": "2023-11-02"}, {"date": "2023-08-03", "symbol": "RKT", "eps": -0.02, "epsEstimated": -0.05, "time": "amc", "revenue": 1197893000, "revenueEstimated": 990930000, "fiscalDateEnding": "2023-06-29", "updatedFromDate": "2023-11-02"}, {"date": "2023-08-03", "symbol": "PGNY", "eps": 0.15, "epsEstimated": 0.1, "time": "amc", "revenue": 279373000, "revenueEstimated": 261910000, "fiscalDateEnding": "2023-06-29", "updatedFromDate": "2023-11-02"}, {"date": "2023-08-03", "symbol": "NSIT", "eps": 2.56, "epsEstimated": 2.65, "time": "bmo", "revenue": 2349596000, "revenueEstimated": 2467640000, "fiscalDateEnding": "2023-06-29", "updatedFromDate": "2023-11-02"}, {"date": "2023-08-03", "symbol": "DRH", "eps": 0.17, "epsEstimated": 0.18, "time": "amc", "revenue": 291247000, "revenueEstimated": 297090000, "fiscalDateEnding": "2023-06-29", "updatedFromDate": "2023-11-02"}, {"date": "2023-08-03", "symbol": "SEMR", "eps": 0.03, "epsEstimated": 0.0075, "time": "amc", "revenue": 74693000, "revenueEstimated": 78740000, "fiscalDateEnding": "2023-06-29", "updatedFromDate": "2023-11-02"}, {"date": "2023-08-03", "symbol": "JPFA.JK", "eps": 28.12, "epsEstimated": null, "time": "bmo", "revenue": 12393965000000, "revenueEstimated": null, "fiscalDateEnding": "2023-06-30", "updatedFromDate": "2023-11-03"}, {"date": "2023-08-03", "symbol": "CRUS", "eps": 0.67, "epsEstimated": 0.41, "time": "amc", "revenue": 317016000, "revenueEstimated": 287240000, "fiscalDateEnding": "2023-06-23", "updatedFromDate": "2023-11-02"}, {"date": "2023-08-03", "symbol": "NLG1V.HE", "eps": null, "epsEstimated": 0.06, "time": "bmo", "revenue": null, "revenueEstimated": null, "fiscalDateEnding": "2023-06-30", "updatedFromDate": "2023-11-03"}, {"date": "2023-08-03", "symbol": "014820.KS", "eps": 612, "epsEstimated": null, "time": "bmo", "revenue": 334825700070, "revenueEstimated": null, "fiscalDateEnding": "2023-06-30", "updatedFromDate": "2023-11-03"}, {"date": "2023-08-03", "symbol": "AJX", "eps": -0.11, "epsEstimated": -0.00071, "time": "amc", "revenue": -2018000, "revenueEstimated": 6790000, "fiscalDateEnding": "2023-06-29", "updatedFromDate": "2023-11-02"}, {"date": "2023-08-03", "symbol": "LNTH", "eps": 1.54, "epsEstimated": 1.31, "time": "bmo", "revenue": 321700000, "revenueEstimated": 305750000, "fiscalDateEnding": "2023-06-29", "updatedFromDate": "2023-11-02"}, {"date": "2023-08-03", "symbol": "KEL.TO", "eps": 0.13, "epsEstimated": 0.07, "time": "bmo", "revenue": 110061000, "revenueEstimated": 106000000, "fiscalDateEnding": "2023-06-30", "updatedFromDate": "2023-11-03"}, {"date": "2023-08-03", "symbol": "PLYM", "eps": -0.08, "epsEstimated": 0.45, "time": "bmo", "revenue": 49899000, "revenueEstimated": 36720000, "fiscalDateEnding": "2023-06-29", "updatedFromDate": "2023-11-02"}, {"date": "2023-08-03", "symbol": "ACEL", "eps": 0.23, "epsEstimated": 0.16, "time": "amc", "revenue": 292647000, "revenueEstimated": 276000000, "fiscalDateEnding": "2023-06-29", "updatedFromDate": "2023-11-02"}, {"date": "2023-08-03", "symbol": "AMN", "eps": 2.38, "epsEstimated": 2.15, "time": "amc", "revenue": 991299000, "revenueEstimated": 988400000, "fiscalDateEnding": "2023-06-29", "updatedFromDate": "2023-11-02"}, {"date": "2023-08-03", "symbol": "ALNY", "eps": -2.21, "epsEstimated": -1.72, "time": "bmo", "revenue": 318754000, "revenueEstimated": 350510000, "fiscalDateEnding": "2023-06-29", "updatedFromDate": "2023-11-02"}, {"date": "2023-08-03", "symbol": "ABUS", "eps": -0.1, "epsEstimated": -0.12, "time": "bmo", "revenue": 4651000, "revenueEstimated": 6160000, "fiscalDateEnding": "2023-06-29", "updatedFromDate": "2023-11-02"}, {"date": "2023-08-03", "symbol": "LIT.V", "eps": -0.01798, "epsEstimated": null, "time": "bmo", "revenue": null, "revenueEstimated": null, "fiscalDateEnding": "2023-06-30", "updatedFromDate": "2023-11-03"}, {"date": "2023-08-03", "symbol": "DETEC.HE", "eps": 0.03, "epsEstimated": 0.11, "time": "bmo", "revenue": 25219000, "revenueEstimated": 25250000, "fiscalDateEnding": "2023-06-30", "updatedFromDate": "2023-11-03"}, {"date": "2023-08-03", "symbol": "1113.HK", "eps": null, "epsEstimated": null, "time": "bmo", "revenue": null, "revenueEstimated": null, "fiscalDateEnding": "2023-06-30", "updatedFromDate": "2023-11-03"}, {"date": "2023-08-03", "symbol": "ZAL.DE", "eps": 0.2164, "epsEstimated": 0.23, "time": "bmo", "revenue": 2556400000, "revenueEstimated": 3200040000, "fiscalDateEnding": "2023-06-30", "updatedFromDate": "2023-11-03"}, {"date": "2023-08-03", "symbol": "IRES.IR", "eps": null, "epsEstimated": null, "time": "bmo", "revenue": null, "revenueEstimated": null, "fiscalDateEnding": "2023-06-30", "updatedFromDate": "2023-11-03"}, {"date": "2023-08-03", "symbol": "HEP", "eps": 0.4, "epsEstimated": 0.44, "time": "bmo", "revenue": 139755000, "revenueEstimated": 159800000, "fiscalDateEnding": "2023-06-29", "updatedFromDate": "2023-11-02"}, {"date": "2023-08-03", "symbol": "OTEX", "eps": 0.91, "epsEstimated": 0.94, "time": "amc", "revenue": 1490830000, "revenueEstimated": 1348860000, "fiscalDateEnding": "2023-06-29", "updatedFromDate": "2023-11-02"}, {"date": "2023-08-03", "symbol": "FAT", "eps": -0.53, "epsEstimated": -1.57, "time": "amc", "revenue": 106764000, "revenueEstimated": 106750000, "fiscalDateEnding": "2023-06-24", "updatedFromDate": "2023-11-02"}, {"date": "2023-08-03", "symbol": "TXG", "eps": -0.53, "epsEstimated": -0.39, "time": "amc", "revenue": 146819000, "revenueEstimated": 139960000, "fiscalDateEnding": "2023-06-29", "updatedFromDate": "2023-11-02"}, {"date": "2023-08-03", "symbol": "MFBP", "eps": null, "epsEstimated": null, "time": "bmo", "revenue": null, "revenueEstimated": null, "fiscalDateEnding": "2023-06-29", "updatedFromDate": "2023-11-02"}, {"date": "2023-08-03", "symbol": "DHLU.SI", "eps": null, "epsEstimated": null, "time": "bmo", "revenue": null, "revenueEstimated": null, "fiscalDateEnding": "2023-06-30", "updatedFromDate": "2023-11-03"}, {"date": "2023-08-03", "symbol": "ALDX", "eps": -0.15, "epsEstimated": -0.31, "time": "bmo", "revenue": null, "revenueEstimated": null, "fiscalDateEnding": "2023-06-29", "updatedFromDate": "2023-11-02"}, {"date": "2023-08-03", "symbol": "DSEY", "eps": 0.09, "epsEstimated": 0.09, "time": "bmo", "revenue": null, "revenueEstimated": 731270000, "fiscalDateEnding": "2023-06-30", "updatedFromDate": "2023-11-02"}, {"date": "2023-08-03", "symbol": "5351.T", "eps": 741.8, "epsEstimated": null, "time": "bmo", "revenue": null, "revenueEstimated": 35700000, "fiscalDateEnding": "2023-12-30", "updatedFromDate": "2023-11-03"}, {"date": "2023-08-03", "symbol": "AXTI", "eps": -0.1, "epsEstimated": -0.1, "time": "amc", "revenue": 18595000, "revenueEstimated": 20020000, "fiscalDateEnding": "2023-06-29", "updatedFromDate": "2023-11-02"}, {"date": "2023-08-03", "symbol": "MFI.TO", "eps": -0.44179, "epsEstimated": -0.2209, "time": "bmo", "revenue": 1269664000, "revenueEstimated": 1271700000, "fiscalDateEnding": "2023-06-30", "updatedFromDate": "2023-11-03"}, {"date": "2023-08-03", "symbol": "NTG.CO", "eps": 3.7, "epsEstimated": 4.97, "time": "bmo", "revenue": 2120000000, "revenueEstimated": 2542000000, "fiscalDateEnding": "2023-06-30", "updatedFromDate": "2023-11-03"}, {"date": "2023-08-03", "symbol": "HASI", "eps": 0.53, "epsEstimated": 0.53, "time": "amc", "revenue": 36683000, "revenueEstimated": 41170000, "fiscalDateEnding": "2023-06-29", "updatedFromDate": "2023-11-02"}, {"date": "2023-08-03", "symbol": "LOU.V", "eps": 0.02, "epsEstimated": 0.025, "time": "bmo", "revenue": 64764000, "revenueEstimated": null, "fiscalDateEnding": "2023-06-30", "updatedFromDate": "2023-11-03"}, {"date": "2023-08-03", "symbol": "PRET", "eps": -9.73, "epsEstimated": null, "time": "--", "revenue": 67445000, "revenueEstimated": 68000000, "fiscalDateEnding": "2023-06-30", "updatedFromDate": "2023-11-02"}, {"date": "2023-08-03", "symbol": "BRPR3.SA", "eps": -0.20584, "epsEstimated": null, "time": "bmo", "revenue": 10982000, "revenueEstimated": null, "fiscalDateEnding": "2023-06-30", "updatedFromDate": "2023-11-03"}, {"date": "2023-08-03", "symbol": "REG", "eps": 0.51, "epsEstimated": 0.5, "time": "amc", "revenue": 314247000, "revenueEstimated": 310970000, "fiscalDateEnding": "2023-06-29", "updatedFromDate": "2023-11-02"}, {"date": "2023-08-03", "symbol": "MRAI", "eps": -1.1, "epsEstimated": -1.28, "time": "bmo", "revenue": 10046980, "revenueEstimated": 8510000, "fiscalDateEnding": "2023-06-29", "updatedFromDate": "2023-11-02"}, {"date": "2023-08-03", "symbol": "ARG.TO", "eps": -0.03, "epsEstimated": -0.03, "time": "bmo", "revenue": 52147000, "revenueEstimated": 49080000, "fiscalDateEnding": "2023-06-30", "updatedFromDate": "2023-11-03"}, {"date": "2023-08-03", "symbol": "SBLK", "eps": 0.47, "epsEstimated": 0.64, "time": "amc", "revenue": 238686000, "revenueEstimated": 185010000, "fiscalDateEnding": "2023-06-30", "updatedFromDate": "2023-11-02"}, {"date": "2023-08-03", "symbol": "ABEV", "eps": 0.03, "epsEstimated": 0.02678, "time": "bmo", "revenue": 18898100000, "revenueEstimated": null, "fiscalDateEnding": "2023-06-29", "updatedFromDate": "2023-11-02"}, {"date": "2023-08-03", "symbol": "FET", "eps": 0.1, "epsEstimated": null, "time": "amc", "revenue": 185400000, "revenueEstimated": null, "fiscalDateEnding": "2023-06-29", "updatedFromDate": "2023-11-02"}, {"date": "2023-08-03", "symbol": "PRTK", "eps": 0.25, "epsEstimated": 0.31, "time": "bmo", "revenue": 38062000, "revenueEstimated": 33850000, "fiscalDateEnding": "2023-06-29", "updatedFromDate": "2023-11-02"}, {"date": "2023-08-03", "symbol": "WRK", "eps": 0.89, "epsEstimated": 0.47, "time": "bmo", "revenue": 5121100000, "revenueEstimated": 5174850000, "fiscalDateEnding": "2023-06-29", "updatedFromDate": "2023-11-02"}, {"date": "2023-08-03", "symbol": "CURO", "eps": -1.45, "epsEstimated": -0.7, "time": "bmo", "revenue": 127676000, "revenueEstimated": 209610000, "fiscalDateEnding": "2023-06-29", "updatedFromDate": "2023-11-02"}, {"date": "2023-08-03", "symbol": "HVBC", "eps": 0.31, "epsEstimated": null, "time": "bmo", "revenue": null, "revenueEstimated": null, "fiscalDateEnding": "2023-06-30", "updatedFromDate": "2023-11-02"}, {"date": "2023-08-03", "symbol": "HNM.DE", "eps": 0.399, "epsEstimated": null, "time": "bmo", "revenue": 194796000, "revenueEstimated": null, "fiscalDateEnding": "2023-06-30", "updatedFromDate": "2023-11-03"}, {"date": "2023-08-03", "symbol": "TRUP", "eps": -0.33, "epsEstimated": -0.42, "time": "amc", "revenue": 270566000, "revenueEstimated": 262820000, "fiscalDateEnding": "2023-06-29", "updatedFromDate": "2023-11-02"}, {"date": "2023-08-03", "symbol": "DUE.DE", "eps": 0.52, "epsEstimated": 0.7, "time": "bmo", "revenue": 1120203000, "revenueEstimated": 1135530000, "fiscalDateEnding": "2023-06-30", "updatedFromDate": "2023-11-03"}, {"date": "2023-08-03", "symbol": "ABNB", "eps": 0.98, "epsEstimated": 0.78, "time": "amc", "revenue": 2484000000, "revenueEstimated": 2420410000, "fiscalDateEnding": "2023-06-29", "updatedFromDate": "2023-11-02"}, {"date": "2023-08-03", "symbol": "MXHN.DE", "eps": 0.37, "epsEstimated": null, "time": "bmo", "revenue": 106738000, "revenueEstimated": null, "fiscalDateEnding": "2023-06-30", "updatedFromDate": "2023-11-03"}, {"date": "2023-08-03", "symbol": "CDDRF", "eps": 0.1301, "epsEstimated": null, "time": "bmo", "revenue": 118967000, "revenueEstimated": null, "fiscalDateEnding": "2023-06-30", "updatedFromDate": "2023-11-02"}, {"date": "2023-08-03", "symbol": "NUVB", "eps": -0.09, "epsEstimated": -0.11, "time": "bmo", "revenue": null, "revenueEstimated": null, "fiscalDateEnding": "2023-06-29", "updatedFromDate": "2023-11-02"}, {"date": "2023-08-03", "symbol": "BSIM.JK", "eps": 3.48, "epsEstimated": null, "time": "bmo", "revenue": 826371000000, "revenueEstimated": null, "fiscalDateEnding": "2023-06-30", "updatedFromDate": "2023-11-03"}, {"date": "2023-08-03", "symbol": "RIDE", "eps": -2.85, "epsEstimated": 4.05, "time": "bmo", "revenue": 2151000, "revenueEstimated": 190000, "fiscalDateEnding": "2023-06-29", "updatedFromDate": "2023-11-02"}, {"date": "2023-08-03", "symbol": "COLL", "eps": 1.26, "epsEstimated": 1.22, "time": "amc", "revenue": 135546000, "revenueEstimated": 138400000, "fiscalDateEnding": "2023-06-29", "updatedFromDate": "2023-11-02"}, {"date": "2023-08-03", "symbol": "FTNT", "eps": 0.38, "epsEstimated": 0.34, "time": "amc", "revenue": 1292800000, "revenueEstimated": 1304380000, "fiscalDateEnding": "2023-06-29", "updatedFromDate": "2023-11-02"}, {"date": "2023-08-03", "symbol": "FCNCA", "eps": 52.6, "epsEstimated": 45.92, "time": "bmo", "revenue": 2510000000, "revenueEstimated": 2328250000, "fiscalDateEnding": "2023-06-29", "updatedFromDate": "2023-11-02"}, {"date": "2023-08-03", "symbol": "CTRE", "eps": 0.35, "epsEstimated": 0.36, "time": "amc", "revenue": 47745000, "revenueEstimated": 51280000, "fiscalDateEnding": "2023-06-29", "updatedFromDate": "2023-11-02"}, {"date": "2023-08-03", "symbol": "DBX", "eps": 0.51, "epsEstimated": 0.45, "time": "amc", "revenue": 622500000, "revenueEstimated": 613780000, "fiscalDateEnding": "2023-06-29", "updatedFromDate": "2023-11-02"}, {"date": "2023-08-03", "symbol": "DLB", "eps": 0.55, "epsEstimated": 0.55, "time": "amc", "revenue": 298370000, "revenueEstimated": 280510000, "fiscalDateEnding": "2023-06-29", "updatedFromDate": "2023-11-02"}, {"date": "2023-08-03", "symbol": "MPT.JO", "eps": null, "epsEstimated": null, "time": "bmo", "revenue": null, "revenueEstimated": null, "fiscalDateEnding": "2023-06-30", "updatedFromDate": "2023-11-03"}, {"date": "2023-08-03", "symbol": "PH", "eps": 6.08, "epsEstimated": 5.48, "time": "bmo", "revenue": 5095943000, "revenueEstimated": 5008560000, "fiscalDateEnding": "2023-06-29", "updatedFromDate": "2023-11-02"}, {"date": "2023-08-03", "symbol": "SNDR", "eps": 0.45, "epsEstimated": 0.44, "time": "bmo", "revenue": 1346500000, "revenueEstimated": 1436880000, "fiscalDateEnding": "2023-06-29", "updatedFromDate": "2023-11-02"}, {"date": "2023-08-03", "symbol": "3515.TW", "eps": 1.29, "epsEstimated": 1.41, "time": "bmo", "revenue": 4086598000, "revenueEstimated": 10711200000, "fiscalDateEnding": "2023-06-30", "updatedFromDate": "2023-11-03"}, {"date": "2023-08-03", "symbol": "PGTI", "eps": 0.58, "epsEstimated": 0.58, "time": "bmo", "revenue": 384934000, "revenueEstimated": 386000000, "fiscalDateEnding": "2023-06-30", "updatedFromDate": "2023-11-02"}, {"date": "2023-08-03", "symbol": "YORW", "eps": 0.45, "epsEstimated": 0.44, "time": "bmo", "revenue": 18767000, "revenueEstimated": 17000000, "fiscalDateEnding": "2023-06-29", "updatedFromDate": "2023-11-02"}, {"date": "2023-08-03", "symbol": "CNQ.TO", "eps": 1.14, "epsEstimated": 1.04, "time": "bmo", "revenue": 8846000000, "revenueEstimated": 7710530000, "fiscalDateEnding": "2023-06-30", "updatedFromDate": "2023-11-03"}, {"date": "2023-08-03", "symbol": "001250.KS", "eps": 87, "epsEstimated": null, "time": "bmo", "revenue": 1010335293080, "revenueEstimated": null, "fiscalDateEnding": "2023-06-30", "updatedFromDate": "2023-11-03"}, {"date": "2023-08-03", "symbol": "IGMS", "eps": -1.43, "epsEstimated": -1.43, "time": "bmo", "revenue": 448000, "revenueEstimated": 800000, "fiscalDateEnding": "2023-06-29", "updatedFromDate": "2023-11-02"}, {"date": "2023-08-03", "symbol": "AMIVF", "eps": 0.2674, "epsEstimated": null, "time": "bmo", "revenue": 15451000, "revenueEstimated": null, "fiscalDateEnding": "2023-06-30", "updatedFromDate": "2023-11-02"}, {"date": "2023-08-03", "symbol": "DYNR", "eps": -0.02663, "epsEstimated": null, "time": "bmo", "revenue": 10912169, "revenueEstimated": null, "fiscalDateEnding": "2023-06-29", "updatedFromDate": "2023-11-02"}, {"date": "2023-08-03", "symbol": "NGVC", "eps": 0.31, "epsEstimated": 0.15, "time": "amc", "revenue": 281791000, "revenueEstimated": 285000000, "fiscalDateEnding": "2023-06-29", "updatedFromDate": "2023-11-02"}, {"date": "2023-08-03", "symbol": "REPL", "eps": -0.75, "epsEstimated": -0.85, "time": "bmo", "revenue": null, "revenueEstimated": null, "fiscalDateEnding": "2023-06-29", "updatedFromDate": "2023-11-02"}, {"date": "2023-08-03", "symbol": "WSU.DE", "eps": 0.74, "epsEstimated": 0.56, "time": "bmo", "revenue": 127081000, "revenueEstimated": null, "fiscalDateEnding": "2023-06-30", "updatedFromDate": "2023-11-03"}, {"date": "2023-08-03", "symbol": "TPIC", "eps": -1.9, "epsEstimated": -0.88, "time": "amc", "revenue": 381271000, "revenueEstimated": 392130000, "fiscalDateEnding": "2023-06-29", "updatedFromDate": "2023-11-02"}, {"date": "2023-08-03", "symbol": "LASR", "eps": -0.02, "epsEstimated": -0.08, "time": "amc", "revenue": 53304000, "revenueEstimated": 52350000, "fiscalDateEnding": "2023-06-29", "updatedFromDate": "2023-11-02"}, {"date": "2023-08-03", "symbol": "IFC.TO", "eps": 2.3, "epsEstimated": 2.45, "time": "bmo", "revenue": 5466000000, "revenueEstimated": 4911000000, "fiscalDateEnding": "2023-06-30", "updatedFromDate": "2023-11-03"}, {"date": "2023-08-03", "symbol": "WLK", "eps": 2.31, "epsEstimated": 2.93, "time": "bmo", "revenue": 3251000000, "revenueEstimated": 3503940000, "fiscalDateEnding": "2023-06-29", "updatedFromDate": "2023-11-02"}, {"date": "2023-08-03", "symbol": "BLD", "eps": 5.25, "epsEstimated": 4.35, "time": "bmo", "revenue": 1317262000, "revenueEstimated": 1264280000, "fiscalDateEnding": "2023-06-29", "updatedFromDate": "2023-11-02"}, {"date": "2023-08-03", "symbol": "DOC", "eps": 0.05, "epsEstimated": 0.05, "time": "bmo", "revenue": 135100000, "revenueEstimated": 135130000, "fiscalDateEnding": "2023-06-29", "updatedFromDate": "2023-11-02"}, {"date": "2023-08-03", "symbol": "CI", "eps": 6.13, "epsEstimated": 6.02, "time": "bmo", "revenue": 48613000000, "revenueEstimated": 47188100000, "fiscalDateEnding": "2023-06-29", "updatedFromDate": "2023-11-02"}, {"date": "2023-08-03", "symbol": "MAIN", "eps": 1.06, "epsEstimated": 1, "time": "amc", "revenue": 130264000, "revenueEstimated": 121820000, "fiscalDateEnding": "2023-06-29", "updatedFromDate": "2023-11-02"}, {"date": "2023-08-03", "symbol": "HHRS", "eps": 0.16, "epsEstimated": null, "time": "bmo", "revenue": 154500000, "revenueEstimated": null, "fiscalDateEnding": "2023-06-30", "updatedFromDate": "2023-11-02"}, {"date": "2023-08-03", "symbol": "ENTG", "eps": 0.66, "epsEstimated": 0.58, "time": "bmo", "revenue": 901000000, "revenueEstimated": 886390000, "fiscalDateEnding": "2023-06-30", "updatedFromDate": "2023-11-02"}, {"date": "2023-08-03", "symbol": "CTVA", "eps": 1.6, "epsEstimated": 1.58, "time": "amc", "revenue": 6045000000, "revenueEstimated": 3009260000, "fiscalDateEnding": "2023-06-29", "updatedFromDate": "2023-11-02"}, {"date": "2023-08-03", "symbol": "PKTEF", "eps": 0.00441, "epsEstimated": null, "time": "bmo", "revenue": 6347354, "revenueEstimated": null, "fiscalDateEnding": "2023-06-30", "updatedFromDate": "2023-11-02"}, {"date": "2023-08-03", "symbol": "CMPS", "eps": -0.62, "epsEstimated": -0.69, "time": "bmo", "revenue": null, "revenueEstimated": null, "fiscalDateEnding": "2023-06-29", "updatedFromDate": "2023-11-02"}, {"date": "2023-08-03", "symbol": "ALVR", "eps": -0.48, "epsEstimated": -0.45, "time": "bmo", "revenue": null, "revenueEstimated": null, "fiscalDateEnding": "2023-06-29", "updatedFromDate": "2023-11-02"}, {"date": "2023-08-03", "symbol": "MGEE", "eps": 0.79, "epsEstimated": 0.7, "time": "bmo", "revenue": 147998000, "revenueEstimated": 144420000, "fiscalDateEnding": "2023-06-29", "updatedFromDate": "2023-11-02"}, {"date": "2023-08-03", "symbol": "PZZA", "eps": 0.59, "epsEstimated": 0.59, "time": "bmo", "revenue": 514530000, "revenueEstimated": 532170000, "fiscalDateEnding": "2023-06-24", "updatedFromDate": "2023-11-02"}, {"date": "2023-08-03", "symbol": "PETS.L", "eps": null, "epsEstimated": null, "time": "bmo", "revenue": null, "revenueEstimated": null, "fiscalDateEnding": "2024-03-29", "updatedFromDate": "2023-11-03"}, {"date": "2023-08-03", "symbol": "SPB.TO", "eps": -0.21, "epsEstimated": -0.25, "time": "bmo", "revenue": 581500000, "revenueEstimated": 861500000, "fiscalDateEnding": "2023-06-30", "updatedFromDate": "2023-11-03"}, {"date": "2023-08-03", "symbol": "MDGS", "eps": null, "epsEstimated": null, "time": "bmo", "revenue": null, "revenueEstimated": null, "fiscalDateEnding": "2023-06-30", "updatedFromDate": "2023-11-02"}, {"date": "2023-08-03", "symbol": "3901.T", "eps": 22.52, "epsEstimated": null, "time": "bmo", "revenue": 1122711000, "revenueEstimated": null, "fiscalDateEnding": "2023-06-30", "updatedFromDate": "2023-11-03"}, {"date": "2023-08-03", "symbol": "PIF.TO", "eps": 0.22, "epsEstimated": 0.14, "time": "bmo", "revenue": 20817000, "revenueEstimated": null, "fiscalDateEnding": "2023-06-30", "updatedFromDate": "2023-11-03"}, {"date": "2023-08-03", "symbol": "605016.SS", "eps": 0.2624, "epsEstimated": null, "time": "bmo", "revenue": 218280387.8, "revenueEstimated": null, "fiscalDateEnding": "2023-06-30", "updatedFromDate": "2023-11-03"}, {"date": "2023-08-03", "symbol": "WIX", "eps": 1.26, "epsEstimated": 0.54, "time": "bmo", "revenue": 389977000, "revenueEstimated": 386710000, "fiscalDateEnding": "2023-06-30", "updatedFromDate": "2023-11-02"}, {"date": "2023-08-03", "symbol": "BIP", "eps": 0.38, "epsEstimated": 0.27, "time": "bmo", "revenue": 4256000000, "revenueEstimated": 2337500000, "fiscalDateEnding": "2023-06-30", "updatedFromDate": "2023-11-02"}, {"date": "2023-08-03", "symbol": "ENOV", "eps": 0.61, "epsEstimated": 0.53, "time": "bmo", "revenue": 428502000, "revenueEstimated": 419970000, "fiscalDateEnding": "2023-06-29", "updatedFromDate": "2023-11-02"}, {"date": "2023-08-03", "symbol": "NTR.TO", "eps": 3.43, "epsEstimated": 3.75, "time": "bmo", "revenue": 11654000000, "revenueEstimated": 10058800000, "fiscalDateEnding": "2023-06-30", "updatedFromDate": "2023-11-03"}, {"date": "2023-08-03", "symbol": "BIP-UN.TO", "eps": 0.38, "epsEstimated": 0.29, "time": "bmo", "revenue": 4256000000, "revenueEstimated": null, "fiscalDateEnding": "2023-06-30", "updatedFromDate": "2023-11-03"}, {"date": "2023-08-03", "symbol": "SQ", "eps": 0.39, "epsEstimated": 0.35, "time": "amc", "revenue": 5534957000, "revenueEstimated": 5103430000, "fiscalDateEnding": "2023-06-29", "updatedFromDate": "2023-11-02"}, {"date": "2023-08-03", "symbol": "NGM", "eps": -0.46, "epsEstimated": -0.46, "time": "bmo", "revenue": 1423000, "revenueEstimated": 3300000, "fiscalDateEnding": "2023-06-29", "updatedFromDate": "2023-11-02"}, {"date": "2023-08-03", "symbol": "CEG", "eps": 2.56, "epsEstimated": 0.73, "time": "bmo", "revenue": 5446000000, "revenueEstimated": 6690110000, "fiscalDateEnding": "2023-06-29", "updatedFromDate": "2023-11-02"}, {"date": "2023-08-03", "symbol": "IDA", "eps": 1.35, "epsEstimated": 1.24, "time": "bmo", "revenue": 413838000, "revenueEstimated": 353510000, "fiscalDateEnding": "2023-06-29", "updatedFromDate": "2023-11-02"}, {"date": "2023-08-03", "symbol": "PRTA", "eps": -1.03, "epsEstimated": -0.92, "time": "amc", "revenue": 4019000, "revenueEstimated": 4520000, "fiscalDateEnding": "2023-06-29", "updatedFromDate": "2023-11-02"}, {"date": "2023-08-03", "symbol": "SLIS.JK", "eps": 1.49, "epsEstimated": null, "time": "bmo", "revenue": 103275230963, "revenueEstimated": null, "fiscalDateEnding": "2023-06-30", "updatedFromDate": "2023-11-03"}, {"date": "2023-08-03", "symbol": "2458.TW", "eps": 1.73, "epsEstimated": 1.07, "time": "bmo", "revenue": 3041422000, "revenueEstimated": 3214010000, "fiscalDateEnding": "2023-06-30", "updatedFromDate": "2023-11-03"}, {"date": "2023-08-03", "symbol": "ACA", "eps": 0.76, "epsEstimated": 0.59, "time": "amc", "revenue": 584800000, "revenueEstimated": 575680000, "fiscalDateEnding": "2023-06-29", "updatedFromDate": "2023-11-02"}, {"date": "2023-08-03", "symbol": "CNQ", "eps": 0.85, "epsEstimated": 0.88, "time": "bmo", "revenue": 8846000000, "revenueEstimated": 5458410000, "fiscalDateEnding": "2023-06-30", "updatedFromDate": "2023-11-02"}, {"date": "2023-08-03", "symbol": "HAS", "eps": 0.49, "epsEstimated": 0.58, "time": "bmo", "revenue": 1210000000, "revenueEstimated": 1111220000, "fiscalDateEnding": "2023-07-01", "updatedFromDate": "2023-11-02"}, {"date": "2023-08-03", "symbol": "5007.TW", "eps": 0.83, "epsEstimated": null, "time": "bmo", "revenue": 1608811000, "revenueEstimated": null, "fiscalDateEnding": "2023-06-30", "updatedFromDate": "2023-11-03"}, {"date": "2023-08-03", "symbol": "PLYA", "eps": 0.13, "epsEstimated": 0.14, "time": "amc", "revenue": 248040000, "revenueEstimated": 215670000, "fiscalDateEnding": "2023-06-29", "updatedFromDate": "2023-11-02"}, {"date": "2023-08-03", "symbol": "CVCO", "eps": 5.29, "epsEstimated": 5.82, "time": "amc", "revenue": 475875000, "revenueEstimated": 543990000, "fiscalDateEnding": "2023-06-30", "updatedFromDate": "2023-11-02"}, {"date": "2023-08-03", "symbol": "PTLO", "eps": 0.12, "epsEstimated": 0.13, "time": "bmo", "revenue": 169182000, "revenueEstimated": 170910000, "fiscalDateEnding": "2023-06-24", "updatedFromDate": "2023-11-02"}, {"date": "2023-08-03", "symbol": "HIK.L", "eps": null, "epsEstimated": null, "time": "bmo", "revenue": null, "revenueEstimated": null, "fiscalDateEnding": "2023-06-30", "updatedFromDate": "2023-11-03"}, {"date": "2023-08-03", "symbol": "GOLF", "eps": 1.09, "epsEstimated": 0.92, "time": "bmo", "revenue": 689363000, "revenueEstimated": 672460000, "fiscalDateEnding": "2023-06-29", "updatedFromDate": "2023-11-02"}, {"date": "2023-08-03", "symbol": "8365.T", "eps": 70.38, "epsEstimated": null, "time": "bmo", "revenue": null, "revenueEstimated": null, "fiscalDateEnding": "2023-12-30", "updatedFromDate": "2023-11-03"}, {"date": "2023-08-03", "symbol": "PAZRF", "eps": 0.1172, "epsEstimated": null, "time": "bmo", "revenue": 28463000, "revenueEstimated": null, "fiscalDateEnding": "2023-06-30", "updatedFromDate": "2023-11-02"}, {"date": "2023-08-03", "symbol": "ESMT", "eps": 0.07, "epsEstimated": 0.07, "time": "bmo", "revenue": 94409000, "revenueEstimated": 95680000, "fiscalDateEnding": "2023-06-29", "updatedFromDate": "2023-11-02"}, {"date": "2023-08-03", "symbol": "SPPJY", "eps": 0.05, "epsEstimated": 0.00714, "time": "--", "revenue": 1326000000, "revenueEstimated": null, "fiscalDateEnding": "2023-06-30", "updatedFromDate": "2023-11-02"}, {"date": "2023-08-03", "symbol": "OCN", "eps": 2.9, "epsEstimated": -0.17, "time": "bmo", "revenue": 292400000, "revenueEstimated": 262350000, "fiscalDateEnding": "2023-06-29", "updatedFromDate": "2023-11-02"}, {"date": "2023-08-03", "symbol": "CLPR", "eps": -0.1, "epsEstimated": 0.14, "time": "amc", "revenue": 34543000, "revenueEstimated": 35050000, "fiscalDateEnding": "2023-06-29", "updatedFromDate": "2023-11-02"}, {"date": "2023-08-03", "symbol": "MACK", "eps": -0.03, "epsEstimated": null, "time": "bmo", "revenue": null, "revenueEstimated": null, "fiscalDateEnding": "2023-06-29", "updatedFromDate": "2023-11-02"}, {"date": "2023-08-03", "symbol": "AGIO", "eps": -1.51, "epsEstimated": -1.6, "time": "bmo", "revenue": 6712000, "revenueEstimated": 6460000, "fiscalDateEnding": "2023-06-29", "updatedFromDate": "2023-11-02"}, {"date": "2023-08-03", "symbol": "CZMWF", "eps": 1.03, "epsEstimated": 0.76, "time": "bmo", "revenue": 535121000, "revenueEstimated": null, "fiscalDateEnding": "2023-06-30", "updatedFromDate": "2023-11-03"}, {"date": "2023-08-03", "symbol": "OLED", "eps": 1.04, "epsEstimated": 0.75, "time": "amc", "revenue": 146565000, "revenueEstimated": 128600000, "fiscalDateEnding": "2023-06-29", "updatedFromDate": "2023-11-02"}, {"date": "2023-08-03", "symbol": "2353.TW", "eps": 0.46, "epsEstimated": 0.24, "time": "bmo", "revenue": 58260653000, "revenueEstimated": 57671100000, "fiscalDateEnding": "2023-06-30", "updatedFromDate": "2023-11-03"}, {"date": "2023-08-03", "symbol": "TVTX", "eps": -1.13, "epsEstimated": -1.16, "time": "amc", "revenue": 59697000, "revenueEstimated": 53710000, "fiscalDateEnding": "2023-06-29", "updatedFromDate": "2023-11-28"}, {"date": "2023-08-03", "symbol": "GECC", "eps": 0.44, "epsEstimated": 0.38, "time": "bmo", "revenue": 6316000, "revenueEstimated": 8180000, "fiscalDateEnding": "2023-06-29", "updatedFromDate": "2023-11-02"}, {"date": "2023-08-03", "symbol": "ALCO", "eps": -0.73, "epsEstimated": 0.08, "time": "bmo", "revenue": 7284000, "revenueEstimated": 700000, "fiscalDateEnding": "2023-06-29", "updatedFromDate": "2023-11-02"}, {"date": "2023-08-03", "symbol": "3167.T", "eps": 10.25, "epsEstimated": null, "time": "bmo", "revenue": null, "revenueEstimated": 53971000, "fiscalDateEnding": "2023-12-30", "updatedFromDate": "2023-11-03"}, {"date": "2023-08-03", "symbol": "603551.SS", "eps": 0.204, "epsEstimated": null, "time": "bmo", "revenue": 515671018.68, "revenueEstimated": null, "fiscalDateEnding": "2023-06-30", "updatedFromDate": "2023-11-03"}, {"date": "2023-08-03", "symbol": "TFX", "eps": 3.41, "epsEstimated": 3.21, "time": "bmo", "revenue": 743259000, "revenueEstimated": 729910000, "fiscalDateEnding": "2023-07-01", "updatedFromDate": "2023-11-02"}, {"date": "2023-08-03", "symbol": "GBNY", "eps": -0.07, "epsEstimated": null, "time": "bmo", "revenue": 2299000, "revenueEstimated": null, "fiscalDateEnding": "2023-06-29", "updatedFromDate": "2023-11-02"}, {"date": "2023-08-03", "symbol": "097520.KS", "eps": null, "epsEstimated": null, "time": "bmo", "revenue": null, "revenueEstimated": 278282000, "fiscalDateEnding": "2023-06-30", "updatedFromDate": "2023-11-03"}, {"date": "2023-08-03", "symbol": "SEM", "eps": 0.61, "epsEstimated": 0.48, "time": "amc", "revenue": 1674528000, "revenueEstimated": 1647810000, "fiscalDateEnding": "2023-06-29", "updatedFromDate": "2023-11-02"}, {"date": "2023-08-03", "symbol": "AD-UN.TO", "eps": 0.61, "epsEstimated": 0.43, "time": "bmo", "revenue": 37530000, "revenueEstimated": 39530000, "fiscalDateEnding": "2023-06-30", "updatedFromDate": "2023-11-03"}, {"date": "2023-08-03", "symbol": "8290.HK", "eps": 0.00011, "epsEstimated": null, "time": "bmo", "revenue": 10609000, "revenueEstimated": null, "fiscalDateEnding": "2023-06-30", "updatedFromDate": "2023-11-03"}, {"date": "2023-08-03", "symbol": "BTO.TO", "eps": 0.1, "epsEstimated": 0.09, "time": "bmo", "revenue": 470854000, "revenueEstimated": 635850000, "fiscalDateEnding": "2023-06-30", "updatedFromDate": "2023-11-03"}, {"date": "2023-08-03", "symbol": "E3X1.DE", "eps": 2.54, "epsEstimated": null, "time": "bmo", "revenue": 3358000000, "revenueEstimated": null, "fiscalDateEnding": "2023-06-30", "updatedFromDate": "2023-11-03"}, {"date": "2023-08-03", "symbol": "AMTX", "eps": -0.68, "epsEstimated": -0.28, "time": "bmo", "revenue": 45112000, "revenueEstimated": 59600000, "fiscalDateEnding": "2023-06-29", "updatedFromDate": "2023-11-02"}, {"date": "2023-08-03", "symbol": "CAPMAN.HE", "eps": 0.02, "epsEstimated": 0.05, "time": "bmo", "revenue": 16483000, "revenueEstimated": 19670000, "fiscalDateEnding": "2023-06-30", "updatedFromDate": "2023-11-03"}, {"date": "2023-08-03", "symbol": "TMST", "eps": 0.6, "epsEstimated": 0.57, "time": "amc", "revenue": 356600000, "revenueEstimated": 365370000, "fiscalDateEnding": "2023-06-29", "updatedFromDate": "2023-11-02"}, {"date": "2023-08-03", "symbol": "IRTC", "eps": -0.61, "epsEstimated": -0.75, "time": "amc", "revenue": 124130000, "revenueEstimated": 120340000, "fiscalDateEnding": "2023-06-29", "updatedFromDate": "2023-11-02"}, {"date": "2023-08-03", "symbol": "DSKE", "eps": 0.07, "epsEstimated": 0.3, "time": "bmo", "revenue": 407300000, "revenueEstimated": 424710000, "fiscalDateEnding": "2023-06-29", "updatedFromDate": "2023-11-02"}, {"date": "2023-08-03", "symbol": "CMI", "eps": 5.05, "epsEstimated": 5.29, "time": "bmo", "revenue": 8638000000, "revenueEstimated": 8373150000, "fiscalDateEnding": "2023-06-29", "updatedFromDate": "2023-11-02"}, {"date": "2023-08-03", "symbol": "ALTR", "eps": 0.15, "epsEstimated": 0.12, "time": "amc", "revenue": 141161000, "revenueEstimated": 139020000, "fiscalDateEnding": "2023-06-29", "updatedFromDate": "2023-11-02"}, {"date": "2023-08-03", "symbol": "SNVVF", "eps": 0.2068, "epsEstimated": null, "time": "bmo", "revenue": 232073000, "revenueEstimated": null, "fiscalDateEnding": "2023-06-30", "updatedFromDate": "2023-11-02"}, {"date": "2023-08-03", "symbol": "SHC", "eps": 0.21, "epsEstimated": 0.18, "time": "bmo", "revenue": 255282000, "revenueEstimated": 258930000, "fiscalDateEnding": "2023-06-29", "updatedFromDate": "2023-11-02"}, {"date": "2023-08-03", "symbol": "ISMEN.IS", "eps": 0.4503, "epsEstimated": null, "time": "bmo", "revenue": 62194044000, "revenueEstimated": 63338000, "fiscalDateEnding": "2023-06-30", "updatedFromDate": "2023-11-02"}, {"date": "2023-08-03", "symbol": "SXI", "eps": 1.76, "epsEstimated": 1.67, "time": "amc", "revenue": 188327000, "revenueEstimated": 186040000, "fiscalDateEnding": "2023-06-29", "updatedFromDate": "2023-11-02"}, {"date": "2023-08-03", "symbol": "NGE.AX", "eps": null, "epsEstimated": null, "time": "bmo", "revenue": null, "revenueEstimated": null, "fiscalDateEnding": "2023-06-29", "updatedFromDate": "2023-11-03"}, {"date": "2023-08-03", "symbol": "ABCL", "eps": -0.11, "epsEstimated": -0.13, "time": "amc", "revenue": 10056000, "revenueEstimated": 12460000, "fiscalDateEnding": "2023-06-29", "updatedFromDate": "2023-11-02"}, {"date": "2023-08-03", "symbol": "MWA", "eps": 0.18, "epsEstimated": 0.2, "time": "amc", "revenue": 326600000, "revenueEstimated": 347640000, "fiscalDateEnding": "2023-06-29", "updatedFromDate": "2023-11-02"}, {"date": "2023-08-03", "symbol": "OMGA", "eps": -0.54, "epsEstimated": -0.51, "time": "bmo", "revenue": 759000, "revenueEstimated": null, "fiscalDateEnding": "2023-06-29", "updatedFromDate": "2023-11-02"}, {"date": "2023-08-03", "symbol": "INGA.AS", "eps": 1.04, "epsEstimated": 0.47, "time": "bmo", "revenue": 5725000000, "revenueEstimated": 5563900000, "fiscalDateEnding": "2023-06-30", "updatedFromDate": "2023-11-03"}, {"date": "2023-08-03", "symbol": "600732.SS", "eps": 0.4673, "epsEstimated": null, "time": "bmo", "revenue": 8503315491.78, "revenueEstimated": null, "fiscalDateEnding": "2023-06-30", "updatedFromDate": "2023-11-03"}, {"date": "2023-08-03", "symbol": "BKNG", "eps": 37.62, "epsEstimated": 28.9, "time": "amc", "revenue": 5462000000, "revenueEstimated": 5170440000, "fiscalDateEnding": "2023-06-29", "updatedFromDate": "2023-11-02"}, {"date": "2023-08-03", "symbol": "ASRT", "eps": 0.13, "epsEstimated": 0.14, "time": "amc", "revenue": 40991000, "revenueEstimated": 40850000, "fiscalDateEnding": "2023-06-29", "updatedFromDate": "2023-11-02"}, {"date": "2023-08-03", "symbol": "0QF.F", "eps": -3.62205, "epsEstimated": null, "time": "bmo", "revenue": 344000000, "revenueEstimated": null, "fiscalDateEnding": "2023-06-30", "updatedFromDate": "2023-11-03"}, {"date": "2023-08-03", "symbol": "VRNA", "eps": -0.11, "epsEstimated": -0.27, "time": "bmo", "revenue": null, "revenueEstimated": null, "fiscalDateEnding": "2023-06-29", "updatedFromDate": "2023-11-02"}, {"date": "2023-08-03", "symbol": "PCTY", "eps": 1.32, "epsEstimated": 1.08, "time": "amc", "revenue": 308453000, "revenueEstimated": 301660000, "fiscalDateEnding": "2023-06-29", "updatedFromDate": "2023-11-02"}, {"date": "2023-08-03", "symbol": "MYE", "eps": 0.35, "epsEstimated": 0.35, "time": "bmo", "revenue": 208453000, "revenueEstimated": 222860000, "fiscalDateEnding": "2023-06-29", "updatedFromDate": "2023-11-02"}, {"date": "2023-08-03", "symbol": "LOPE", "eps": 1.01, "epsEstimated": 0.89, "time": "amc", "revenue": 210577000, "revenueEstimated": 208100000, "fiscalDateEnding": "2023-06-29", "updatedFromDate": "2023-11-02"}, {"date": "2023-08-03", "symbol": "EURN.BR", "eps": 0.8, "epsEstimated": 0.77, "time": "bmo", "revenue": 348161000, "revenueEstimated": 288910000, "fiscalDateEnding": "2023-06-30", "updatedFromDate": "2023-11-03"}, {"date": "2023-08-03", "symbol": "TRMB", "eps": 0.64, "epsEstimated": 0.58, "time": "bmo", "revenue": 993600000, "revenueEstimated": 974200000, "fiscalDateEnding": "2023-06-29", "updatedFromDate": "2023-11-02"}, {"date": "2023-08-03", "symbol": "PHARM.AS", "eps": 0.00196, "epsEstimated": 0.00098, "time": "bmo", "revenue": 54897000, "revenueEstimated": 47990000, "fiscalDateEnding": "2023-06-30", "updatedFromDate": "2023-11-03"}, {"date": "2023-08-03", "symbol": "PBI", "eps": -0.02, "epsEstimated": -0.01, "time": "bmo", "revenue": 776481000, "revenueEstimated": 809610000, "fiscalDateEnding": "2023-06-29", "updatedFromDate": "2023-11-02"}, {"date": "2023-08-03", "symbol": "INSM", "eps": -1.78, "epsEstimated": -1.1, "time": "bmo", "revenue": 77229000, "revenueEstimated": 70220000, "fiscalDateEnding": "2023-06-29", "updatedFromDate": "2023-11-02"}, {"date": "2023-08-03", "symbol": "VIR", "eps": -1.45, "epsEstimated": -1.21, "time": "amc", "revenue": -12722000, "revenueEstimated": 25890000, "fiscalDateEnding": "2023-06-29", "updatedFromDate": "2023-11-02"}, {"date": "2023-08-03", "symbol": "AIP", "eps": -0.13, "epsEstimated": -0.16, "time": "amc", "revenue": 14734000, "revenueEstimated": 13750000, "fiscalDateEnding": "2023-06-29", "updatedFromDate": "2023-11-02"}, {"date": "2023-08-03", "symbol": "GHI", "eps": 0.85, "epsEstimated": 0.26, "time": "amc", "revenue": 26641542, "revenueEstimated": 27200000, "fiscalDateEnding": "2023-06-29", "updatedFromDate": "2023-11-02"}, {"date": "2023-08-03", "symbol": "FUN", "eps": 1.04, "epsEstimated": 1.02, "time": "bmo", "revenue": 500982000, "revenueEstimated": 505450000, "fiscalDateEnding": "2023-06-24", "updatedFromDate": "2023-11-02"}, {"date": "2023-08-03", "symbol": "ATRO", "eps": -0.37, "epsEstimated": -0.03, "time": "bmo", "revenue": 174454000, "revenueEstimated": 172360000, "fiscalDateEnding": "2023-06-30", "updatedFromDate": "2023-11-02"}, {"date": "2023-08-03", "symbol": "ICD", "eps": -0.07, "epsEstimated": -0.26, "time": "bmo", "revenue": 56356000, "revenueEstimated": 57920000, "fiscalDateEnding": "2023-06-29", "updatedFromDate": "2023-11-02"}, {"date": "2023-08-03", "symbol": "BFF.MI", "eps": 0.14, "epsEstimated": 0.22, "time": "bmo", "revenue": 91129736, "revenueEstimated": null, "fiscalDateEnding": "2023-06-30", "updatedFromDate": "2023-11-03"}, {"date": "2023-08-03", "symbol": "ESN.TO", "eps": -0.04, "epsEstimated": null, "time": "bmo", "revenue": 28573000, "revenueEstimated": null, "fiscalDateEnding": "2023-06-30", "updatedFromDate": "2023-11-03"}, {"date": "2023-08-03", "symbol": "SAND", "eps": 0.01, "epsEstimated": 0.02, "time": "amc", "revenue": 49835000, "revenueEstimated": null, "fiscalDateEnding": "2023-06-30", "updatedFromDate": "2023-11-02"}, {"date": "2023-08-03", "symbol": "VCTR", "eps": 1.11, "epsEstimated": 1.11, "time": "amc", "revenue": 204226000, "revenueEstimated": 212710000, "fiscalDateEnding": "2023-06-29", "updatedFromDate": "2023-11-02"}, {"date": "2023-08-03", "symbol": "CVT", "eps": -0.06, "epsEstimated": 0.05, "time": "bmo", "revenue": null, "revenueEstimated": null, "fiscalDateEnding": "2023-06-30", "updatedFromDate": "2023-11-02"}, {"date": "2023-08-03", "symbol": "FATBB", "eps": 0.08, "epsEstimated": null, "time": "amc", "revenue": 106764000, "revenueEstimated": null, "fiscalDateEnding": "2023-06-24", "updatedFromDate": "2023-11-02"}, {"date": "2023-08-03", "symbol": "002583.SZ", "eps": 0.07613, "epsEstimated": null, "time": "bmo", "revenue": 1400951418.66, "revenueEstimated": null, "fiscalDateEnding": "2023-06-30", "updatedFromDate": "2023-11-03"}, {"date": "2023-08-03", "symbol": "UDMY", "eps": -0.01, "epsEstimated": -0.08, "time": "amc", "revenue": 178240000, "revenueEstimated": 173160000, "fiscalDateEnding": "2023-06-29", "updatedFromDate": "2023-11-02"}, {"date": "2023-08-03", "symbol": "OCSL", "eps": 0.62, "epsEstimated": 0.64, "time": "bmo", "revenue": 37892000, "revenueEstimated": 103090000, "fiscalDateEnding": "2023-06-29", "updatedFromDate": "2023-11-02"}, {"date": "2023-08-03", "symbol": "SCF.MI", "eps": 0.2721, "epsEstimated": null, "time": "bmo", "revenue": 204765070, "revenueEstimated": null, "fiscalDateEnding": "2023-06-30", "updatedFromDate": "2023-11-03"}, {"date": "2023-08-03", "symbol": "AULGF", "eps": null, "epsEstimated": 0.62, "time": "bmo", "revenue": null, "revenueEstimated": null, "fiscalDateEnding": "2023-06-30", "updatedFromDate": "2023-11-02"}, {"date": "2023-08-03", "symbol": "2014.TW", "eps": -0.15, "epsEstimated": 0.12, "time": "bmo", "revenue": 9734937000, "revenueEstimated": 9202500000, "fiscalDateEnding": "2023-06-30", "updatedFromDate": "2023-11-03"}, {"date": "2023-08-03", "symbol": "4477.T", "eps": -0.12, "epsEstimated": null, "time": "bmo", "revenue": 2842000000, "revenueEstimated": 2570000, "fiscalDateEnding": "2023-06-30", "updatedFromDate": "2023-11-03"}, {"date": "2023-08-03", "symbol": "CRD-A", "eps": 0.24, "epsEstimated": 0.26, "time": "bmo", "revenue": 333738000, "revenueEstimated": null, "fiscalDateEnding": "2023-06-29", "updatedFromDate": "2023-11-03"}, {"date": "2023-08-03", "symbol": "MDU", "eps": 0.29, "epsEstimated": 0.35, "time": "bmo", "revenue": 1091100000, "revenueEstimated": 1494300000, "fiscalDateEnding": "2023-06-29", "updatedFromDate": "2023-11-02"}, {"date": "2023-08-03", "symbol": "CAS.TO", "eps": 0.27, "epsEstimated": 0.25, "time": "bmo", "revenue": 1168000000, "revenueEstimated": 1192000000, "fiscalDateEnding": "2023-06-30", "updatedFromDate": "2023-11-03"}, {"date": "2023-08-03", "symbol": "BE", "eps": -0.17, "epsEstimated": -0.14, "time": "amc", "revenue": 301095000, "revenueEstimated": 313780000, "fiscalDateEnding": "2023-06-29", "updatedFromDate": "2023-11-02"}, {"date": "2023-08-03", "symbol": "HWX.TO", "eps": 0.13, "epsEstimated": 0.15, "time": "bmo", "revenue": 118967000, "revenueEstimated": null, "fiscalDateEnding": "2023-06-30", "updatedFromDate": "2023-11-03"}, {"date": "2023-08-03", "symbol": "3484.T", "eps": 11.17, "epsEstimated": null, "time": "bmo", "revenue": null, "revenueEstimated": null, "fiscalDateEnding": "2023-12-30", "updatedFromDate": "2023-11-03"}, {"date": "2023-08-03", "symbol": "BKI", "eps": 0.44, "epsEstimated": 0.5, "time": "bmo", "revenue": 368200000, "revenueEstimated": 376510000, "fiscalDateEnding": "2023-06-29", "updatedFromDate": "2023-11-02"}, {"date": "2023-08-03", "symbol": "KBAL", "eps": null, "epsEstimated": 0.35, "time": "bmo", "revenue": null, "revenueEstimated": 176200000, "fiscalDateEnding": "2023-06-30", "updatedFromDate": "2023-11-02"}, {"date": "2023-08-03", "symbol": "XTC.TO", "eps": 0.16, "epsEstimated": 0.17, "time": "bmo", "revenue": 164551000, "revenueEstimated": 161000000, "fiscalDateEnding": "2023-06-30", "updatedFromDate": "2023-11-03"}, {"date": "2023-08-03", "symbol": "SNSE", "eps": -0.31, "epsEstimated": -0.32, "time": "bmo", "revenue": null, "revenueEstimated": null, "fiscalDateEnding": "2023-06-29", "updatedFromDate": "2023-11-02"}, {"date": "2023-08-03", "symbol": "SNDX", "eps": -0.64, "epsEstimated": -0.73, "time": "amc", "revenue": null, "revenueEstimated": null, "fiscalDateEnding": "2023-06-29", "updatedFromDate": "2023-11-02"}, {"date": "2023-08-03", "symbol": "8938.TWO", "eps": 1.13, "epsEstimated": 3.66, "time": "bmo", "revenue": 3108328000, "revenueEstimated": 5527000000, "fiscalDateEnding": "2023-06-30", "updatedFromDate": "2023-11-03"}, {"date": "2023-08-03", "symbol": "WFSTF", "eps": -0.0663, "epsEstimated": null, "time": "bmo", "revenue": 276000000, "revenueEstimated": null, "fiscalDateEnding": "2023-06-30", "updatedFromDate": "2023-11-02"}, {"date": "2023-08-03", "symbol": "LNG", "eps": 5.61, "epsEstimated": 2.71, "time": "bmo", "revenue": 4102000000, "revenueEstimated": 3878440000, "fiscalDateEnding": "2023-06-29", "updatedFromDate": "2023-11-02"}, {"date": "2023-08-03", "symbol": "SSUMY", "eps": 0.77, "epsEstimated": null, "time": "--", "revenue": null, "revenueEstimated": null, "fiscalDateEnding": "2023-12-30", "updatedFromDate": "2023-11-02"}, {"date": "2023-08-03", "symbol": "BCE.TO", "eps": 0.79, "epsEstimated": 0.8, "time": "bmo", "revenue": 6066000000, "revenueEstimated": 6045350000, "fiscalDateEnding": "2023-06-30", "updatedFromDate": "2023-11-03"}, {"date": "2023-08-03", "symbol": "6482.T", "eps": 3.8, "epsEstimated": null, "time": "bmo", "revenue": null, "revenueEstimated": null, "fiscalDateEnding": "2023-12-30", "updatedFromDate": "2023-11-03"}, {"date": "2023-08-03", "symbol": "1464.TW", "eps": -0.09, "epsEstimated": null, "time": "bmo", "revenue": 2088265000, "revenueEstimated": null, "fiscalDateEnding": "2023-06-30", "updatedFromDate": "2023-11-03"}, {"date": "2023-08-03", "symbol": "RGA", "eps": 4.4, "epsEstimated": 4.12, "time": "amc", "revenue": 4156000000, "revenueEstimated": 4156000000, "fiscalDateEnding": "2023-06-29", "updatedFromDate": "2023-11-02"}, {"date": "2023-08-03", "symbol": "COHU", "eps": 0.48, "epsEstimated": 0.43, "time": "bmo", "revenue": 168921000, "revenueEstimated": 166850000, "fiscalDateEnding": "2023-06-30", "updatedFromDate": "2023-11-02"}, {"date": "2023-08-03", "symbol": "5706.TW", "eps": 0.91, "epsEstimated": null, "time": "bmo", "revenue": 513096000, "revenueEstimated": null, "fiscalDateEnding": "2023-06-30", "updatedFromDate": "2023-11-03"}, {"date": "2023-08-03", "symbol": "PRVA", "eps": 0.06, "epsEstimated": 0.06, "time": "bmo", "revenue": 413351000, "revenueEstimated": 685980000, "fiscalDateEnding": "2023-06-29", "updatedFromDate": "2023-11-02"}, {"date": "2023-08-03", "symbol": "MNST", "eps": 0.39, "epsEstimated": 0.39, "time": "amc", "revenue": 1854961000, "revenueEstimated": 1870490000, "fiscalDateEnding": "2023-06-29", "updatedFromDate": "2023-11-02"}, {"date": "2023-08-03", "symbol": "6652.T", "eps": 50.13, "epsEstimated": null, "time": "bmo", "revenue": null, "revenueEstimated": null, "fiscalDateEnding": "2023-12-30", "updatedFromDate": "2023-11-03"}, {"date": "2023-08-03", "symbol": "NTDOY", "eps": 0.28, "epsEstimated": 0.17, "time": "--", "revenue": null, "revenueEstimated": null, "fiscalDateEnding": "2023-12-30", "updatedFromDate": "2023-11-13"}, {"date": "2023-08-03", "symbol": "TKR", "eps": 2.01, "epsEstimated": 2.08, "time": "bmo", "revenue": 1272300000, "revenueEstimated": 1296850000, "fiscalDateEnding": "2023-06-29", "updatedFromDate": "2023-11-02"}, {"date": "2023-08-03", "symbol": "8935.T", "eps": 24.93, "epsEstimated": null, "time": "bmo", "revenue": null, "revenueEstimated": null, "fiscalDateEnding": "2023-12-30", "updatedFromDate": "2023-11-03"}, {"date": "2023-08-03", "symbol": "5208.T", "eps": -6.1, "epsEstimated": null, "time": "bmo", "revenue": null, "revenueEstimated": 9700000, "fiscalDateEnding": "2023-12-30", "updatedFromDate": "2023-11-03"}, {"date": "2023-08-03", "symbol": "PHGUF", "eps": 0.00196, "epsEstimated": 0.00098, "time": "--", "revenue": 54897000, "revenueEstimated": null, "fiscalDateEnding": "2023-06-30", "updatedFromDate": "2023-11-02"}, {"date": "2023-08-03", "symbol": "3773.T", "eps": null, "epsEstimated": null, "time": "bmo", "revenue": null, "revenueEstimated": 1430000, "fiscalDateEnding": "2023-12-30", "updatedFromDate": "2023-11-03"}, {"date": "2023-08-03", "symbol": "7198.T", "eps": 8.74, "epsEstimated": 11.09, "time": "bmo", "revenue": null, "revenueEstimated": 4560000, "fiscalDateEnding": "2023-12-30", "updatedFromDate": "2023-11-03"}, {"date": "2023-08-03", "symbol": "4582.T", "eps": -2.12, "epsEstimated": null, "time": "bmo", "revenue": 1633852000, "revenueEstimated": null, "fiscalDateEnding": "2023-06-30", "updatedFromDate": "2023-11-03"}, {"date": "2023-08-03", "symbol": "FCIT.L", "eps": null, "epsEstimated": null, "time": "bmo", "revenue": null, "revenueEstimated": null, "fiscalDateEnding": "2023-06-30", "updatedFromDate": "2023-11-03"}, {"date": "2023-08-03", "symbol": "STKS", "eps": 0.06, "epsEstimated": 0.17, "time": "amc", "revenue": 83393000, "revenueEstimated": 91630000, "fiscalDateEnding": "2023-06-29", "updatedFromDate": "2023-11-02"}, {"date": "2023-08-03", "symbol": "3612.T", "eps": 98.79, "epsEstimated": null, "time": "bmo", "revenue": null, "revenueEstimated": 53417000, "fiscalDateEnding": "2023-12-30", "updatedFromDate": "2023-11-03"}, {"date": "2023-08-03", "symbol": "8173.T", "eps": null, "epsEstimated": null, "time": "bmo", "revenue": null, "revenueEstimated": null, "fiscalDateEnding": "2023-12-30", "updatedFromDate": "2023-11-03"}, {"date": "2023-08-03", "symbol": "7979.T", "eps": 38.74, "epsEstimated": null, "time": "bmo", "revenue": null, "revenueEstimated": 21270000, "fiscalDateEnding": "2023-12-30", "updatedFromDate": "2023-11-03"}, {"date": "2023-08-03", "symbol": "AHKSY", "eps": 0.13, "epsEstimated": null, "time": "--", "revenue": null, "revenueEstimated": null, "fiscalDateEnding": "2023-12-30", "updatedFromDate": "2023-11-02"}, {"date": "2023-08-03", "symbol": "GHLD", "eps": 0.15, "epsEstimated": 0.05, "time": "amc", "revenue": 236811000, "revenueEstimated": 179240000, "fiscalDateEnding": "2023-06-29", "updatedFromDate": "2023-11-02"}, {"date": "2023-08-03", "symbol": "NDA.V", "eps": null, "epsEstimated": null, "time": "bmo", "revenue": null, "revenueEstimated": null, "fiscalDateEnding": "2023-09-30", "updatedFromDate": "2023-08-16"}, {"date": "2023-08-03", "symbol": "6771.T", "eps": -18.91, "epsEstimated": null, "time": "bmo", "revenue": null, "revenueEstimated": null, "fiscalDateEnding": "2023-12-30", "updatedFromDate": "2023-11-03"}, {"date": "2023-08-03", "symbol": "MLFNF", "eps": -0.44179, "epsEstimated": null, "time": "bmo", "revenue": 1269664000, "revenueEstimated": null, "fiscalDateEnding": "2023-06-30", "updatedFromDate": "2023-11-02"}, {"date": "2023-08-03", "symbol": "PWP", "eps": 0.16, "epsEstimated": 0.1, "time": "bmo", "revenue": 165545000, "revenueEstimated": 142610000, "fiscalDateEnding": "2023-06-29", "updatedFromDate": "2023-11-02"}, {"date": "2023-08-03", "symbol": "7705.T", "eps": 65.56, "epsEstimated": null, "time": "bmo", "revenue": null, "revenueEstimated": null, "fiscalDateEnding": "2023-12-30", "updatedFromDate": "2023-11-03"}, {"date": "2023-08-03", "symbol": "6590.T", "eps": 406.02, "epsEstimated": 339.5, "time": "bmo", "revenue": null, "revenueEstimated": 14660000, "fiscalDateEnding": "2023-12-30", "updatedFromDate": "2023-11-03"}, {"date": "2023-08-03", "symbol": "ARML3.SA", "eps": 0.13, "epsEstimated": 0.1, "time": "bmo", "revenue": 310938000, "revenueEstimated": null, "fiscalDateEnding": "2023-06-30", "updatedFromDate": "2023-11-03"}, {"date": "2023-08-03", "symbol": "OSA", "eps": -0.43, "epsEstimated": -0.31, "time": "bmo", "revenue": 6933910, "revenueEstimated": null, "fiscalDateEnding": "2023-06-29", "updatedFromDate": "2023-11-02"}, {"date": "2023-08-03", "symbol": "KELTF", "eps": 0.1314, "epsEstimated": null, "time": "bmo", "revenue": 110061000, "revenueEstimated": null, "fiscalDateEnding": "2023-06-30", "updatedFromDate": "2023-11-02"}, {"date": "2023-08-03", "symbol": "GNMSF", "eps": 3.01, "epsEstimated": 19.15, "time": "--", "revenue": 4198000000, "revenueEstimated": null, "fiscalDateEnding": "2023-06-30", "updatedFromDate": "2023-11-02"}, {"date": "2023-08-03", "symbol": "EGR1T.TL", "eps": null, "epsEstimated": 0.08, "time": "bmo", "revenue": null, "revenueEstimated": null, "fiscalDateEnding": "2023-06-30", "updatedFromDate": "2023-08-16"}, {"date": "2023-08-03", "symbol": "BMW.DE", "eps": 4.39, "epsEstimated": 4.75, "time": "bmo", "revenue": 37219000000, "revenueEstimated": 36970100000, "fiscalDateEnding": "2023-06-30", "updatedFromDate": "2023-11-03"}, {"date": "2023-08-03", "symbol": "ZIL2.DE", "eps": 0.04, "epsEstimated": null, "time": "bmo", "revenue": 468722000, "revenueEstimated": null, "fiscalDateEnding": "2023-06-30", "updatedFromDate": "2023-11-03"}, {"date": "2023-08-03", "symbol": "DAM.DE", "eps": 1.08, "epsEstimated": null, "time": "bmo", "revenue": 66704000, "revenueEstimated": null, "fiscalDateEnding": "2023-06-30", "updatedFromDate": "2023-11-03"}, {"date": "2023-08-03", "symbol": "UTDI.DE", "eps": 0.3783, "epsEstimated": null, "time": "bmo", "revenue": 1489816000, "revenueEstimated": 1530760000, "fiscalDateEnding": "2023-06-30", "updatedFromDate": "2023-11-03"}, {"date": "2023-08-03", "symbol": "4588.T", "eps": -31.46523, "epsEstimated": null, "time": "bmo", "revenue": 28038000, "revenueEstimated": null, "fiscalDateEnding": "2023-06-30", "updatedFromDate": "2023-11-03"}, {"date": "2023-08-03", "symbol": "SGBAF", "eps": 0.11, "epsEstimated": null, "time": "--", "revenue": 497000000, "revenueEstimated": null, "fiscalDateEnding": "2023-06-30", "updatedFromDate": "2023-11-02"}, {"date": "2023-08-03", "symbol": "SUPRIYA.NS", "eps": null, "epsEstimated": null, "time": "bmo", "revenue": null, "revenueEstimated": null, "fiscalDateEnding": "2023-12-30", "updatedFromDate": "2023-11-03"}, {"date": "2023-08-03", "symbol": "ORLA", "eps": 0.05, "epsEstimated": 0.05, "time": "amc", "revenue": 59272000, "revenueEstimated": null, "fiscalDateEnding": "2023-06-30", "updatedFromDate": "2023-11-02"}, {"date": "2023-08-03", "symbol": "019680.KS", "eps": -182.92538, "epsEstimated": null, "time": "bmo", "revenue": 164420189000, "revenueEstimated": 170389000, "fiscalDateEnding": "2023-06-30", "updatedFromDate": "2023-11-03"}, {"date": "2023-08-03", "symbol": "PTCT", "eps": -2.66, "epsEstimated": -1.58, "time": "amc", "revenue": 213808000, "revenueEstimated": 206990000, "fiscalDateEnding": "2023-06-29", "updatedFromDate": "2023-11-02"}, {"date": "2023-08-03", "symbol": "MRNA", "eps": -3.62, "epsEstimated": -3.84, "time": "bmo", "revenue": 344000000, "revenueEstimated": 319640000, "fiscalDateEnding": "2023-06-29", "updatedFromDate": "2023-11-02"}, {"date": "2023-08-03", "symbol": "KG.SW", "eps": 0.1219, "epsEstimated": null, "time": "bmo", "revenue": 1092300000, "revenueEstimated": null, "fiscalDateEnding": "2023-06-30", "updatedFromDate": "2023-11-03"}, {"date": "2023-08-03", "symbol": "KRTX", "eps": -2.75, "epsEstimated": -2.76, "time": "bmo", "revenue": null, "revenueEstimated": 360000, "fiscalDateEnding": "2023-06-29", "updatedFromDate": "2023-11-02"}, {"date": "2023-08-03", "symbol": "CGNX", "eps": 0.32, "epsEstimated": 0.28, "time": "bmo", "revenue": 242512000, "revenueEstimated": 237760000, "fiscalDateEnding": "2023-07-01", "updatedFromDate": "2023-11-02"}, {"date": "2023-08-03", "symbol": "TRSWF", "eps": 0.04869, "epsEstimated": null, "time": "bmo", "revenue": 99000000, "revenueEstimated": null, "fiscalDateEnding": "2023-06-30", "updatedFromDate": "2023-11-02"}, {"date": "2023-08-03", "symbol": "LEV.TO", "eps": -0.05, "epsEstimated": -0.09, "time": "bmo", "revenue": 58015843, "revenueEstimated": 109320000, "fiscalDateEnding": "2023-06-30", "updatedFromDate": "2023-11-03"}, {"date": "2023-08-03", "symbol": "PMZ-UN.TO", "eps": 0.3387, "epsEstimated": null, "time": "bmo", "revenue": 95965000, "revenueEstimated": null, "fiscalDateEnding": "2023-06-30", "updatedFromDate": "2023-11-03"}, {"date": "2023-08-03", "symbol": "MTLA.DE", "eps": 2.17, "epsEstimated": null, "time": "bmo", "revenue": 2403000000, "revenueEstimated": null, "fiscalDateEnding": "2023-06-30", "updatedFromDate": "2023-11-03"}, {"date": "2023-08-03", "symbol": "600418.SS", "eps": 0.0034, "epsEstimated": 0.16, "time": "bmo", "revenue": 11622082988.37, "revenueEstimated": null, "fiscalDateEnding": "2023-06-30", "updatedFromDate": "2023-11-03"}, {"date": "2023-08-03", "symbol": "ALGS", "eps": -0.43, "epsEstimated": -0.5, "time": "amc", "revenue": 6886000, "revenueEstimated": null, "fiscalDateEnding": "2023-06-29", "updatedFromDate": "2023-11-02"}, {"date": "2023-08-03", "symbol": "HGHAF", "eps": -0.00199, "epsEstimated": null, "time": "bmo", "revenue": 17234000, "revenueEstimated": null, "fiscalDateEnding": "2023-06-30", "updatedFromDate": "2023-11-02"}, {"date": "2023-08-03", "symbol": "BHC.TO", "eps": 0.82, "epsEstimated": 0.76, "time": "bmo", "revenue": 2167000000, "revenueEstimated": 2702950000, "fiscalDateEnding": "2023-06-30", "updatedFromDate": "2023-11-03"}, {"date": "2023-08-03", "symbol": "ELEV", "eps": -0.37, "epsEstimated": -0.28, "time": "bmo", "revenue": null, "revenueEstimated": null, "fiscalDateEnding": "2023-06-29", "updatedFromDate": "2023-11-02"}, {"date": "2023-08-03", "symbol": "CLLS", "eps": -0.14, "epsEstimated": -0.38, "time": "bmo", "revenue": 178000, "revenueEstimated": null, "fiscalDateEnding": "2023-06-30", "updatedFromDate": "2023-11-02"}, {"date": "2023-08-03", "symbol": "PETR3.SA", "eps": 2.21, "epsEstimated": 2.08, "time": "bmo", "revenue": 22979000000, "revenueEstimated": null, "fiscalDateEnding": "2023-06-30", "updatedFromDate": "2023-11-03"}, {"date": "2023-08-03", "symbol": "MERC", "eps": -1.48, "epsEstimated": -1.04, "time": "amc", "revenue": 529863000, "revenueEstimated": 453050000, "fiscalDateEnding": "2023-06-29", "updatedFromDate": "2023-11-02"}, {"date": "2023-08-03", "symbol": "7609.T", "eps": 83.09, "epsEstimated": null, "time": "bmo", "revenue": 21412458000, "revenueEstimated": null, "fiscalDateEnding": "2023-06-30", "updatedFromDate": "2023-11-03"}, {"date": "2023-08-03", "symbol": "1U1.DE", "eps": 0.49, "epsEstimated": 0.46, "time": "bmo", "revenue": 972061000, "revenueEstimated": 1014430000, "fiscalDateEnding": "2023-06-30", "updatedFromDate": "2023-11-03"}, {"date": "2023-08-03", "symbol": "ACAST.ST", "eps": -0.08, "epsEstimated": null, "time": "bmo", "revenue": 386301000, "revenueEstimated": 386301000, "fiscalDateEnding": "2023-06-30", "updatedFromDate": "2023-11-03"}, {"date": "2023-08-03", "symbol": "ATSG", "eps": 0.57, "epsEstimated": 0.37, "time": "amc", "revenue": 501095000, "revenueEstimated": 529040000, "fiscalDateEnding": "2023-03-30", "updatedFromDate": "2023-11-02"}, {"date": "2023-08-03", "symbol": "AXLA", "eps": -1.25, "epsEstimated": -1.25, "time": "bmo", "revenue": null, "revenueEstimated": null, "fiscalDateEnding": "2023-06-29", "updatedFromDate": "2023-11-02"}, {"date": "2023-08-03", "symbol": "PBF", "eps": 2.29, "epsEstimated": 2.22, "time": "bmo", "revenue": 9157600000, "revenueEstimated": 8934060000, "fiscalDateEnding": "2023-06-29", "updatedFromDate": "2023-11-02"}, {"date": "2023-08-03", "symbol": "CUBE", "eps": 0.43, "epsEstimated": 0.42, "time": "amc", "revenue": 260805000, "revenueEstimated": 234480000, "fiscalDateEnding": "2023-06-29", "updatedFromDate": "2023-11-02"}, {"date": "2023-08-03", "symbol": "8483.HK", "eps": 0.00213, "epsEstimated": null, "time": "bmo", "revenue": 21591000, "revenueEstimated": null, "fiscalDateEnding": "2023-06-30", "updatedFromDate": "2023-11-03"}, {"date": "2023-08-03", "symbol": "IF.MI", "eps": 0.86, "epsEstimated": null, "time": "bmo", "revenue": 178505000, "revenueEstimated": null, "fiscalDateEnding": "2023-06-30", "updatedFromDate": "2023-11-03"}, {"date": "2023-08-03", "symbol": "GSL", "eps": 2.09, "epsEstimated": 2.08, "time": "bmo", "revenue": 160399000, "revenueEstimated": 165230000, "fiscalDateEnding": "2023-06-30", "updatedFromDate": "2023-11-02"}, {"date": "2023-08-03", "symbol": "APTV", "eps": 1.25, "epsEstimated": 1.03, "time": "bmo", "revenue": 5200000000, "revenueEstimated": 5045360000, "fiscalDateEnding": "2023-06-29", "updatedFromDate": "2023-11-02"}, {"date": "2023-08-03", "symbol": "BNORDIK-CSE.CO", "eps": 7.3, "epsEstimated": 6.21, "time": "bmo", "revenue": 172360000, "revenueEstimated": 104000000, "fiscalDateEnding": "2023-06-30", "updatedFromDate": "2023-11-03"}, {"date": "2023-08-03", "symbol": "DOV.MI", "eps": 0.0768, "epsEstimated": null, "time": "bmo", "revenue": 126913000, "revenueEstimated": null, "fiscalDateEnding": "2023-06-30", "updatedFromDate": "2023-11-03"}, {"date": "2023-08-03", "symbol": "ING", "eps": 0.65, "epsEstimated": 0.55, "time": "bmo", "revenue": 5725000000, "revenueEstimated": null, "fiscalDateEnding": "2023-06-30", "updatedFromDate": "2023-11-02"}, {"date": "2023-08-03", "symbol": "SAVE", "eps": 0.29, "epsEstimated": 0.38, "time": "amc", "revenue": 1432472000, "revenueEstimated": 1472640000, "fiscalDateEnding": "2023-06-29", "updatedFromDate": "2023-11-02"}, {"date": "2023-08-03", "symbol": "PBPB", "eps": 0.07, "epsEstimated": 0.07, "time": "amc", "revenue": 126623000, "revenueEstimated": 127070000, "fiscalDateEnding": "2023-06-24", "updatedFromDate": "2023-11-02"}, {"date": "2023-08-03", "symbol": "SO", "eps": 0.79, "epsEstimated": 0.75, "time": "bmo", "revenue": 5748000000, "revenueEstimated": 6472660000, "fiscalDateEnding": "2023-06-29", "updatedFromDate": "2023-11-02"}, {"date": "2023-08-03", "symbol": "MGTA", "eps": 0.05, "epsEstimated": 0.19, "time": "bmo", "revenue": null, "revenueEstimated": null, "fiscalDateEnding": "2023-06-29", "updatedFromDate": "2023-11-02"}, {"date": "2023-08-03", "symbol": "BWXT", "eps": 0.65, "epsEstimated": 0.59, "time": "amc", "revenue": 612445000, "revenueEstimated": 575120000, "fiscalDateEnding": "2023-06-29", "updatedFromDate": "2023-11-02"}, {"date": "2023-08-03", "symbol": "BSIG", "eps": 0.28, "epsEstimated": 0.28, "time": "bmo", "revenue": 96300000, "revenueEstimated": 84500000, "fiscalDateEnding": "2023-06-29", "updatedFromDate": "2023-11-02"}, {"date": "2023-08-03", "symbol": "WBD", "eps": -0.51, "epsEstimated": -0.39, "time": "bmo", "revenue": 10358000000, "revenueEstimated": 10456400000, "fiscalDateEnding": "2023-06-29", "updatedFromDate": "2023-11-02"}, {"date": "2023-08-03", "symbol": "MGAM.L", "eps": null, "epsEstimated": null, "time": "bmo", "revenue": null, "revenueEstimated": null, "fiscalDateEnding": "2023-06-29", "updatedFromDate": "2023-11-03"}, {"date": "2023-08-03", "symbol": "WLKP", "eps": 0.34, "epsEstimated": 0.38, "time": "bmo", "revenue": 264177000, "revenueEstimated": 346550000, "fiscalDateEnding": "2023-06-29", "updatedFromDate": "2023-11-02"}, {"date": "2023-08-03", "symbol": "CIM", "eps": 0.12, "epsEstimated": 0.15, "time": "bmo", "revenue": 57376000, "revenueEstimated": 79690000, "fiscalDateEnding": "2023-06-29", "updatedFromDate": "2023-11-02"}, {"date": "2023-08-03", "symbol": "033780.KS", "eps": 1727, "epsEstimated": 1874.1, "time": "bmo", "revenue": 1335994924000, "revenueEstimated": 1448570000, "fiscalDateEnding": "2023-06-30", "updatedFromDate": "2023-11-03"}, {"date": "2023-08-03", "symbol": "002683.SZ", "eps": 0.3582, "epsEstimated": null, "time": "bmo", "revenue": 2972799271.19, "revenueEstimated": null, "fiscalDateEnding": "2023-06-30", "updatedFromDate": "2023-11-03"}, {"date": "2023-08-03", "symbol": "TXG.TO", "eps": 0.6, "epsEstimated": 0.55, "time": "bmo", "revenue": 211300000, "revenueEstimated": null, "fiscalDateEnding": "2023-06-30", "updatedFromDate": "2023-11-03"}, {"date": "2023-08-03", "symbol": "QTCOM.HE", "eps": 0.31, "epsEstimated": 0.36, "time": "bmo", "revenue": 43469000, "revenueEstimated": 47120000, "fiscalDateEnding": "2023-06-30", "updatedFromDate": "2023-11-03"}, {"date": "2023-08-03", "symbol": "002891.SZ", "eps": 0.27, "epsEstimated": 0.21, "time": "bmo", "revenue": 1009263099.75, "revenueEstimated": null, "fiscalDateEnding": "2023-06-30", "updatedFromDate": "2023-11-03"}, {"date": "2023-08-03", "symbol": "RNW.TO", "eps": 0.05, "epsEstimated": 0.16, "time": "bmo", "revenue": 99000000, "revenueEstimated": 110780000, "fiscalDateEnding": "2023-06-30", "updatedFromDate": "2023-11-03"}, {"date": "2023-08-03", "symbol": "BFLY", "eps": -0.14, "epsEstimated": -0.17, "time": "bmo", "revenue": 18487000, "revenueEstimated": 18010000, "fiscalDateEnding": "2023-06-29", "updatedFromDate": "2023-11-02"}, {"date": "2023-08-03", "symbol": "COMM", "eps": 0.19, "epsEstimated": 0.39, "time": "bmo", "revenue": 1918400000, "revenueEstimated": 2028830000, "fiscalDateEnding": "2023-06-29", "updatedFromDate": "2023-11-02"}, {"date": "2023-08-03", "symbol": "AGS", "eps": 0.02, "epsEstimated": null, "time": "amc", "revenue": 89832000, "revenueEstimated": 82370000, "fiscalDateEnding": "2023-06-29", "updatedFromDate": "2023-11-02"}, {"date": "2023-08-03", "symbol": "603083.SS", "eps": 0.3201, "epsEstimated": null, "time": "bmo", "revenue": 665525883.14, "revenueEstimated": null, "fiscalDateEnding": "2023-06-30", "updatedFromDate": "2023-11-03"}, {"date": "2023-08-03", "symbol": "VNT", "eps": 0.67, "epsEstimated": 0.65, "time": "bmo", "revenue": 764400000, "revenueEstimated": 747950000, "fiscalDateEnding": "2023-06-29", "updatedFromDate": "2023-11-02"}, {"date": "2023-08-03", "symbol": "FOXF", "eps": 1.21, "epsEstimated": 1.13, "time": "amc", "revenue": 400715000, "revenueEstimated": 401860000, "fiscalDateEnding": "2023-06-29", "updatedFromDate": "2023-11-02"}, {"date": "2023-08-03", "symbol": "TSLX", "eps": 0.59, "epsEstimated": 0.55, "time": "amc", "revenue": 65135000, "revenueEstimated": 102100000, "fiscalDateEnding": "2023-06-29", "updatedFromDate": "2023-11-02"}, {"date": "2023-08-03", "symbol": "8071.HK", "eps": -0.00029, "epsEstimated": null, "time": "bmo", "revenue": 5443000, "revenueEstimated": null, "fiscalDateEnding": "2023-06-30", "updatedFromDate": "2023-11-03"}, {"date": "2023-08-03", "symbol": "IFSPF", "eps": -0.27432, "epsEstimated": null, "time": "bmo", "revenue": 871800000, "revenueEstimated": null, "fiscalDateEnding": "2023-06-30", "updatedFromDate": "2023-11-02"}, {"date": "2023-08-03", "symbol": "0008.HK", "eps": null, "epsEstimated": null, "time": "bmo", "revenue": null, "revenueEstimated": null, "fiscalDateEnding": "2023-06-30", "updatedFromDate": "2023-11-03"}, {"date": "2023-08-03", "symbol": "MF", "eps": null, "epsEstimated": null, "time": "bmo", "revenue": null, "revenueEstimated": null, "fiscalDateEnding": "2023-06-30", "updatedFromDate": "2023-11-02"}, {"date": "2023-08-03", "symbol": "PHAR", "eps": 0.02, "epsEstimated": -0.02, "time": "bmo", "revenue": 54897000, "revenueEstimated": null, "fiscalDateEnding": "2023-06-30", "updatedFromDate": "2023-11-02"}, {"date": "2023-08-03", "symbol": "MNDI.L", "eps": null, "epsEstimated": null, "time": "bmo", "revenue": null, "revenueEstimated": null, "fiscalDateEnding": "2023-06-30", "updatedFromDate": "2023-11-03"}, {"date": "2023-08-03", "symbol": "DHIL", "eps": 2.35, "epsEstimated": null, "time": "amc", "revenue": 33350637, "revenueEstimated": null, "fiscalDateEnding": "2023-06-29", "updatedFromDate": "2023-11-02"}, {"date": "2023-08-03", "symbol": "THRY", "eps": 0.43, "epsEstimated": 0.56, "time": "bmo", "revenue": 251421000, "revenueEstimated": 252020000, "fiscalDateEnding": "2023-06-29", "updatedFromDate": "2023-11-02"}, {"date": "2023-08-03", "symbol": "GLT", "eps": -0.45, "epsEstimated": null, "time": "bmo", "revenue": 357005000, "revenueEstimated": 373903000, "fiscalDateEnding": "2023-06-29", "updatedFromDate": "2023-11-02"}, {"date": "2023-08-03", "symbol": "PBA", "eps": 0.44, "epsEstimated": 0.43, "time": "amc", "revenue": 2070000000, "revenueEstimated": 1656920000, "fiscalDateEnding": "2023-06-30", "updatedFromDate": "2023-11-02"}, {"date": "2023-08-03", "symbol": "DLX", "eps": 0.93, "epsEstimated": 0.61, "time": "bmo", "revenue": 571700000, "revenueEstimated": 547930000, "fiscalDateEnding": "2023-06-29", "updatedFromDate": "2023-11-02"}, {"date": "2023-08-03", "symbol": "ECIA", "eps": -0.01, "epsEstimated": null, "time": "--", "revenue": 1653000, "revenueEstimated": null, "fiscalDateEnding": "2023-06-29", "updatedFromDate": "2023-11-02"}, {"date": "2023-08-03", "symbol": "STWD", "eps": 0.49, "epsEstimated": 0.48, "time": "bmo", "revenue": 407196000, "revenueEstimated": 524420000, "fiscalDateEnding": "2023-06-29", "updatedFromDate": "2023-11-02"}, {"date": "2023-08-03", "symbol": "AORT", "eps": 0.06, "epsEstimated": 0.05561, "time": "amc", "revenue": 89251000, "revenueEstimated": 84240000, "fiscalDateEnding": "2023-06-29", "updatedFromDate": "2023-11-02"}, {"date": "2023-08-03", "symbol": "TUERF", "eps": 0.00861, "epsEstimated": null, "time": "bmo", "revenue": 32690000, "revenueEstimated": null, "fiscalDateEnding": "2023-06-30", "updatedFromDate": "2023-11-02"}, {"date": "2023-08-03", "symbol": "BV", "eps": 0.44, "epsEstimated": 0.38, "time": "bmo", "revenue": 766000000, "revenueEstimated": 760700000, "fiscalDateEnding": "2023-06-29", "updatedFromDate": "2023-11-02"}, {"date": "2023-08-03", "symbol": "COLD", "eps": -0.36, "epsEstimated": 0.26, "time": "amc", "revenue": 649610000, "revenueEstimated": null, "fiscalDateEnding": "2023-06-29", "updatedFromDate": "2023-11-02"}, {"date": "2023-08-03", "symbol": "SNN", "eps": 0.0985, "epsEstimated": null, "time": "bmo", "revenue": 1367000000, "revenueEstimated": null, "fiscalDateEnding": "2023-07-01", "updatedFromDate": "2023-11-02"}, {"date": "2023-08-03", "symbol": "RAIN.NS", "eps": 4.93, "epsEstimated": null, "time": "bmo", "revenue": 46271470000, "revenueEstimated": null, "fiscalDateEnding": "2023-06-30", "updatedFromDate": "2023-11-03"}, {"date": "2023-08-03", "symbol": "DEO", "eps": null, "epsEstimated": null, "time": "bmo", "revenue": null, "revenueEstimated": null, "fiscalDateEnding": "2023-06-30", "updatedFromDate": "2023-11-02"}, {"date": "2023-08-03", "symbol": "DIN", "eps": 1.82, "epsEstimated": 1.53, "time": "bmo", "revenue": 208415000, "revenueEstimated": 209810000, "fiscalDateEnding": "2023-06-29", "updatedFromDate": "2023-11-02"}, {"date": "2023-08-03", "symbol": "MYPS", "eps": -0.02, "epsEstimated": -0.01158, "time": "amc", "revenue": 77793000, "revenueEstimated": 77510000, "fiscalDateEnding": "2023-06-29", "updatedFromDate": "2023-11-02"}, {"date": "2023-08-03", "symbol": "ORTX", "eps": -0.07, "epsEstimated": -1.67, "time": "bmo", "revenue": 7314000, "revenueEstimated": 8220000, "fiscalDateEnding": "2023-06-29", "updatedFromDate": "2023-11-02"}, {"date": "2023-08-03", "symbol": "002380.KS", "eps": 12373, "epsEstimated": null, "time": "bmo", "revenue": 1588344834180, "revenueEstimated": 1596900000, "fiscalDateEnding": "2023-06-30", "updatedFromDate": "2023-11-03"}, {"date": "2023-08-03", "symbol": "REGN", "eps": 10.24, "epsEstimated": 9.84, "time": "bmo", "revenue": 3158100000, "revenueEstimated": 3016800000, "fiscalDateEnding": "2023-06-29", "updatedFromDate": "2023-11-02"}, {"date": "2023-08-03", "symbol": "GDDY", "eps": 0.54, "epsEstimated": 0.57, "time": "amc", "revenue": 1048100000, "revenueEstimated": 1055490000, "fiscalDateEnding": "2023-06-29", "updatedFromDate": "2023-11-02"}, {"date": "2023-08-03", "symbol": "2351.TW", "eps": 1.11, "epsEstimated": 1.05, "time": "bmo", "revenue": 2824088000, "revenueEstimated": 2828020000, "fiscalDateEnding": "2023-06-30", "updatedFromDate": "2023-11-03"}, {"date": "2023-08-03", "symbol": "BGS", "eps": 0.15, "epsEstimated": 0.09, "time": "amc", "revenue": 469637000, "revenueEstimated": 526470000, "fiscalDateEnding": "2023-06-30", "updatedFromDate": "2023-11-02"}, {"date": "2023-08-03", "symbol": "OUT", "eps": -2.92, "epsEstimated": 0.51, "time": "amc", "revenue": 468800000, "revenueEstimated": 472700000, "fiscalDateEnding": "2023-06-29", "updatedFromDate": "2023-11-02"}, {"date": "2023-08-03", "symbol": "CLEAN.NS", "eps": 5.55, "epsEstimated": 5.5, "time": "bmo", "revenue": null, "revenueEstimated": null, "fiscalDateEnding": "2023-12-30", "updatedFromDate": "2023-11-03"}, {"date": "2023-08-03", "symbol": "FND", "eps": 0.66, "epsEstimated": 0.66, "time": "amc", "revenue": 1135899000, "revenueEstimated": 1148900000, "fiscalDateEnding": "2023-06-28", "updatedFromDate": "2023-11-02"}, {"date": "2023-08-03", "symbol": "AESB3.SA", "eps": 0.01331, "epsEstimated": null, "time": "bmo", "revenue": 762977000, "revenueEstimated": null, "fiscalDateEnding": "2023-06-30", "updatedFromDate": "2023-11-03"}, {"date": "2023-08-03", "symbol": "TEAM", "eps": 0.57, "epsEstimated": 0.43, "time": "amc", "revenue": 939098000, "revenueEstimated": null, "fiscalDateEnding": "2023-06-29", "updatedFromDate": "2023-11-02"}, {"date": "2023-08-03", "symbol": "ELC.V", "eps": -0.03773, "epsEstimated": null, "time": "bmo", "revenue": 363536, "revenueEstimated": null, "fiscalDateEnding": "2023-06-30", "updatedFromDate": "2023-11-03"}, {"date": "2023-08-03", "symbol": "DLA", "eps": 0.17, "epsEstimated": -0.12, "time": "amc", "revenue": 106319000, "revenueEstimated": 97000000, "fiscalDateEnding": "2023-06-30", "updatedFromDate": "2023-11-02"}, {"date": "2023-08-03", "symbol": "PSHIF", "eps": 0.01577, "epsEstimated": null, "time": "bmo", "revenue": 64764000, "revenueEstimated": null, "fiscalDateEnding": "2023-06-30", "updatedFromDate": "2023-11-02"}, {"date": "2023-08-03", "symbol": "BRKR", "eps": 0.5, "epsEstimated": 0.49, "time": "bmo", "revenue": 681900000, "revenueEstimated": 647860000, "fiscalDateEnding": "2023-06-29", "updatedFromDate": "2023-11-02"}, {"date": "2023-08-03", "symbol": "SUUIF", "eps": -0.18641, "epsEstimated": null, "time": "bmo", "revenue": 581500000, "revenueEstimated": null, "fiscalDateEnding": "2023-06-30", "updatedFromDate": "2023-11-02"}, {"date": "2023-08-03", "symbol": "CRIS", "eps": -2.4, "epsEstimated": -2.4, "time": "amc", "revenue": 2197000, "revenueEstimated": 2680000, "fiscalDateEnding": "2023-06-29", "updatedFromDate": "2023-11-02"}, {"date": "2023-08-03", "symbol": "HAYN", "eps": 0.68, "epsEstimated": 0.67, "time": "amc", "revenue": 143901000, "revenueEstimated": 159470000, "fiscalDateEnding": "2023-06-29", "updatedFromDate": "2023-11-02"}, {"date": "2023-08-03", "symbol": "SWN", "eps": 0.09, "epsEstimated": 0.07, "time": "amc", "revenue": 1269000000, "revenueEstimated": 1418680000, "fiscalDateEnding": "2023-06-29", "updatedFromDate": "2023-11-02"}, {"date": "2023-08-03", "symbol": "049770.KS", "eps": 863, "epsEstimated": null, "time": "bmo", "revenue": 1052035396150, "revenueEstimated": 1080770000, "fiscalDateEnding": "2023-06-30", "updatedFromDate": "2023-11-03"}, {"date": "2023-08-03", "symbol": "BDRBF", "eps": 0.72, "epsEstimated": 0.26, "time": "bmo", "revenue": 1675000000, "revenueEstimated": 1675940000, "fiscalDateEnding": "2023-06-30", "updatedFromDate": "2023-11-03"}, {"date": "2023-08-03", "symbol": "8635.HK", "eps": null, "epsEstimated": null, "time": "bmo", "revenue": null, "revenueEstimated": null, "fiscalDateEnding": "2023-12-30", "updatedFromDate": "2023-11-03"}, {"date": "2023-08-03", "symbol": "IGRD.QA", "eps": 0.03, "epsEstimated": 0.01345, "time": "bmo", "revenue": 717400303, "revenueEstimated": null, "fiscalDateEnding": "2023-06-30", "updatedFromDate": "2023-11-03"}, {"date": "2023-08-03", "symbol": "LUN.TO", "eps": 0.22, "epsEstimated": 0.39, "time": "bmo", "revenue": 588531000, "revenueEstimated": 8835650000, "fiscalDateEnding": "2023-06-30", "updatedFromDate": "2023-11-03"}, {"date": "2023-08-03", "symbol": "AHH", "eps": 0.13, "epsEstimated": 0.09, "time": "bmo", "revenue": 165939000, "revenueEstimated": 59110000, "fiscalDateEnding": "2023-06-29", "updatedFromDate": "2023-11-02"}, {"date": "2023-08-03", "symbol": "4094.T", "eps": 25.2, "epsEstimated": null, "time": "bmo", "revenue": 5483384000, "revenueEstimated": null, "fiscalDateEnding": "2023-06-30", "updatedFromDate": "2023-11-03"}, {"date": "2023-08-03", "symbol": "ABRD.ME", "eps": null, "epsEstimated": null, "time": "bmo", "revenue": null, "revenueEstimated": null, "fiscalDateEnding": "2023-06-30", "updatedFromDate": "2023-11-03"}, {"date": "2023-08-03", "symbol": "SCMN.SW", "eps": 7.84, "epsEstimated": 7.99, "time": "bmo", "revenue": 2703000000, "revenueEstimated": 2824130000, "fiscalDateEnding": "2023-06-30", "updatedFromDate": "2023-11-03"}, {"date": "2023-08-03", "symbol": "9699.T", "eps": 50.65, "epsEstimated": null, "time": "bmo", "revenue": 43536000000, "revenueEstimated": 45475000, "fiscalDateEnding": "2023-06-30", "updatedFromDate": "2023-11-03"}, {"date": "2023-08-03", "symbol": "PBR-A", "eps": 0.89, "epsEstimated": 0.91, "time": "bmo", "revenue": 22979000000, "revenueEstimated": null, "fiscalDateEnding": "2023-06-29", "updatedFromDate": "2023-11-03"}, {"date": "2023-08-03", "symbol": "GMED", "eps": 0.63, "epsEstimated": 0.59, "time": "amc", "revenue": 291615000, "revenueEstimated": 279720000, "fiscalDateEnding": "2023-06-29", "updatedFromDate": "2023-11-02"}, {"date": "2023-08-03", "symbol": "MYGN", "eps": -0.08, "epsEstimated": -0.1, "time": "amc", "revenue": 183500000, "revenueEstimated": 187130000, "fiscalDateEnding": "2023-06-29", "updatedFromDate": "2023-11-02"}, {"date": "2023-08-03", "symbol": "HII", "eps": 3.27, "epsEstimated": 3.12, "time": "bmo", "revenue": 2787000000, "revenueEstimated": 2674910000, "fiscalDateEnding": "2023-06-29", "updatedFromDate": "2023-11-02"}, {"date": "2023-08-03", "symbol": "MGNS.L", "eps": null, "epsEstimated": null, "time": "bmo", "revenue": null, "revenueEstimated": null, "fiscalDateEnding": "2023-03-31", "updatedFromDate": "2023-07-03"}, {"date": "2023-08-03", "symbol": "OPEN", "eps": -0.31, "epsEstimated": -0.38, "time": "amc", "revenue": 1976000000, "revenueEstimated": 1835540000, "fiscalDateEnding": "2023-06-29", "updatedFromDate": "2023-11-02"}, {"date": "2023-08-03", "symbol": "SYK", "eps": 2.54, "epsEstimated": 2.38, "time": "amc", "revenue": 4996000000, "revenueEstimated": 4824890000, "fiscalDateEnding": "2023-06-29", "updatedFromDate": "2023-11-02"}, {"date": "2023-08-03", "symbol": "3569.T", "eps": 58.26, "epsEstimated": null, "time": "bmo", "revenue": null, "revenueEstimated": null, "fiscalDateEnding": "2023-12-30", "updatedFromDate": "2023-11-03"}, {"date": "2023-08-03", "symbol": "TF.TO", "eps": 0.2, "epsEstimated": 0.2, "time": "bmo", "revenue": 43614000, "revenueEstimated": 32360000, "fiscalDateEnding": "2023-06-30", "updatedFromDate": "2023-11-03"}, {"date": "2023-08-03", "symbol": "FOCS", "eps": 0.9, "epsEstimated": 0.97, "time": "bmo", "revenue": 583805000, "revenueEstimated": 577900000, "fiscalDateEnding": "2023-06-29", "updatedFromDate": "2023-11-02"}, {"date": "2023-08-03", "symbol": "LNT", "eps": 0.64, "epsEstimated": 0.57, "time": "amc", "revenue": 912000000, "revenueEstimated": 1054830000, "fiscalDateEnding": "2023-06-29", "updatedFromDate": "2023-11-02"}, {"date": "2023-08-03", "symbol": "FIGS", "eps": 0.02, "epsEstimated": 0.00833, "time": "amc", "revenue": 138132000, "revenueEstimated": 131510000, "fiscalDateEnding": "2023-06-29", "updatedFromDate": "2023-11-02"}, {"date": "2023-08-03", "symbol": "FILA.MI", "eps": 0.3191, "epsEstimated": null, "time": "bmo", "revenue": 236021000, "revenueEstimated": null, "fiscalDateEnding": "2023-06-30", "updatedFromDate": "2023-11-03"}, {"date": "2023-08-03", "symbol": "AKR.V", "eps": -0.0015, "epsEstimated": null, "time": "bmo", "revenue": 1610841, "revenueEstimated": null, "fiscalDateEnding": "2023-06-30", "updatedFromDate": "2023-11-03"}, {"date": "2023-08-03", "symbol": "MNTV", "eps": null, "epsEstimated": 0.09, "time": "bmo", "revenue": null, "revenueEstimated": 119320000, "fiscalDateEnding": "2023-06-30", "updatedFromDate": "2023-11-02"}, {"date": "2023-08-03", "symbol": "EPC", "eps": 0.98, "epsEstimated": 0.81, "time": "bmo", "revenue": 650000000, "revenueEstimated": 534500000, "fiscalDateEnding": "2023-06-29", "updatedFromDate": "2023-11-02"}, {"date": "2023-08-03", "symbol": "VITL", "eps": 0.15, "epsEstimated": 0.07, "time": "bmo", "revenue": 106445000, "revenueEstimated": 106060000, "fiscalDateEnding": "2023-06-24", "updatedFromDate": "2023-11-02"}, {"date": "2023-08-03", "symbol": "6505.TW", "eps": -0.13, "epsEstimated": 0.75, "time": "bmo", "revenue": 159397250000, "revenueEstimated": 183411000000, "fiscalDateEnding": "2023-06-30", "updatedFromDate": "2023-11-03"}, {"date": "2023-08-03", "symbol": "DMTK", "eps": -0.99, "epsEstimated": -0.95, "time": "amc", "revenue": 3980000, "revenueEstimated": 3690000, "fiscalDateEnding": "2023-06-29", "updatedFromDate": "2023-11-02"}, {"date": "2023-08-03", "symbol": "SZKMF", "eps": 138.04, "epsEstimated": 144.56, "time": "bmo", "revenue": 1208896000000, "revenueEstimated": null, "fiscalDateEnding": "2023-06-30", "updatedFromDate": "2023-11-03"}, {"date": "2023-08-03", "symbol": "CQP", "eps": 0.84, "epsEstimated": 0.85, "time": "bmo", "revenue": 1933000000, "revenueEstimated": 2265290000, "fiscalDateEnding": "2023-06-29", "updatedFromDate": "2023-11-02"}, {"date": "2023-08-03", "symbol": "PMGYF", "eps": -0.06313, "epsEstimated": null, "time": "bmo", "revenue": 15167000, "revenueEstimated": null, "fiscalDateEnding": "2023-06-30", "updatedFromDate": "2023-11-02"}, {"date": "2023-08-03", "symbol": "6141.T", "eps": 65.17, "epsEstimated": null, "time": "bmo", "revenue": 131355000000, "revenueEstimated": 128170000, "fiscalDateEnding": "2023-06-30", "updatedFromDate": "2023-11-03"}, {"date": "2023-08-03", "symbol": "PSM.DE", "eps": 0.02, "epsEstimated": 0.06, "time": "bmo", "revenue": 867000000, "revenueEstimated": 920460000, "fiscalDateEnding": "2023-06-30", "updatedFromDate": "2023-11-03"}, {"date": "2023-08-03", "symbol": "KYMR", "eps": -0.67, "epsEstimated": -0.7, "time": "bmo", "revenue": 16513000, "revenueEstimated": 14060000, "fiscalDateEnding": "2023-06-29", "updatedFromDate": "2023-11-02"}, {"date": "2023-08-03", "symbol": "FRFHF", "eps": 28.8, "epsEstimated": null, "time": "amc", "revenue": 5514600000, "revenueEstimated": 4747050000, "fiscalDateEnding": "2023-06-30", "updatedFromDate": "2023-11-02"}, {"date": "2023-08-03", "symbol": "CAV1V.HE", "eps": 0.03, "epsEstimated": 0.12, "time": "bmo", "revenue": 628200000, "revenueEstimated": 617330000, "fiscalDateEnding": "2023-06-30", "updatedFromDate": "2023-11-03"}, {"date": "2023-08-03", "symbol": "EQX.TO", "eps": -0.02, "epsEstimated": -0.05, "time": "bmo", "revenue": 271563000, "revenueEstimated": 375300000, "fiscalDateEnding": "2023-06-30", "updatedFromDate": "2023-11-03"}, {"date": "2023-08-03", "symbol": "U96.SI", "eps": null, "epsEstimated": null, "time": "bmo", "revenue": null, "revenueEstimated": null, "fiscalDateEnding": "2023-06-30", "updatedFromDate": "2023-11-03"}, {"date": "2023-08-03", "symbol": "FNKO", "eps": -0.43, "epsEstimated": -0.38, "time": "amc", "revenue": 240028000, "revenueEstimated": 250290000, "fiscalDateEnding": "2023-06-29", "updatedFromDate": "2023-11-02"}, {"date": "2023-08-03", "symbol": "BCI.SN", "eps": 1196, "epsEstimated": 1081.8, "time": "bmo", "revenue": 632997000000, "revenueEstimated": 666180000, "fiscalDateEnding": "2023-06-30", "updatedFromDate": "2023-11-03"}, {"date": "2023-08-03", "symbol": "NVMI.TA", "eps": 1.06, "epsEstimated": 1.02, "time": "bmo", "revenue": 122702000, "revenueEstimated": null, "fiscalDateEnding": "2023-06-30", "updatedFromDate": "2023-11-03"}, {"date": "2023-08-03", "symbol": "4559.T", "eps": 66.14, "epsEstimated": null, "time": "bmo", "revenue": null, "revenueEstimated": 17190000, "fiscalDateEnding": "2023-12-30", "updatedFromDate": "2023-11-03"}, {"date": "2023-08-03", "symbol": "012510.KS", "eps": 281, "epsEstimated": 194, "time": "bmo", "revenue": 84897407000, "revenueEstimated": 79970000, "fiscalDateEnding": "2023-06-30", "updatedFromDate": "2023-11-03"}, {"date": "2023-08-03", "symbol": "DSGR", "eps": 0.26, "epsEstimated": 0.27, "time": "bmo", "revenue": 377984000, "revenueEstimated": 362900000, "fiscalDateEnding": "2023-06-29", "updatedFromDate": "2023-11-02"}, {"date": "2023-08-03", "symbol": "PPLPHARMA.NS", "eps": null, "epsEstimated": null, "time": "bmo", "revenue": null, "revenueEstimated": null, "fiscalDateEnding": "2023-12-30", "updatedFromDate": "2023-11-03"}, {"date": "2023-08-03", "symbol": "8092.HK", "eps": null, "epsEstimated": null, "time": "bmo", "revenue": null, "revenueEstimated": null, "fiscalDateEnding": "2023-12-30", "updatedFromDate": "2023-11-03"}, {"date": "2023-08-03", "symbol": "REFR", "eps": -0.01, "epsEstimated": null, "time": "amc", "revenue": 185040, "revenueEstimated": 371000, "fiscalDateEnding": "2023-06-29", "updatedFromDate": "2023-11-02"}, {"date": "2023-08-03", "symbol": "HMCBF", "eps": 1.49, "epsEstimated": null, "time": "bmo", "revenue": 148095000, "revenueEstimated": null, "fiscalDateEnding": "2023-06-30", "updatedFromDate": "2023-11-02"}, {"date": "2023-08-03", "symbol": "SNCAF", "eps": 0.41, "epsEstimated": 0.3, "time": "bmo", "revenue": 2131523000, "revenueEstimated": 1417790000, "fiscalDateEnding": "2023-06-30", "updatedFromDate": "2023-11-03"}, {"date": "2023-08-03", "symbol": "4792.T", "eps": 25.93, "epsEstimated": null, "time": "bmo", "revenue": null, "revenueEstimated": null, "fiscalDateEnding": "2023-12-30", "updatedFromDate": "2023-11-03"}, {"date": "2023-08-03", "symbol": "SANA", "eps": -0.45, "epsEstimated": -0.42, "time": "bmo", "revenue": null, "revenueEstimated": null, "fiscalDateEnding": "2023-06-29", "updatedFromDate": "2023-11-02"}, {"date": "2023-08-03", "symbol": "DYN", "eps": -1.08, "epsEstimated": -0.81, "time": "bmo", "revenue": null, "revenueEstimated": null, "fiscalDateEnding": "2023-06-29", "updatedFromDate": "2023-11-02"}, {"date": "2023-08-03", "symbol": "ACTG", "eps": -0.09, "epsEstimated": -0.006, "time": "amc", "revenue": 7904000, "revenueEstimated": 16000000, "fiscalDateEnding": "2023-06-29", "updatedFromDate": "2023-11-02"}, {"date": "2023-08-03", "symbol": "600273.SS", "eps": 0.1735, "epsEstimated": null, "time": "bmo", "revenue": 2173448880.72, "revenueEstimated": null, "fiscalDateEnding": "2023-06-30", "updatedFromDate": "2023-11-03"}, {"date": "2023-08-03", "symbol": "AVTX", "eps": -0.59, "epsEstimated": -0.9, "time": "bmo", "revenue": 643000, "revenueEstimated": 500000, "fiscalDateEnding": "2023-06-29", "updatedFromDate": "2023-11-02"}, {"date": "2023-08-03", "symbol": "USEA", "eps": -0.25, "epsEstimated": null, "time": "bmo", "revenue": 10011000, "revenueEstimated": null, "fiscalDateEnding": "2023-06-30", "updatedFromDate": "2023-11-02"}, {"date": "2023-08-03", "symbol": "MOL.WA", "eps": 123.86, "epsEstimated": null, "time": "bmo", "revenue": 2046546000000, "revenueEstimated": null, "fiscalDateEnding": "2023-06-30", "updatedFromDate": "2023-11-03"}, {"date": "2023-08-03", "symbol": "ONEW", "eps": 1.95, "epsEstimated": 3.31, "time": "bmo", "revenue": 594339000, "revenueEstimated": 418030000, "fiscalDateEnding": "2023-06-29", "updatedFromDate": "2023-11-02"}, {"date": "2023-08-03", "symbol": "EXCOF", "eps": 0.161, "epsEstimated": null, "time": "bmo", "revenue": 164551000, "revenueEstimated": null, "fiscalDateEnding": "2023-06-30", "updatedFromDate": "2023-11-02"}, {"date": "2023-08-03", "symbol": "BADFF", "eps": 0.3195, "epsEstimated": null, "time": "bmo", "revenue": 171886000, "revenueEstimated": null, "fiscalDateEnding": "2023-06-30", "updatedFromDate": "2023-11-02"}, {"date": "2023-08-03", "symbol": "MRIN", "eps": -0.27, "epsEstimated": null, "time": "amc", "revenue": 4360000, "revenueEstimated": 115000000, "fiscalDateEnding": "2023-06-29", "updatedFromDate": "2023-11-02"}, {"date": "2023-08-03", "symbol": "SNC.TO", "eps": 0.41, "epsEstimated": 0.3, "time": "bmo", "revenue": 2131523000, "revenueEstimated": 1881450000, "fiscalDateEnding": "2023-06-30", "updatedFromDate": "2023-11-03"}, {"date": "2023-08-03", "symbol": "LTHM", "eps": 0.51, "epsEstimated": 0.47, "time": "amc", "revenue": 235800000, "revenueEstimated": 252860000, "fiscalDateEnding": "2023-06-29", "updatedFromDate": "2023-11-02"}, {"date": "2023-08-03", "symbol": "6745.T", "eps": 3.5, "epsEstimated": null, "time": "bmo", "revenue": null, "revenueEstimated": null, "fiscalDateEnding": "2023-12-30", "updatedFromDate": "2023-11-03"}, {"date": "2023-08-03", "symbol": "MORF", "eps": -0.92, "epsEstimated": -0.9, "time": "bmo", "revenue": 60236000, "revenueEstimated": 1000000, "fiscalDateEnding": "2023-06-29", "updatedFromDate": "2023-11-02"}, {"date": "2023-08-03", "symbol": "ESENSE.HE", "eps": -0.09, "epsEstimated": -0.04045, "time": "bmo", "revenue": 86324000, "revenueEstimated": 82500000, "fiscalDateEnding": "2023-06-30", "updatedFromDate": "2023-11-03"}, {"date": "2023-08-03", "symbol": "2674.T", "eps": 34.86, "epsEstimated": null, "time": "bmo", "revenue": null, "revenueEstimated": null, "fiscalDateEnding": "2023-12-30", "updatedFromDate": "2023-11-03"}, {"date": "2023-08-03", "symbol": "HWO.TO", "eps": -0.00199, "epsEstimated": null, "time": "bmo", "revenue": 17234000, "revenueEstimated": 9000000, "fiscalDateEnding": "2023-06-30", "updatedFromDate": "2023-11-03"}, {"date": "2023-08-03", "symbol": "VMC", "eps": 2.29, "epsEstimated": 1.91, "time": "bmo", "revenue": 2112900000, "revenueEstimated": 2041070000, "fiscalDateEnding": "2023-06-29", "updatedFromDate": "2023-11-02"}, {"date": "2023-08-03", "symbol": "MGPI", "eps": 1.44, "epsEstimated": 1.25, "time": "bmo", "revenue": 209001000, "revenueEstimated": 205270000, "fiscalDateEnding": "2023-06-29", "updatedFromDate": "2023-11-02"}, {"date": "2023-08-03", "symbol": "KINO.JK", "eps": 10.53, "epsEstimated": null, "time": "bmo", "revenue": 865758761901, "revenueEstimated": null, "fiscalDateEnding": "2023-06-30", "updatedFromDate": "2023-11-03"}, {"date": "2023-08-03", "symbol": "DNB", "eps": 0.22, "epsEstimated": 0.22, "time": "bmo", "revenue": 554700000, "revenueEstimated": 547880000, "fiscalDateEnding": "2023-06-29", "updatedFromDate": "2023-11-02"}, {"date": "2023-08-03", "symbol": "AMKBF", "eps": 85, "epsEstimated": 42.38, "time": "bmo", "revenue": 12988000000, "revenueEstimated": null, "fiscalDateEnding": "2023-06-30", "updatedFromDate": "2023-11-03"}, {"date": "2023-08-03", "symbol": "AEIS", "eps": 1.11, "epsEstimated": 1.07, "time": "amc", "revenue": 415508000, "revenueEstimated": 412660000, "fiscalDateEnding": "2023-06-29", "updatedFromDate": "2023-11-02"}, {"date": "2023-08-03", "symbol": "3837.T", "eps": 23.69, "epsEstimated": null, "time": "bmo", "revenue": null, "revenueEstimated": null, "fiscalDateEnding": "2023-12-30", "updatedFromDate": "2023-11-03"}, {"date": "2023-08-03", "symbol": "PESI", "eps": 0.03, "epsEstimated": 0.06, "time": "bmo", "revenue": 25032000, "revenueEstimated": 23170000, "fiscalDateEnding": "2023-06-29", "updatedFromDate": "2023-11-02"}, {"date": "2023-08-03", "symbol": "SPH", "eps": -0.08, "epsEstimated": -0.08, "time": "bmo", "revenue": 278628000, "revenueEstimated": 228000000, "fiscalDateEnding": "2023-06-23", "updatedFromDate": "2023-11-02"}, {"date": "2023-08-03", "symbol": "EPAM", "eps": 2.64, "epsEstimated": 2.34, "time": "bmo", "revenue": 1170206000, "revenueEstimated": 1160500000, "fiscalDateEnding": "2023-06-29", "updatedFromDate": "2023-11-02"}, {"date": "2023-08-03", "symbol": "2307.T", "eps": 11.86, "epsEstimated": null, "time": "bmo", "revenue": null, "revenueEstimated": null, "fiscalDateEnding": "2023-12-30", "updatedFromDate": "2023-11-03"}, {"date": "2023-08-03", "symbol": "5237.T", "eps": -6.4029, "epsEstimated": null, "time": "bmo", "revenue": 5710617000, "revenueEstimated": null, "fiscalDateEnding": "2023-06-30", "updatedFromDate": "2023-11-03"}, {"date": "2023-08-03", "symbol": "OPK.TA", "eps": -0.02613, "epsEstimated": null, "time": "bmo", "revenue": 265418000, "revenueEstimated": null, "fiscalDateEnding": "2023-06-30", "updatedFromDate": "2023-11-03"}, {"date": "2023-08-03", "symbol": "BCYC", "eps": -1.41, "epsEstimated": -1.1, "time": "bmo", "revenue": 11397000, "revenueEstimated": 4580000, "fiscalDateEnding": "2023-06-29", "updatedFromDate": "2023-11-02"}, {"date": "2023-08-03", "symbol": "GPRO.SW", "eps": -0.1, "epsEstimated": null, "time": "bmo", "revenue": 241020000, "revenueEstimated": null, "fiscalDateEnding": "2023-06-30", "updatedFromDate": "2023-11-03"}, {"date": "2023-08-03", "symbol": "SBH", "eps": 0.49, "epsEstimated": 0.49, "time": "bmo", "revenue": 931008000, "revenueEstimated": 944170000, "fiscalDateEnding": "2023-06-29", "updatedFromDate": "2023-11-02"}, {"date": "2023-08-03", "symbol": "NTLA", "eps": -1.4, "epsEstimated": -1.32, "time": "bmo", "revenue": 13594000, "revenueEstimated": 12080000, "fiscalDateEnding": "2023-06-29", "updatedFromDate": "2023-11-02"}, {"date": "2023-08-03", "symbol": "CPS", "eps": -1.15, "epsEstimated": -1.86, "time": "amc", "revenue": 723740000, "revenueEstimated": 685000000, "fiscalDateEnding": "2023-06-29", "updatedFromDate": "2023-11-02"}, {"date": "2023-08-03", "symbol": "TTSH", "eps": 0.12, "epsEstimated": 0.08, "time": "bmo", "revenue": 98557000, "revenueEstimated": 103000000, "fiscalDateEnding": "2023-06-29", "updatedFromDate": "2023-11-02"}, {"date": "2023-08-03", "symbol": "REZI", "eps": 0.34, "epsEstimated": 0.46, "time": "amc", "revenue": 1602000000, "revenueEstimated": 1619980000, "fiscalDateEnding": "2023-06-30", "updatedFromDate": "2023-11-02"}, {"date": "2023-08-03", "symbol": "6088.T", "eps": 22.22, "epsEstimated": null, "time": "bmo", "revenue": null, "revenueEstimated": 4400000, "fiscalDateEnding": "2023-12-30", "updatedFromDate": "2023-11-03"}, {"date": "2023-08-03", "symbol": "KOP", "eps": 1.26, "epsEstimated": 1.08, "time": "bmo", "revenue": 577200000, "revenueEstimated": 531000000, "fiscalDateEnding": "2023-06-29", "updatedFromDate": "2023-11-02"}, {"date": "2023-08-03", "symbol": "MIDD", "eps": 2.47, "epsEstimated": 2.35, "time": "bmo", "revenue": 1039982000, "revenueEstimated": 1038370000, "fiscalDateEnding": "2023-06-30", "updatedFromDate": "2023-11-02"}, {"date": "2023-08-03", "symbol": "LUMI.ST", "eps": 0.22, "epsEstimated": 0.75, "time": "bmo", "revenue": 588531000, "revenueEstimated": 9238520000, "fiscalDateEnding": "2023-06-30", "updatedFromDate": "2023-11-03"}, {"date": "2023-08-03", "symbol": "STCK.TO", "eps": -0.07024, "epsEstimated": null, "time": "bmo", "revenue": 344015, "revenueEstimated": null, "fiscalDateEnding": "2023-06-30", "updatedFromDate": "2023-11-03"}, {"date": "2023-08-03", "symbol": "LBPH", "eps": -0.65, "epsEstimated": -0.61, "time": "bmo", "revenue": null, "revenueEstimated": null, "fiscalDateEnding": "2023-06-29", "updatedFromDate": "2023-11-02"}, {"date": "2023-08-03", "symbol": "VENUSPIPES.NS", "eps": null, "epsEstimated": null, "time": "bmo", "revenue": null, "revenueEstimated": null, "fiscalDateEnding": "2023-12-30", "updatedFromDate": "2023-11-03"}, {"date": "2023-08-03", "symbol": "D05.SI", "eps": 1.03, "epsEstimated": 0.93, "time": "bmo", "revenue": 5045000000, "revenueEstimated": 4859100000, "fiscalDateEnding": "2023-06-30", "updatedFromDate": "2023-11-03"}, {"date": "2023-08-03", "symbol": "TVA-B.TO", "eps": -0.18, "epsEstimated": -0.21, "time": "bmo", "revenue": 138760000, "revenueEstimated": 135700000, "fiscalDateEnding": "2023-06-30", "updatedFromDate": "2023-11-03"}, {"date": "2023-08-03", "symbol": "NJR", "eps": 0.1, "epsEstimated": 0.02222, "time": "bmo", "revenue": 264075000, "revenueEstimated": 691610000, "fiscalDateEnding": "2023-06-29", "updatedFromDate": "2023-11-02"}, {"date": "2023-08-03", "symbol": "LHA.DE", "eps": 0.66, "epsEstimated": 0.64, "time": "bmo", "revenue": 9389000000, "revenueEstimated": 9627700000, "fiscalDateEnding": "2023-06-30", "updatedFromDate": "2023-11-03"}, {"date": "2023-08-03", "symbol": "EGR1T.TL", "eps": 0.00431, "epsEstimated": 0.08, "time": "bmo", "revenue": 40911000, "revenueEstimated": null, "fiscalDateEnding": "2023-06-30", "updatedFromDate": "2023-11-03"}, {"date": "2023-08-03", "symbol": "EAT.L", "eps": null, "epsEstimated": null, "time": "bmo", "revenue": null, "revenueEstimated": null, "fiscalDateEnding": "2023-06-30", "updatedFromDate": "2023-11-03"}, {"date": "2023-08-03", "symbol": "MRK.DE", "eps": 2.2, "epsEstimated": 2.19, "time": "bmo", "revenue": 5302000000, "revenueEstimated": 5543240000, "fiscalDateEnding": "2023-06-30", "updatedFromDate": "2023-11-03"}, {"date": "2023-08-03", "symbol": "RR.L", "eps": null, "epsEstimated": null, "time": "bmo", "revenue": null, "revenueEstimated": null, "fiscalDateEnding": "2023-03-31", "updatedFromDate": "2023-07-03"}, {"date": "2023-08-03", "symbol": "IFNNY", "eps": 0.74, "epsEstimated": 0.72, "time": "--", "revenue": 4089000000, "revenueEstimated": null, "fiscalDateEnding": "2023-06-30", "updatedFromDate": "2023-11-02"}, {"date": "2023-08-03", "symbol": "8028.TW", "eps": 0.87, "epsEstimated": null, "time": "bmo", "revenue": 934082000, "revenueEstimated": null, "fiscalDateEnding": "2023-06-30", "updatedFromDate": "2023-11-03"}, {"date": "2023-08-03", "symbol": "GH", "eps": -0.67, "epsEstimated": -1.25, "time": "amc", "revenue": 137150000, "revenueEstimated": 129410000, "fiscalDateEnding": "2023-06-29", "updatedFromDate": "2023-11-02"}, {"date": "2023-08-03", "symbol": "TAEE11.SA", "eps": 0.21, "epsEstimated": 0.77, "time": "bmo", "revenue": 678604000, "revenueEstimated": 584820000, "fiscalDateEnding": "2023-06-30", "updatedFromDate": "2023-11-03"}, {"date": "2023-08-03", "symbol": "MTZ", "eps": 0.89, "epsEstimated": 0.86, "time": "amc", "revenue": 2874115000, "revenueEstimated": 3700660000, "fiscalDateEnding": "2023-06-29", "updatedFromDate": "2023-11-02"}, {"date": "2023-08-03", "symbol": "JLL", "eps": 0.5, "epsEstimated": 2.2, "time": "bmo", "revenue": 5052500000, "revenueEstimated": 1791330000, "fiscalDateEnding": "2023-06-29", "updatedFromDate": "2023-11-02"}, {"date": "2023-08-03", "symbol": "MMP", "eps": 1.18, "epsEstimated": 1.11, "time": "bmo", "revenue": 877200000, "revenueEstimated": 777390000, "fiscalDateEnding": "2023-06-29", "updatedFromDate": "2023-11-02"}, {"date": "2023-08-03", "symbol": "3591.TW", "eps": 0.1, "epsEstimated": null, "time": "bmo", "revenue": 477722000, "revenueEstimated": null, "fiscalDateEnding": "2023-06-30", "updatedFromDate": "2023-11-03"}, {"date": "2023-08-03", "symbol": "4968.T", "eps": -15.83, "epsEstimated": null, "time": "bmo", "revenue": null, "revenueEstimated": 19570000, "fiscalDateEnding": "2023-12-30", "updatedFromDate": "2023-11-03"}, {"date": "2023-08-03", "symbol": "0045.HK", "eps": null, "epsEstimated": null, "time": "bmo", "revenue": null, "revenueEstimated": 6037230000, "fiscalDateEnding": "2023-03-31", "updatedFromDate": "2023-07-03"}, {"date": "2023-08-03", "symbol": "GEN", "eps": 0.47, "epsEstimated": 0.46, "time": "amc", "revenue": 946000000, "revenueEstimated": 961170000, "fiscalDateEnding": "2023-06-29", "updatedFromDate": "2023-11-02"}, {"date": "2023-08-03", "symbol": "SHF.DE", "eps": 0.04754, "epsEstimated": null, "time": "bmo", "revenue": 48512000, "revenueEstimated": null, "fiscalDateEnding": "2023-06-30", "updatedFromDate": "2023-11-03"}, {"date": "2023-08-03", "symbol": "TXT.MI", "eps": 0.3218, "epsEstimated": null, "time": "bmo", "revenue": 54987170, "revenueEstimated": null, "fiscalDateEnding": "2023-06-30", "updatedFromDate": "2023-11-03"}, {"date": "2023-08-03", "symbol": "EURN", "eps": 0.8, "epsEstimated": 0.81, "time": "bmo", "revenue": 348161000, "revenueEstimated": null, "fiscalDateEnding": "2023-06-30", "updatedFromDate": "2023-11-02"}, {"date": "2023-08-03", "symbol": "TRIG.L", "eps": null, "epsEstimated": null, "time": "bmo", "revenue": null, "revenueEstimated": 295500000, "fiscalDateEnding": "2023-03-31", "updatedFromDate": "2023-07-03"}, {"date": "2023-08-03", "symbol": "BAMXF", "eps": 4.39, "epsEstimated": 4.63, "time": "--", "revenue": 37219000000, "revenueEstimated": null, "fiscalDateEnding": "2023-06-30", "updatedFromDate": "2023-11-02"}, {"date": "2023-08-03", "symbol": "AL", "eps": 1.1, "epsEstimated": 1.07, "time": "amc", "revenue": 672904000, "revenueEstimated": 660340000, "fiscalDateEnding": "2023-06-29", "updatedFromDate": "2023-11-02"}, {"date": "2023-08-03", "symbol": "PKT.V", "eps": 0.00441, "epsEstimated": null, "time": "bmo", "revenue": 6347354, "revenueEstimated": 4300000, "fiscalDateEnding": "2023-06-30", "updatedFromDate": "2023-11-03"}, {"date": "2023-08-03", "symbol": "NET", "eps": 0.1, "epsEstimated": 0.07, "time": "amc", "revenue": 308494000, "revenueEstimated": 305550000, "fiscalDateEnding": "2023-06-29", "updatedFromDate": "2023-11-02"}, {"date": "2023-08-03", "symbol": "8416.HK", "eps": 0.03423, "epsEstimated": null, "time": "bmo", "revenue": 71542000, "revenueEstimated": null, "fiscalDateEnding": "2023-06-30", "updatedFromDate": "2023-11-03"}, {"date": "2023-08-03", "symbol": "BBU-UN.TO", "eps": 0.08043, "epsEstimated": null, "time": "bmo", "revenue": 13506000000, "revenueEstimated": null, "fiscalDateEnding": "2023-06-30", "updatedFromDate": "2023-11-03"}, {"date": "2023-08-03", "symbol": "QGTS.QA", "eps": 0.07, "epsEstimated": 0.07, "time": "bmo", "revenue": 901793000, "revenueEstimated": null, "fiscalDateEnding": "2023-06-30", "updatedFromDate": "2023-11-03"}, {"date": "2023-08-03", "symbol": "2489.T", "eps": 1.94, "epsEstimated": null, "time": "bmo", "revenue": 3387731000, "revenueEstimated": 3150000, "fiscalDateEnding": "2023-06-30", "updatedFromDate": "2023-11-03"}, {"date": "2023-08-03", "symbol": "8163.TW", "eps": 0.81, "epsEstimated": 0.77, "time": "bmo", "revenue": 6888338000, "revenueEstimated": 7120000000, "fiscalDateEnding": "2023-06-30", "updatedFromDate": "2023-11-03"}, {"date": "2023-08-03", "symbol": "AMGN", "eps": 5, "epsEstimated": 4.44, "time": "amc", "revenue": 6986000000, "revenueEstimated": 6676170000, "fiscalDateEnding": "2023-06-29", "updatedFromDate": "2023-11-02"}, {"date": "2023-08-03", "symbol": "SRP.L", "eps": null, "epsEstimated": null, "time": "bmo", "revenue": null, "revenueEstimated": null, "fiscalDateEnding": "2023-03-31", "updatedFromDate": "2023-07-03"}, {"date": "2023-08-03", "symbol": "CPK", "eps": 0.9, "epsEstimated": 0.96, "time": "amc", "revenue": 135593000, "revenueEstimated": 147130000, "fiscalDateEnding": "2023-06-29", "updatedFromDate": "2023-11-02"}, {"date": "2023-08-03", "symbol": "CPT", "eps": 0.84, "epsEstimated": 0.35, "time": "amc", "revenue": 385499000, "revenueEstimated": 391450000, "fiscalDateEnding": "2023-06-29", "updatedFromDate": "2023-11-02"}, {"date": "2023-08-03", "symbol": "TPX", "eps": 0.58, "epsEstimated": 0.56, "time": "bmo", "revenue": 1269700000, "revenueEstimated": 1240470000, "fiscalDateEnding": "2023-06-29", "updatedFromDate": "2023-11-02"}, {"date": "2023-08-03", "symbol": "TTEC", "eps": 0.55, "epsEstimated": 0.48, "time": "amc", "revenue": 600394000, "revenueEstimated": 610220000, "fiscalDateEnding": "2023-06-29", "updatedFromDate": "2023-11-02"}, {"date": "2023-08-03", "symbol": "EOG", "eps": 2.49, "epsEstimated": 2.32, "time": "amc", "revenue": 5460000000, "revenueEstimated": 5308970000, "fiscalDateEnding": "2023-06-29", "updatedFromDate": "2023-11-02"}, {"date": "2023-08-03", "symbol": "INFU", "eps": 0.02, "epsEstimated": null, "time": "bmo", "revenue": 31735000, "revenueEstimated": 29100000, "fiscalDateEnding": "2023-06-29", "updatedFromDate": "2023-11-02"}, {"date": "2023-08-03", "symbol": "ABS.WA", "eps": 0.582, "epsEstimated": null, "time": "bmo", "revenue": 87482000, "revenueEstimated": null, "fiscalDateEnding": "2023-06-30", "updatedFromDate": "2023-11-03"}, {"date": "2023-08-03", "symbol": "HCG.TO", "eps": 1.57, "epsEstimated": 1.25, "time": "bmo", "revenue": 148095000, "revenueEstimated": 151600000, "fiscalDateEnding": "2023-06-30", "updatedFromDate": "2023-11-03"}, {"date": "2023-08-03", "symbol": "AILLP", "eps": 5.1, "epsEstimated": null, "time": "bmo", "revenue": 779000000, "revenueEstimated": null, "fiscalDateEnding": "2023-06-30", "updatedFromDate": "2023-11-02"}, {"date": "2023-08-03", "symbol": "RGCO", "eps": 0.07, "epsEstimated": -0.02, "time": "bmo", "revenue": 13660245, "revenueEstimated": 15000000, "fiscalDateEnding": "2023-06-29", "updatedFromDate": "2023-11-02"}, {"date": "2023-08-03", "symbol": "HAW.DE", "eps": null, "epsEstimated": null, "time": "bmo", "revenue": null, "revenueEstimated": null, "fiscalDateEnding": "2023-06-30", "updatedFromDate": "2023-11-03"}, {"date": "2023-08-03", "symbol": "MNDI.L", "eps": null, "epsEstimated": null, "time": "bmo", "revenue": null, "revenueEstimated": null, "fiscalDateEnding": "2023-03-31", "updatedFromDate": "2023-07-03"}, {"date": "2023-08-03", "symbol": "FFXDF", "eps": 1.12, "epsEstimated": -0.07, "time": "--", "revenue": 193101000, "revenueEstimated": 6980000, "fiscalDateEnding": "2023-06-30", "updatedFromDate": "2023-11-02"}, {"date": "2023-08-03", "symbol": "FEV.L", "eps": null, "epsEstimated": null, "time": "bmo", "revenue": null, "revenueEstimated": 58920000, "fiscalDateEnding": "2023-03-31", "updatedFromDate": "2023-07-03"}, {"date": "2023-08-03", "symbol": "TOPS", "eps": null, "epsEstimated": null, "time": "bmo", "revenue": null, "revenueEstimated": null, "fiscalDateEnding": "2023-06-30", "updatedFromDate": "2023-11-02"}, {"date": "2023-08-03", "symbol": "EXPI", "eps": 0.06, "epsEstimated": 0.07, "time": "amc", "revenue": 1232927000, "revenueEstimated": 1188780000, "fiscalDateEnding": "2023-06-29", "updatedFromDate": "2023-11-02"}, {"date": "2023-08-03", "symbol": "0788.HK", "eps": null, "epsEstimated": null, "time": "bmo", "revenue": null, "revenueEstimated": 25582600000, "fiscalDateEnding": "2023-03-31", "updatedFromDate": "2023-11-02"}, {"date": "2023-08-03", "symbol": "0157.HK", "eps": null, "epsEstimated": null, "time": "bmo", "revenue": null, "revenueEstimated": 577000000, "fiscalDateEnding": "2023-06-29", "updatedFromDate": "2023-11-03"}, {"date": "2023-08-03", "symbol": "FT.TO", "eps": -0.00129, "epsEstimated": null, "time": "bmo", "revenue": null, "revenueEstimated": null, "fiscalDateEnding": "2023-06-30", "updatedFromDate": "2023-11-03"}, {"date": "2023-08-03", "symbol": "SRE", "eps": 0.94, "epsEstimated": 0.86, "time": "bmo", "revenue": 3335000000, "revenueEstimated": 3538000000, "fiscalDateEnding": "2023-06-29", "updatedFromDate": "2023-11-02"}, {"date": "2023-08-03", "symbol": "WW", "eps": -0.04, "epsEstimated": 0.08, "time": "amc", "revenue": 226830000, "revenueEstimated": 229470000, "fiscalDateEnding": "2023-06-30", "updatedFromDate": "2023-11-02"}, {"date": "2023-08-03", "symbol": "0006.HK", "eps": null, "epsEstimated": null, "time": "bmo", "revenue": null, "revenueEstimated": 1367960000, "fiscalDateEnding": "2023-03-31", "updatedFromDate": "2023-07-03"}, {"date": "2023-08-03", "symbol": "VYGR", "eps": -0.51, "epsEstimated": -0.59, "time": "bmo", "revenue": 4853000, "revenueEstimated": 1770000, "fiscalDateEnding": "2023-06-29", "updatedFromDate": "2023-11-02"}, {"date": "2023-08-03", "symbol": "1537.TW", "eps": 2.06, "epsEstimated": null, "time": "bmo", "revenue": 1609586000, "revenueEstimated": null, "fiscalDateEnding": "2023-06-30", "updatedFromDate": "2023-11-03"}, {"date": "2023-08-03", "symbol": "4975.T", "eps": 36.85, "epsEstimated": null, "time": "bmo", "revenue": null, "revenueEstimated": 5270000, "fiscalDateEnding": "2023-12-30", "updatedFromDate": "2023-11-03"}, {"date": "2023-08-03", "symbol": "EVC", "eps": -0.02, "epsEstimated": -0.00867, "time": "amc", "revenue": 273381000, "revenueEstimated": 258490000, "fiscalDateEnding": "2023-06-29", "updatedFromDate": "2023-11-02"}, {"date": "2023-08-03", "symbol": "600502.SS", "eps": 0.1773, "epsEstimated": null, "time": "bmo", "revenue": 21307259628.96, "revenueEstimated": null, "fiscalDateEnding": "2023-06-30", "updatedFromDate": "2023-11-03"}, {"date": "2023-08-03", "symbol": "INVE", "eps": -0.06, "epsEstimated": -0.08, "time": "amc", "revenue": 29555000, "revenueEstimated": 29700000, "fiscalDateEnding": "2023-06-29", "updatedFromDate": "2023-11-02"}, {"date": "2023-08-03", "symbol": "JSE.JO", "eps": null, "epsEstimated": null, "time": "bmo", "revenue": null, "revenueEstimated": null, "fiscalDateEnding": "2023-06-30", "updatedFromDate": "2023-11-02"}, {"date": "2023-08-03", "symbol": "RCG.TO", "eps": 0.01, "epsEstimated": 0.18, "time": "bmo", "revenue": 88832000, "revenueEstimated": 85928000, "fiscalDateEnding": "2023-06-30", "updatedFromDate": "2023-11-03"}, {"date": "2023-08-03", "symbol": "BIPC", "eps": -2.47552, "epsEstimated": null, "time": "bmo", "revenue": 538000000, "revenueEstimated": null, "fiscalDateEnding": "2023-06-30", "updatedFromDate": "2023-11-02"}, {"date": "2023-08-03", "symbol": "BPOSY", "eps": 0.25, "epsEstimated": null, "time": "--", "revenue": 1018200000, "revenueEstimated": null, "fiscalDateEnding": "2023-06-30", "updatedFromDate": "2023-11-02"}, {"date": "2023-08-03", "symbol": "8111.T", "eps": 74.29, "epsEstimated": null, "time": "bmo", "revenue": null, "revenueEstimated": 27490000, "fiscalDateEnding": "2023-12-30", "updatedFromDate": "2023-11-03"}, {"date": "2023-08-03", "symbol": "QNCD.QA", "eps": 0.05688, "epsEstimated": null, "time": "bmo", "revenue": 105825000, "revenueEstimated": null, "fiscalDateEnding": "2023-06-30", "updatedFromDate": "2023-11-03"}, {"date": "2023-08-03", "symbol": "FR.TO", "eps": -0.02, "epsEstimated": -0.015, "time": "bmo", "revenue": 147309000, "revenueEstimated": null, "fiscalDateEnding": "2023-06-30", "updatedFromDate": "2023-11-03"}, {"date": "2023-08-03", "symbol": "CMIN3.SA", "eps": 0.09, "epsEstimated": 0.11, "time": "bmo", "revenue": 4014012000, "revenueEstimated": 3478420000, "fiscalDateEnding": "2023-06-30", "updatedFromDate": "2023-11-03"}, {"date": "2023-08-03", "symbol": "ZEUS", "eps": 1.3, "epsEstimated": 1.22, "time": "amc", "revenue": 569268000, "revenueEstimated": 558930000, "fiscalDateEnding": "2023-06-29", "updatedFromDate": "2023-11-02"}, {"date": "2023-08-03", "symbol": "BBGI", "eps": -0.08, "epsEstimated": -0.07, "time": "bmo", "revenue": 63461723, "revenueEstimated": 63850000, "fiscalDateEnding": "2023-06-29", "updatedFromDate": "2023-11-02"}, {"date": "2023-08-03", "symbol": "BDX", "eps": 2.96, "epsEstimated": 2.89, "time": "bmo", "revenue": 4878000000, "revenueEstimated": 5032300000, "fiscalDateEnding": "2023-06-29", "updatedFromDate": "2023-11-02"}, {"date": "2023-08-03", "symbol": "IDCC", "eps": 1.3, "epsEstimated": 1.21, "time": "bmo", "revenue": 101591000, "revenueEstimated": 102390000, "fiscalDateEnding": "2023-06-29", "updatedFromDate": "2023-11-02"}, {"date": "2023-08-03", "symbol": "MNTX", "eps": 0.08, "epsEstimated": 0.06, "time": "bmo", "revenue": 73534000, "revenueEstimated": 71000000, "fiscalDateEnding": "2023-06-29", "updatedFromDate": "2023-11-02"}, {"date": "2023-08-03", "symbol": "VNA.F", "eps": -2.34, "epsEstimated": 0.38, "time": "bmo", "revenue": 1379200000, "revenueEstimated": 380320000, "fiscalDateEnding": "2023-06-30", "updatedFromDate": "2023-11-03"}, {"date": "2023-08-03", "symbol": "BBD", "eps": 0.07, "epsEstimated": 0.08, "time": "amc", "revenue": 24516954000, "revenueEstimated": null, "fiscalDateEnding": "2023-06-30", "updatedFromDate": "2023-11-02"}, {"date": "2023-08-03", "symbol": "ECVT", "eps": 0.29, "epsEstimated": 0.28, "time": "bmo", "revenue": 184100000, "revenueEstimated": 197040000, "fiscalDateEnding": "2023-06-29", "updatedFromDate": "2023-11-02"}, {"date": "2023-08-03", "symbol": "ERO", "eps": 0.24, "epsEstimated": 0.23, "time": "amc", "revenue": 104929000, "revenueEstimated": null, "fiscalDateEnding": "2023-06-30", "updatedFromDate": "2023-11-02"}, {"date": "2023-08-03", "symbol": "JOUT", "eps": 1.44, "epsEstimated": 1.21, "time": "bmo", "revenue": 187047000, "revenueEstimated": 165120000, "fiscalDateEnding": "2023-06-29", "updatedFromDate": "2023-11-02"}, {"date": "2023-08-03", "symbol": "CIO", "eps": -0.06, "epsEstimated": 0.35, "time": "bmo", "revenue": 44604000, "revenueEstimated": 44330000, "fiscalDateEnding": "2023-06-29", "updatedFromDate": "2023-11-02"}, {"date": "2023-08-03", "symbol": "STEP.TO", "eps": 0.21, "epsEstimated": 0.18, "time": "bmo", "revenue": 232073000, "revenueEstimated": 260220000, "fiscalDateEnding": "2023-06-30", "updatedFromDate": "2023-11-03"}, {"date": "2023-08-03", "symbol": "ATROB", "eps": -0.37, "epsEstimated": null, "time": "--", "revenue": 174454000, "revenueEstimated": null, "fiscalDateEnding": "2023-06-30", "updatedFromDate": "2023-11-02"}, {"date": "2023-08-03", "symbol": "APG", "eps": 0.41, "epsEstimated": 0.4, "time": "bmo", "revenue": 1771000000, "revenueEstimated": 1768670000, "fiscalDateEnding": "2023-06-29", "updatedFromDate": "2023-11-02"}, {"date": "2023-08-03", "symbol": "GCI", "eps": -0.04, "epsEstimated": -0.05, "time": "bmo", "revenue": 672357000, "revenueEstimated": 624410000, "fiscalDateEnding": "2023-06-29", "updatedFromDate": "2023-11-02"}, {"date": "2023-08-03", "symbol": "CSIOY", "eps": 1.4, "epsEstimated": null, "time": "--", "revenue": null, "revenueEstimated": null, "fiscalDateEnding": "2023-12-30", "updatedFromDate": "2023-11-02"}, {"date": "2023-08-03", "symbol": "LEV", "eps": -0.08, "epsEstimated": -0.11, "time": "bmo", "revenue": 58015843, "revenueEstimated": 81560000, "fiscalDateEnding": "2023-06-30", "updatedFromDate": "2023-11-02"}, {"date": "2023-08-03", "symbol": "RHP", "eps": 1.15, "epsEstimated": 1.23, "time": "amc", "revenue": 504843000, "revenueEstimated": 511330000, "fiscalDateEnding": "2023-06-29", "updatedFromDate": "2023-11-02"}, {"date": "2023-08-03", "symbol": "SMHN.DE", "eps": 0.21, "epsEstimated": null, "time": "bmo", "revenue": 74065000, "revenueEstimated": null, "fiscalDateEnding": "2023-06-30", "updatedFromDate": "2023-11-03"}, {"date": "2023-08-03", "symbol": "282330.KS", "eps": 3444, "epsEstimated": 3662.7, "time": "bmo", "revenue": 2098224065000, "revenueEstimated": 2095810000, "fiscalDateEnding": "2023-06-30", "updatedFromDate": "2023-11-03"}, {"date": "2023-08-03", "symbol": "5391.T", "eps": 142.33, "epsEstimated": null, "time": "bmo", "revenue": null, "revenueEstimated": null, "fiscalDateEnding": "2023-12-30", "updatedFromDate": "2023-11-03"}, {"date": "2023-08-03", "symbol": "6937.T", "eps": 13.09, "epsEstimated": null, "time": "bmo", "revenue": null, "revenueEstimated": null, "fiscalDateEnding": "2023-12-30", "updatedFromDate": "2023-11-03"}, {"date": "2023-08-03", "symbol": "8338.T", "eps": 12.39, "epsEstimated": null, "time": "bmo", "revenue": null, "revenueEstimated": null, "fiscalDateEnding": "2023-12-30", "updatedFromDate": "2023-11-03"}, {"date": "2023-08-03", "symbol": "DQ", "eps": 1.6, "epsEstimated": 4.67, "time": "bmo", "revenue": 636724000, "revenueEstimated": 1008700000, "fiscalDateEnding": "2023-06-30", "updatedFromDate": "2023-11-02"}, {"date": "2023-08-03", "symbol": "OPK", "eps": -0.03, "epsEstimated": -0.07, "time": "amc", "revenue": 265418000, "revenueEstimated": 182530000, "fiscalDateEnding": "2023-06-29", "updatedFromDate": "2023-11-02"}, {"date": "2023-08-03", "symbol": "4452.T", "eps": 25.4, "epsEstimated": 37.31, "time": "bmo", "revenue": 390734000000, "revenueEstimated": 396370000, "fiscalDateEnding": "2023-06-30", "updatedFromDate": "2023-11-03"}, {"date": "2023-08-03", "symbol": "AKT-A.TO", "eps": 0.15, "epsEstimated": 0.12, "time": "bmo", "revenue": 58349000, "revenueEstimated": 59000000, "fiscalDateEnding": "2023-06-30", "updatedFromDate": "2023-11-03"}, {"date": "2023-08-03", "symbol": "LEU", "eps": 0.83, "epsEstimated": 0.27, "time": "amc", "revenue": 98400000, "revenueEstimated": 62800000, "fiscalDateEnding": "2023-06-29", "updatedFromDate": "2023-11-02"}, {"date": "2023-08-03", "symbol": "BYW6.DE", "eps": -0.11556, "epsEstimated": null, "time": "bmo", "revenue": 6391500000, "revenueEstimated": 6656900000, "fiscalDateEnding": "2023-06-30", "updatedFromDate": "2023-11-03"}, {"date": "2023-08-03", "symbol": "TCX", "eps": -1.79, "epsEstimated": null, "time": "amc", "revenue": 84978000, "revenueEstimated": null, "fiscalDateEnding": "2023-06-29", "updatedFromDate": "2023-11-02"}, {"date": "2023-08-03", "symbol": "DY2.DE", "eps": 0.4036, "epsEstimated": null, "time": "bmo", "revenue": 1028000000, "revenueEstimated": null, "fiscalDateEnding": "2023-06-30", "updatedFromDate": "2023-11-03"}, {"date": "2023-08-03", "symbol": "PLNT", "eps": 0.65, "epsEstimated": 0.54, "time": "bmo", "revenue": 286463000, "revenueEstimated": 265640000, "fiscalDateEnding": "2023-06-29", "updatedFromDate": "2023-11-02"}, {"date": "2023-08-03", "symbol": "2083.SR", "eps": null, "epsEstimated": null, "time": "bmo", "revenue": null, "revenueEstimated": null, "fiscalDateEnding": "2023-06-30", "updatedFromDate": "2023-11-03"}, {"date": "2023-08-03", "symbol": "CPLFF", "eps": -0.17509, "epsEstimated": null, "time": "bmo", "revenue": 18504000, "revenueEstimated": null, "fiscalDateEnding": "2023-06-30", "updatedFromDate": "2023-11-02"}, {"date": "2023-08-03", "symbol": "GDHG", "eps": null, "epsEstimated": null, "time": "bmo", "revenue": null, "revenueEstimated": null, "fiscalDateEnding": "2023-03-31", "updatedFromDate": "2023-11-20"}, {"date": "2023-08-03", "symbol": "3537.T", "eps": 25.16, "epsEstimated": null, "time": "bmo", "revenue": 5571468000, "revenueEstimated": null, "fiscalDateEnding": "2023-06-30", "updatedFromDate": "2023-11-03"}, {"date": "2023-08-03", "symbol": "WTE.TO", "eps": 0.45, "epsEstimated": 0.45, "time": "bmo", "revenue": 91830000, "revenueEstimated": 88860000, "fiscalDateEnding": "2023-06-30", "updatedFromDate": "2023-11-03"}, {"date": "2023-08-03", "symbol": "BALL", "eps": 0.61, "epsEstimated": 0.62, "time": "bmo", "revenue": 3566000000, "revenueEstimated": 3829790000, "fiscalDateEnding": "2023-06-29", "updatedFromDate": "2023-11-02"}, {"date": "2023-08-03", "symbol": "8154.T", "eps": 219.6, "epsEstimated": null, "time": "bmo", "revenue": null, "revenueEstimated": 138500000, "fiscalDateEnding": "2023-12-30", "updatedFromDate": "2023-11-03"}, {"date": "2023-08-03", "symbol": "SABR", "eps": -0.17, "epsEstimated": -0.23, "time": "bmo", "revenue": 737529000, "revenueEstimated": 717490000, "fiscalDateEnding": "2023-06-29", "updatedFromDate": "2023-11-02"}, {"date": "2023-08-03", "symbol": "042700.KS", "eps": 352, "epsEstimated": 76, "time": "bmo", "revenue": 49070266000, "revenueEstimated": 51530000, "fiscalDateEnding": "2023-06-30", "updatedFromDate": "2023-11-03"}, {"date": "2023-08-03", "symbol": "MNMD", "eps": -0.72, "epsEstimated": -0.54, "time": "amc", "revenue": null, "revenueEstimated": null, "fiscalDateEnding": "2023-06-29", "updatedFromDate": "2023-11-02"}, {"date": "2023-08-03", "symbol": "MTSI", "eps": 0.54, "epsEstimated": 0.54, "time": "bmo", "revenue": 148522000, "revenueEstimated": 147670000, "fiscalDateEnding": "2023-06-29", "updatedFromDate": "2023-11-02"}, {"date": "2023-08-03", "symbol": "NHNKY", "eps": 0.16, "epsEstimated": null, "time": "--", "revenue": null, "revenueEstimated": null, "fiscalDateEnding": "2023-12-30", "updatedFromDate": "2023-11-02"}, {"date": "2023-08-03", "symbol": "DNTH", "eps": -0.05, "epsEstimated": -0.19, "time": "bmo", "revenue": null, "revenueEstimated": null, "fiscalDateEnding": "2023-03-31", "updatedFromDate": "2023-11-20"}, {"date": "2023-08-03", "symbol": "YELP", "eps": 0.21, "epsEstimated": 0.15, "time": "amc", "revenue": 337126000, "revenueEstimated": 325350000, "fiscalDateEnding": "2023-06-29", "updatedFromDate": "2023-11-02"}, {"date": "2023-08-03", "symbol": "FVRR", "eps": 0.49, "epsEstimated": 0.41, "time": "bmo", "revenue": 89385000, "revenueEstimated": 90930000, "fiscalDateEnding": "2023-06-30", "updatedFromDate": "2023-11-02"}, {"date": "2023-08-03", "symbol": "LPN.BK", "eps": 0.06, "epsEstimated": 0.08, "time": "bmo", "revenue": 1731901214.43, "revenueEstimated": 1755000000, "fiscalDateEnding": "2023-06-30", "updatedFromDate": "2023-11-03"}, {"date": "2023-08-03", "symbol": "LOCO", "eps": 0.23, "epsEstimated": 0.21, "time": "amc", "revenue": 121492000, "revenueEstimated": 124740000, "fiscalDateEnding": "2023-06-27", "updatedFromDate": "2023-11-02"}, {"date": "2023-08-03", "symbol": "IFX.DE", "eps": 0.67, "epsEstimated": 0.62, "time": "bmo", "revenue": 4089000000, "revenueEstimated": 4100460000, "fiscalDateEnding": "2023-06-30", "updatedFromDate": "2023-11-03"}, {"date": "2023-08-03", "symbol": "3027.TW", "eps": 0.31, "epsEstimated": 0.49, "time": "bmo", "revenue": 598044000, "revenueEstimated": null, "fiscalDateEnding": "2023-06-30", "updatedFromDate": "2023-11-03"}, {"date": "2023-08-03", "symbol": "NNBR", "eps": -0.08, "epsEstimated": -0.065, "time": "amc", "revenue": 125206000, "revenueEstimated": 134950000, "fiscalDateEnding": "2023-06-29", "updatedFromDate": "2023-11-02"}, {"date": "2023-08-03", "symbol": "BALY", "eps": -0.25, "epsEstimated": -0.16, "time": "bmo", "revenue": 606206000, "revenueEstimated": 608590000, "fiscalDateEnding": "2023-06-29", "updatedFromDate": "2023-11-02"}, {"date": "2023-08-03", "symbol": "APO", "eps": 1.7, "epsEstimated": 1.65, "time": "bmo", "revenue": 13702000000, "revenueEstimated": 3341860000, "fiscalDateEnding": "2023-06-29", "updatedFromDate": "2023-11-02"}, {"date": "2023-08-03", "symbol": "LEE", "eps": 0.25, "epsEstimated": 0.93, "time": "bmo", "revenue": 171310000, "revenueEstimated": 173400000, "fiscalDateEnding": "2023-06-24", "updatedFromDate": "2023-11-02"}, {"date": "2023-08-03", "symbol": "AAOI", "eps": -0.21, "epsEstimated": -0.28, "time": "amc", "revenue": 41615000, "revenueEstimated": 45430000, "fiscalDateEnding": "2023-06-29", "updatedFromDate": "2023-11-02"}, {"date": "2023-08-03", "symbol": "EXR", "eps": 1.41, "epsEstimated": 1.51, "time": "amc", "revenue": 511386000, "revenueEstimated": 507950000, "fiscalDateEnding": "2023-06-29", "updatedFromDate": "2023-11-02"}, {"date": "2023-08-03", "symbol": "LXRX", "eps": -0.22, "epsEstimated": -0.17, "time": "amc", "revenue": 317000, "revenueEstimated": 4060000, "fiscalDateEnding": "2023-06-29", "updatedFromDate": "2023-11-02"}, {"date": "2023-08-03", "symbol": "ADDYY", "eps": 0.24, "epsEstimated": -0.27, "time": "--", "revenue": 5343000000, "revenueEstimated": null, "fiscalDateEnding": "2023-06-30", "updatedFromDate": "2023-11-02"}, {"date": "2023-08-03", "symbol": "PNW", "eps": 0.94, "epsEstimated": 1.19, "time": "bmo", "revenue": 1121703000, "revenueEstimated": 1086680000, "fiscalDateEnding": "2023-06-29", "updatedFromDate": "2023-11-02"}, {"date": "2023-08-03", "symbol": "OSUR", "eps": -0.07, "epsEstimated": -0.06, "time": "amc", "revenue": 85441000, "revenueEstimated": 48910000, "fiscalDateEnding": "2023-06-29", "updatedFromDate": "2023-11-02"}, {"date": "2023-08-03", "symbol": "ISV.TO", "eps": 0.46, "epsEstimated": 0.54, "time": "bmo", "revenue": 53295000, "revenueEstimated": 54630000, "fiscalDateEnding": "2023-06-30", "updatedFromDate": "2023-11-03"}, {"date": "2023-08-03", "symbol": "HGV", "eps": 0.71, "epsEstimated": 0.79, "time": "bmo", "revenue": 1007000000, "revenueEstimated": 1008300000, "fiscalDateEnding": "2023-06-29", "updatedFromDate": "2023-11-02"}, {"date": "2023-08-03", "symbol": "POST", "eps": 1.52, "epsEstimated": 0.93, "time": "amc", "revenue": 1859400000, "revenueEstimated": 1939890000, "fiscalDateEnding": "2023-06-29", "updatedFromDate": "2023-11-02"}, {"date": "2023-08-03", "symbol": "QNCX", "eps": -0.14, "epsEstimated": null, "time": "bmo", "revenue": null, "revenueEstimated": null, "fiscalDateEnding": "2023-06-29", "updatedFromDate": "2023-11-02"}, {"date": "2023-08-03", "symbol": "RMD", "eps": 1.6, "epsEstimated": 1.69, "time": "amc", "revenue": 1122057000, "revenueEstimated": 1140270000, "fiscalDateEnding": "2023-06-29", "updatedFromDate": "2023-11-02"}, {"date": "2023-08-03", "symbol": "TCPC", "eps": 0.48, "epsEstimated": 0.43, "time": "bmo", "revenue": 18367510, "revenueEstimated": 49630000, "fiscalDateEnding": "2023-06-29", "updatedFromDate": "2023-11-02"}, {"date": "2023-08-03", "symbol": "VBL.NS", "eps": 7.65, "epsEstimated": null, "time": "bmo", "revenue": 56114020000, "revenueEstimated": 56383000000, "fiscalDateEnding": "2023-06-30", "updatedFromDate": "2023-11-03"}, {"date": "2023-08-03", "symbol": "AAON", "eps": 0.55, "epsEstimated": 0.42, "time": "amc", "revenue": 283957000, "revenueEstimated": 276080000, "fiscalDateEnding": "2023-06-29", "updatedFromDate": "2023-11-02"}, {"date": "2023-08-03", "symbol": "CDPYF", "eps": 0.2357, "epsEstimated": null, "time": "bmo", "revenue": 263798000, "revenueEstimated": null, "fiscalDateEnding": "2023-06-30", "updatedFromDate": "2023-11-02"}, {"date": "2023-08-03", "symbol": "2344.TW", "eps": 0.09, "epsEstimated": -0.11, "time": "bmo", "revenue": 18810867000, "revenueEstimated": 17775000000, "fiscalDateEnding": "2023-06-30", "updatedFromDate": "2023-11-03"}, {"date": "2023-08-03", "symbol": "STEM", "eps": -0.56, "epsEstimated": -0.23, "time": "amc", "revenue": 92946000, "revenueEstimated": 92020000, "fiscalDateEnding": "2023-06-29", "updatedFromDate": "2023-11-02"}, {"date": "2023-08-03", "symbol": "HIK.L", "eps": null, "epsEstimated": null, "time": "bmo", "revenue": null, "revenueEstimated": null, "fiscalDateEnding": "2023-03-31", "updatedFromDate": "2023-07-03"}, {"date": "2023-08-03", "symbol": "BBOX.L", "eps": null, "epsEstimated": null, "time": "bmo", "revenue": null, "revenueEstimated": null, "fiscalDateEnding": "2023-06-30", "updatedFromDate": "2023-11-03"}, {"date": "2023-08-03", "symbol": "JCH.L", "eps": null, "epsEstimated": null, "time": "bmo", "revenue": null, "revenueEstimated": null, "fiscalDateEnding": "2023-03-31", "updatedFromDate": "2023-07-03"}, {"date": "2023-08-03", "symbol": "6269.TW", "eps": 1.73, "epsEstimated": 0.06, "time": "bmo", "revenue": 8123502000, "revenueEstimated": 10994900000, "fiscalDateEnding": "2023-06-30", "updatedFromDate": "2023-11-03"}, {"date": "2023-08-03", "symbol": "WIZZ.L", "eps": 0.48, "epsEstimated": 0.41, "time": "bmo", "revenue": null, "revenueEstimated": 1616930000, "fiscalDateEnding": "2024-03-30", "updatedFromDate": "2023-11-03"}, {"date": "2023-08-03", "symbol": "LAUR", "eps": 0.35, "epsEstimated": 0.52, "time": "bmo", "revenue": 462100000, "revenueEstimated": 436900000, "fiscalDateEnding": "2023-06-29", "updatedFromDate": "2023-11-02"}, {"date": "2023-08-03", "symbol": "SHAK", "eps": 0.18, "epsEstimated": 0.1, "time": "bmo", "revenue": 271805000, "revenueEstimated": 274350000, "fiscalDateEnding": "2023-06-27", "updatedFromDate": "2023-11-02"}, {"date": "2023-08-03", "symbol": "GBRRF", "eps": -0.00263, "epsEstimated": null, "time": "bmo", "revenue": null, "revenueEstimated": null, "fiscalDateEnding": "2023-06-30", "updatedFromDate": "2023-11-02"}, {"date": "2023-08-03", "symbol": "DEYAAR.AE", "eps": 0.0142, "epsEstimated": null, "time": "bmo", "revenue": 316393000, "revenueEstimated": null, "fiscalDateEnding": "2023-06-30", "updatedFromDate": "2023-11-03"}, {"date": "2023-08-03", "symbol": "ECOR3.SA", "eps": 0.17, "epsEstimated": 0.14, "time": "bmo", "revenue": 2009554000, "revenueEstimated": 1626550000, "fiscalDateEnding": "2023-06-30", "updatedFromDate": "2023-11-03"}, {"date": "2023-08-03", "symbol": "TRC", "eps": 0.01, "epsEstimated": 0.004, "time": "bmo", "revenue": 6098000, "revenueEstimated": 17570000, "fiscalDateEnding": "2023-06-29", "updatedFromDate": "2023-11-02"}, {"date": "2023-08-03", "symbol": "8118.T", "eps": 13.87, "epsEstimated": null, "time": "bmo", "revenue": null, "revenueEstimated": null, "fiscalDateEnding": "2023-12-30", "updatedFromDate": "2023-11-03"}, {"date": "2023-08-03", "symbol": "GIL", "eps": 0.63, "epsEstimated": 0.61, "time": "bmo", "revenue": 840438000, "revenueEstimated": 818330000, "fiscalDateEnding": "2023-06-30", "updatedFromDate": "2023-11-02"}, {"date": "2023-08-03", "symbol": "CFBK", "eps": 0.66, "epsEstimated": 0.61, "time": "bmo", "revenue": 12277000, "revenueEstimated": 12500000, "fiscalDateEnding": "2023-06-29", "updatedFromDate": "2023-11-02"}, {"date": "2023-08-03", "symbol": "SPT", "eps": 0.07, "epsEstimated": 0.01136, "time": "amc", "revenue": 79315000, "revenueEstimated": 78720000, "fiscalDateEnding": "2023-06-29", "updatedFromDate": "2023-11-02"}, {"date": "2023-08-03", "symbol": "IVN.TO", "eps": 0.07, "epsEstimated": 0.11, "time": "bmo", "revenue": null, "revenueEstimated": null, "fiscalDateEnding": "2023-06-30", "updatedFromDate": "2023-11-03"}, {"date": "2023-08-03", "symbol": "CDXS", "eps": -0.17, "epsEstimated": -0.21, "time": "bmo", "revenue": 21323000, "revenueEstimated": 21080000, "fiscalDateEnding": "2023-06-29", "updatedFromDate": "2023-11-02"}, {"date": "2023-08-03", "symbol": "SGHT", "eps": -0.3, "epsEstimated": -0.35, "time": "amc", "revenue": 23471000, "revenueEstimated": 21590000, "fiscalDateEnding": "2023-06-29", "updatedFromDate": "2023-11-02"}, {"date": "2023-08-03", "symbol": "KIN2.DE", "eps": 0.1219, "epsEstimated": null, "time": "bmo", "revenue": 1092300000, "revenueEstimated": null, "fiscalDateEnding": "2023-06-30", "updatedFromDate": "2023-11-03"}, {"date": "2023-08-03", "symbol": "CAR-UN.TO", "eps": 0.2357, "epsEstimated": null, "time": "bmo", "revenue": 263798000, "revenueEstimated": 263100000, "fiscalDateEnding": "2023-06-30", "updatedFromDate": "2023-11-03"}, {"date": "2023-08-03", "symbol": "SAP.JO", "eps": 0.05, "epsEstimated": 0.013, "time": "bmo", "revenue": 1326000000, "revenueEstimated": 1392840000, "fiscalDateEnding": "2023-06-30", "updatedFromDate": "2023-11-03"}, {"date": "2023-08-03", "symbol": "SGL.DE", "eps": -0.22, "epsEstimated": 0.13, "time": "bmo", "revenue": 276800000, "revenueEstimated": 215750000, "fiscalDateEnding": "2023-06-30", "updatedFromDate": "2023-11-03"}, {"date": "2023-08-03", "symbol": "MCHX", "eps": -0.03, "epsEstimated": -0.07, "time": "amc", "revenue": 12522000, "revenueEstimated": 12500000, "fiscalDateEnding": "2023-06-29", "updatedFromDate": "2023-11-02"}, {"date": "2023-08-03", "symbol": "PBH", "eps": 1.06, "epsEstimated": 1.01, "time": "bmo", "revenue": 279309000, "revenueEstimated": 278620000, "fiscalDateEnding": "2023-06-29", "updatedFromDate": "2023-11-02"}, {"date": "2023-08-03", "symbol": "CMIG3.SA", "eps": 0.57, "epsEstimated": null, "time": "bmo", "revenue": 8819517000, "revenueEstimated": null, "fiscalDateEnding": "2023-06-30", "updatedFromDate": "2023-11-03"}, {"date": "2023-08-03", "symbol": "VTR", "eps": 0.26, "epsEstimated": 0.02, "time": "amc", "revenue": 1106358000, "revenueEstimated": 1093520000, "fiscalDateEnding": "2023-06-29", "updatedFromDate": "2023-11-02"}, {"date": "2023-08-03", "symbol": "WTSHF", "eps": 0.4501, "epsEstimated": null, "time": "bmo", "revenue": 91830000, "revenueEstimated": null, "fiscalDateEnding": "2023-06-30", "updatedFromDate": "2023-11-02"}, {"date": "2023-08-03", "symbol": "PBR", "eps": 0.89, "epsEstimated": 0.84, "time": "amc", "revenue": 22979000000, "revenueEstimated": null, "fiscalDateEnding": "2023-06-29", "updatedFromDate": "2023-11-02"}, {"date": "2023-08-03", "symbol": "YMDAF", "eps": 15.11, "epsEstimated": null, "time": "bmo", "revenue": null, "revenueEstimated": null, "fiscalDateEnding": "2023-12-31", "updatedFromDate": "2023-11-03"}, {"date": "2023-08-03", "symbol": "PWR", "eps": 1.65, "epsEstimated": 1.67, "time": "bmo", "revenue": 5048610000, "revenueEstimated": 4706680000, "fiscalDateEnding": "2023-06-29", "updatedFromDate": "2023-11-02"}, {"date": "2023-08-03", "symbol": "GEL", "eps": 0.22, "epsEstimated": 0.27, "time": "bmo", "revenue": 804662000, "revenueEstimated": 383260000, "fiscalDateEnding": "2023-06-29", "updatedFromDate": "2023-11-02"}, {"date": "2023-08-03", "symbol": "HBGRF", "eps": null, "epsEstimated": null, "time": "bmo", "revenue": null, "revenueEstimated": null, "fiscalDateEnding": "2023-12-31", "updatedFromDate": "2023-11-02"}, {"date": "2023-08-03", "symbol": "BDIMF", "eps": 0.06, "epsEstimated": null, "time": "amc", "revenue": 91142000, "revenueEstimated": null, "fiscalDateEnding": "2023-06-30", "updatedFromDate": "2023-11-02"}, {"date": "2023-08-03", "symbol": "APD", "eps": 2.98, "epsEstimated": 2.91, "time": "bmo", "revenue": 3033900000, "revenueEstimated": 3294940000, "fiscalDateEnding": "2023-06-29", "updatedFromDate": "2023-11-02"}, {"date": "2023-08-03", "symbol": "UPLD", "eps": 0.22, "epsEstimated": 0.24, "time": "amc", "revenue": 74497000, "revenueEstimated": 73360000, "fiscalDateEnding": "2023-06-29", "updatedFromDate": "2023-11-02"}, {"date": "2023-08-03", "symbol": "VHI", "eps": -0.18, "epsEstimated": 0.21, "time": "bmo", "revenue": 507100000, "revenueEstimated": null, "fiscalDateEnding": "2023-06-29", "updatedFromDate": "2023-11-02"}, {"date": "2023-08-03", "symbol": "KURA", "eps": -0.53, "epsEstimated": -0.57, "time": "amc", "revenue": null, "revenueEstimated": null, "fiscalDateEnding": "2023-06-29", "updatedFromDate": "2023-11-02"}, {"date": "2023-08-03", "symbol": "NPNYY", "eps": 0.2, "epsEstimated": null, "time": "--", "revenue": 600820000000, "revenueEstimated": null, "fiscalDateEnding": "2023-06-30", "updatedFromDate": "2023-11-30"}, {"date": "2023-08-03", "symbol": "TWC.TO", "eps": 0.3281, "epsEstimated": null, "time": "bmo", "revenue": 65790000, "revenueEstimated": null, "fiscalDateEnding": "2023-06-30", "updatedFromDate": "2023-11-03"}, {"date": "2023-08-03", "symbol": "GILD", "eps": 1.34, "epsEstimated": 1.6, "time": "amc", "revenue": 6599000000, "revenueEstimated": 6457610000, "fiscalDateEnding": "2023-06-29", "updatedFromDate": "2023-11-02"}, {"date": "2023-08-03", "symbol": "BCIP.JK", "eps": 0.973, "epsEstimated": null, "time": "bmo", "revenue": 19622643216, "revenueEstimated": null, "fiscalDateEnding": "2023-06-30", "updatedFromDate": "2023-11-03"}, {"date": "2023-08-03", "symbol": "CLFD", "eps": 0.33, "epsEstimated": 0.09, "time": "amc", "revenue": 61284000, "revenueEstimated": 50040000, "fiscalDateEnding": "2023-06-29", "updatedFromDate": "2023-11-02"}, {"date": "2023-08-03", "symbol": "EEYUF", "eps": -0.04, "epsEstimated": null, "time": "bmo", "revenue": 28573000, "revenueEstimated": null, "fiscalDateEnding": "2023-06-30", "updatedFromDate": "2023-11-02"}, {"date": "2023-08-03", "symbol": "PRIO3.SA", "eps": 0.99, "epsEstimated": 1.04, "time": "bmo", "revenue": 2311206000, "revenueEstimated": 2556310000, "fiscalDateEnding": "2023-06-30", "updatedFromDate": "2023-11-03"}, {"date": "2023-08-03", "symbol": "RBA", "eps": 0.85, "epsEstimated": 0.77, "time": "amc", "revenue": 1106500000, "revenueEstimated": 971170000, "fiscalDateEnding": "2023-06-29", "updatedFromDate": "2023-11-02"}, {"date": "2023-08-03", "symbol": "AG", "eps": -0.02, "epsEstimated": -0.015, "time": "bmo", "revenue": 147309000, "revenueEstimated": null, "fiscalDateEnding": "2023-06-30", "updatedFromDate": "2023-11-02"}, {"date": "2023-08-03", "symbol": "7506.T", "eps": null, "epsEstimated": null, "time": "bmo", "revenue": null, "revenueEstimated": null, "fiscalDateEnding": "2023-12-30", "updatedFromDate": "2023-11-03"}, {"date": "2023-08-03", "symbol": "VGR", "eps": 0.32, "epsEstimated": 0.33, "time": "bmo", "revenue": 365662000, "revenueEstimated": 402100000, "fiscalDateEnding": "2023-06-29", "updatedFromDate": "2023-11-02"}, {"date": "2023-08-03", "symbol": "SRTS", "eps": -0.02, "epsEstimated": -0.05, "time": "amc", "revenue": 4527000, "revenueEstimated": 4550000, "fiscalDateEnding": "2023-06-29", "updatedFromDate": "2023-11-02"}, {"date": "2023-08-03", "symbol": "BEPC.TO", "eps": 1.62, "epsEstimated": -0.05, "time": "bmo", "revenue": 901000000, "revenueEstimated": 1284000000, "fiscalDateEnding": "2023-06-30", "updatedFromDate": "2023-11-03"}, {"date": "2023-08-03", "symbol": "TGNA", "eps": 0.44, "epsEstimated": 0.42, "time": "bmo", "revenue": 731506000, "revenueEstimated": 727690000, "fiscalDateEnding": "2023-06-29", "updatedFromDate": "2023-11-02"}, {"date": "2023-08-03", "symbol": "SQZ", "eps": -0.78, "epsEstimated": 0.6, "time": "bmo", "revenue": 178000, "revenueEstimated": 2250000, "fiscalDateEnding": "2023-06-29", "updatedFromDate": "2023-11-02"}, {"date": "2023-08-03", "symbol": "ITT", "eps": 1.33, "epsEstimated": 1.18, "time": "bmo", "revenue": 833900000, "revenueEstimated": 795900000, "fiscalDateEnding": "2023-06-30", "updatedFromDate": "2023-11-02"}, {"date": "2023-08-03", "symbol": "2451.TW", "eps": 0.93, "epsEstimated": 0.72, "time": "bmo", "revenue": 2469577000, "revenueEstimated": 2993000000, "fiscalDateEnding": "2023-06-30", "updatedFromDate": "2023-11-03"}, {"date": "2023-08-03", "symbol": "CRAI", "eps": 1.42, "epsEstimated": 1.36, "time": "bmo", "revenue": 161965000, "revenueEstimated": 157450000, "fiscalDateEnding": "2023-06-30", "updatedFromDate": "2023-11-02"}, {"date": "2023-08-03", "symbol": "CHRRF", "eps": 0.09541, "epsEstimated": null, "time": "bmo", "revenue": 396775000, "revenueEstimated": null, "fiscalDateEnding": "2023-06-30", "updatedFromDate": "2023-11-02"}, {"date": "2023-08-03", "symbol": "KCHOL.IS", "eps": 8.13, "epsEstimated": 5.64, "time": "bmo", "revenue": 266540000000, "revenueEstimated": 262429000000, "fiscalDateEnding": "2023-06-30", "updatedFromDate": "2023-11-03"}, {"date": "2023-08-03", "symbol": "SCGLY", "eps": 0.24, "epsEstimated": 0.22, "time": "--", "revenue": null, "revenueEstimated": null, "fiscalDateEnding": "2023-06-30", "updatedFromDate": "2023-11-02"}, {"date": "2023-08-03", "symbol": "CADNF", "eps": 0.2181, "epsEstimated": null, "time": "bmo", "revenue": 1168000000, "revenueEstimated": null, "fiscalDateEnding": "2023-06-30", "updatedFromDate": "2023-11-02"}, {"date": "2023-08-03", "symbol": "053210.KS", "eps": 369, "epsEstimated": null, "time": "bmo", "revenue": 261284475000, "revenueEstimated": 250300000, "fiscalDateEnding": "2023-06-30", "updatedFromDate": "2023-11-03"}, {"date": "2023-08-03", "symbol": "0001.HK", "eps": null, "epsEstimated": null, "time": "bmo", "revenue": null, "revenueEstimated": null, "fiscalDateEnding": "2023-06-30", "updatedFromDate": "2023-11-03"}, {"date": "2023-08-03", "symbol": "WRN.TO", "eps": -0.00544, "epsEstimated": null, "time": "bmo", "revenue": null, "revenueEstimated": null, "fiscalDateEnding": "2023-06-30", "updatedFromDate": "2023-11-03"}, {"date": "2023-08-03", "symbol": "BECN", "eps": 2.66, "epsEstimated": 2.27, "time": "amc", "revenue": 2503700000, "revenueEstimated": 203907000000, "fiscalDateEnding": "2023-06-29", "updatedFromDate": "2023-11-02"}, {"date": "2023-08-03", "symbol": "CDTX", "eps": -0.14, "epsEstimated": -0.08, "time": "bmo", "revenue": 7614000, "revenueEstimated": 11550000, "fiscalDateEnding": "2023-06-29", "updatedFromDate": "2023-11-02"}, {"date": "2023-08-03", "symbol": "MCHP", "eps": 1.64, "epsEstimated": 1.64, "time": "amc", "revenue": 2288600000, "revenueEstimated": 2289750000, "fiscalDateEnding": "2023-06-29", "updatedFromDate": "2023-11-02"}, {"date": "2023-08-03", "symbol": "012630.KS", "eps": 334, "epsEstimated": null, "time": "bmo", "revenue": 1369339730000, "revenueEstimated": 447620000, "fiscalDateEnding": "2023-06-30", "updatedFromDate": "2023-11-03"}, {"date": "2023-08-03", "symbol": "BCRX", "eps": -0.24, "epsEstimated": -0.25, "time": "bmo", "revenue": 82491000, "revenueEstimated": 80990000, "fiscalDateEnding": "2023-06-29", "updatedFromDate": "2023-11-02"}, {"date": "2023-08-03", "symbol": "DTC", "eps": 0.22, "epsEstimated": 0.21, "time": "bmo", "revenue": 130927000, "revenueEstimated": 107370000, "fiscalDateEnding": "2023-06-29", "updatedFromDate": "2023-11-02"}, {"date": "2023-08-03", "symbol": "NVMI", "eps": 1.06, "epsEstimated": 1, "time": "bmo", "revenue": 122702000, "revenueEstimated": 121690000, "fiscalDateEnding": "2023-06-30", "updatedFromDate": "2023-11-02"}, {"date": "2023-08-03", "symbol": "1WR.DE", "eps": null, "epsEstimated": null, "time": "bmo", "revenue": null, "revenueEstimated": null, "fiscalDateEnding": "2023-06-30", "updatedFromDate": "2023-11-03"}, {"date": "2023-08-03", "symbol": "PBYI", "eps": 0.1, "epsEstimated": 0.07, "time": "amc", "revenue": 54568000, "revenueEstimated": 51730000, "fiscalDateEnding": "2023-06-29", "updatedFromDate": "2023-11-02"}, {"date": "2023-08-03", "symbol": "SKT", "eps": 0.23, "epsEstimated": 0.16, "time": "amc", "revenue": 110641000, "revenueEstimated": 111450000, "fiscalDateEnding": "2023-06-29", "updatedFromDate": "2023-11-02"}, {"date": "2023-08-03", "symbol": "BUD", "eps": 0.72, "epsEstimated": 0.66, "time": "bmo", "revenue": 15120000000, "revenueEstimated": null, "fiscalDateEnding": "2023-06-30", "updatedFromDate": "2023-11-02"}, {"date": "2023-08-03", "symbol": "AGII.JK", "eps": 8.21, "epsEstimated": null, "time": "bmo", "revenue": 659228000000, "revenueEstimated": null, "fiscalDateEnding": "2023-06-30", "updatedFromDate": "2023-11-03"}, {"date": "2023-08-03", "symbol": "IVR", "eps": 1.45, "epsEstimated": 1.07, "time": "amc", "revenue": 9378000, "revenueEstimated": 71550000, "fiscalDateEnding": "2023-06-29", "updatedFromDate": "2023-11-02"}, {"date": "2023-08-03", "symbol": "IMUX", "eps": -0.54, "epsEstimated": -0.52, "time": "bmo", "revenue": null, "revenueEstimated": null, "fiscalDateEnding": "2023-06-29", "updatedFromDate": "2023-11-02"}, {"date": "2023-08-03", "symbol": "NS", "eps": 0.09, "epsEstimated": 0.15, "time": "bmo", "revenue": 378334000, "revenueEstimated": 384350000, "fiscalDateEnding": "2023-06-29", "updatedFromDate": "2023-11-02"}, {"date": "2023-08-03", "symbol": "TK", "eps": 0.45, "epsEstimated": null, "time": "bmo", "revenue": 395400000, "revenueEstimated": null, "fiscalDateEnding": "2023-06-30", "updatedFromDate": "2023-11-02"}, {"date": "2023-08-03", "symbol": "AMZN", "eps": 0.65, "epsEstimated": 0.35, "time": "amc", "revenue": 134383000000, "revenueEstimated": 119573000000, "fiscalDateEnding": "2023-06-29", "updatedFromDate": "2023-11-02"}, {"date": "2023-08-03", "symbol": "WLDN", "eps": 0.26, "epsEstimated": 0.12, "time": "amc", "revenue": 119077000, "revenueEstimated": 54990000, "fiscalDateEnding": "2023-06-29", "updatedFromDate": "2023-11-02"}, {"date": "2023-08-03", "symbol": "SYNA", "eps": 0.49, "epsEstimated": 0.43, "time": "amc", "revenue": 227300000, "revenueEstimated": 223230000, "fiscalDateEnding": "2023-06-23", "updatedFromDate": "2023-11-02"}, {"date": "2023-08-03", "symbol": "8075.T", "eps": 154.66, "epsEstimated": null, "time": "bmo", "revenue": null, "revenueEstimated": null, "fiscalDateEnding": "2023-12-30", "updatedFromDate": "2023-11-03"}, {"date": "2023-08-03", "symbol": "8146.HK", "eps": -0.0017, "epsEstimated": null, "time": "bmo", "revenue": 11102000, "revenueEstimated": null, "fiscalDateEnding": "2023-06-30", "updatedFromDate": "2023-11-03"}, {"date": "2023-08-03", "symbol": "TORXF", "eps": 0.87, "epsEstimated": null, "time": "bmo", "revenue": 211300000, "revenueEstimated": null, "fiscalDateEnding": "2023-06-30", "updatedFromDate": "2023-11-02"}, {"date": "2023-08-03", "symbol": "3834.T", "eps": null, "epsEstimated": null, "time": "bmo", "revenue": null, "revenueEstimated": 3110000, "fiscalDateEnding": "2023-12-30", "updatedFromDate": "2023-11-03"}, {"date": "2023-08-03", "symbol": "THR", "eps": 0.4, "epsEstimated": 0.29, "time": "bmo", "revenue": 106889000, "revenueEstimated": 99720000, "fiscalDateEnding": "2023-06-29", "updatedFromDate": "2023-11-02"}, {"date": "2023-08-03", "symbol": "CCLD", "eps": -0.37, "epsEstimated": -0.28, "time": "bmo", "revenue": 29362000, "revenueEstimated": 31320000, "fiscalDateEnding": "2023-06-30", "updatedFromDate": "2023-11-02"}, {"date": "2023-08-03", "symbol": "IWSY", "eps": null, "epsEstimated": null, "time": "bmo", "revenue": null, "revenueEstimated": 785000, "fiscalDateEnding": "2023-06-30", "updatedFromDate": "2023-11-02"}, {"date": "2023-08-03", "symbol": "CRSR", "eps": 0.09, "epsEstimated": 0.1, "time": "amc", "revenue": 325432000, "revenueEstimated": 319600000, "fiscalDateEnding": "2023-06-29", "updatedFromDate": "2023-11-02"}, {"date": "2023-08-03", "symbol": "BBDO", "eps": 0.07, "epsEstimated": null, "time": "amc", "revenue": 24516954000, "revenueEstimated": null, "fiscalDateEnding": "2023-06-30", "updatedFromDate": "2023-11-02"}, {"date": "2023-08-03", "symbol": "AAPL", "eps": 1.26, "epsEstimated": 1.19, "time": "amc", "revenue": 81797000000, "revenueEstimated": 81685700000, "fiscalDateEnding": "2023-06-30", "updatedFromDate": "2023-11-02"}, {"date": "2023-08-03", "symbol": "BDC", "eps": 1.91, "epsEstimated": 1.77, "time": "bmo", "revenue": 692245000, "revenueEstimated": 687490000, "fiscalDateEnding": "2023-07-01", "updatedFromDate": "2023-11-02"}, {"date": "2023-08-03", "symbol": "GOOS", "eps": -0.52, "epsEstimated": -0.64, "time": "bmo", "revenue": 84800000, "revenueEstimated": 56510000, "fiscalDateEnding": "2023-06-30", "updatedFromDate": "2023-11-02"}, {"date": "2023-08-03", "symbol": "MODV", "eps": 1.47, "epsEstimated": 1.51, "time": "amc", "revenue": 699107000, "revenueEstimated": 699107000, "fiscalDateEnding": "2023-06-29", "updatedFromDate": "2023-11-02"}, {"date": "2023-08-03", "symbol": "EGLE", "eps": 1.13, "epsEstimated": 0.44, "time": "amc", "revenue": 101406000, "revenueEstimated": 93190000, "fiscalDateEnding": "2023-06-29", "updatedFromDate": "2023-11-02"}, {"date": "2023-08-03", "symbol": "PHI", "eps": 0.7, "epsEstimated": null, "time": "bmo", "revenue": 51676000000, "revenueEstimated": null, "fiscalDateEnding": "2023-06-30", "updatedFromDate": "2023-11-02"}, {"date": "2023-08-03", "symbol": "7095.KL", "eps": 0.03019, "epsEstimated": null, "time": "bmo", "revenue": 286514000, "revenueEstimated": null, "fiscalDateEnding": "2023-06-30", "updatedFromDate": "2023-11-03"}, {"date": "2023-08-03", "symbol": "GERN", "eps": -0.09, "epsEstimated": -0.08, "time": "amc", "revenue": 29000, "revenueEstimated": 70000, "fiscalDateEnding": "2023-06-29", "updatedFromDate": "2023-11-02"}, {"date": "2023-08-03", "symbol": "8542.T", "eps": 34.02, "epsEstimated": null, "time": "bmo", "revenue": null, "revenueEstimated": null, "fiscalDateEnding": "2023-12-30", "updatedFromDate": "2023-11-03"}, {"date": "2023-08-03", "symbol": "BHC", "eps": 0.81, "epsEstimated": 0.75, "time": "bmo", "revenue": 2167000000, "revenueEstimated": 2039820000, "fiscalDateEnding": "2023-06-29", "updatedFromDate": "2023-11-02"}, {"date": "2023-08-03", "symbol": "PTGX", "eps": -0.68, "epsEstimated": -0.65, "time": "bmo", "revenue": null, "revenueEstimated": 8330000, "fiscalDateEnding": "2023-06-29", "updatedFromDate": "2023-11-02"}, {"date": "2023-08-03", "symbol": "WK", "eps": 0.02, "epsEstimated": -0.08, "time": "amc", "revenue": 155022000, "revenueEstimated": 153460000, "fiscalDateEnding": "2023-06-29", "updatedFromDate": "2023-11-02"}, {"date": "2023-08-03", "symbol": "9934.TW", "eps": 0.41, "epsEstimated": null, "time": "bmo", "revenue": 4685791000, "revenueEstimated": null, "fiscalDateEnding": "2023-06-30", "updatedFromDate": "2023-11-03"}, {"date": "2023-08-03", "symbol": "603679.SS", "eps": 0.07778, "epsEstimated": null, "time": "bmo", "revenue": 189111832.05, "revenueEstimated": null, "fiscalDateEnding": "2023-06-30", "updatedFromDate": "2023-11-03"}, {"date": "2023-08-03", "symbol": "DMLP", "eps": 0.5, "epsEstimated": null, "time": "bmo", "revenue": 30619000, "revenueEstimated": null, "fiscalDateEnding": "2023-06-29", "updatedFromDate": "2023-11-02"}, {"date": "2023-08-03", "symbol": "300452.SZ", "eps": null, "epsEstimated": null, "time": "bmo", "revenue": null, "revenueEstimated": null, "fiscalDateEnding": "2023-06-30", "updatedFromDate": "2023-11-03"}, {"date": "2023-08-03", "symbol": "DLAKY", "eps": 0.72, "epsEstimated": 0.72, "time": "--", "revenue": 9389000000, "revenueEstimated": null, "fiscalDateEnding": "2023-06-30", "updatedFromDate": "2023-11-02"}, {"date": "2023-08-03", "symbol": "W", "eps": 0.21, "epsEstimated": -0.67, "time": "bmo", "revenue": 3171000000, "revenueEstimated": 3101450000, "fiscalDateEnding": "2023-06-29", "updatedFromDate": "2023-11-02"}, {"date": "2023-08-03", "symbol": "ZD", "eps": 1.27, "epsEstimated": 1.27, "time": "amc", "revenue": 326016000, "revenueEstimated": 324500000, "fiscalDateEnding": "2023-06-29", "updatedFromDate": "2023-11-02"}, {"date": "2023-08-03", "symbol": "GLE.PA", "eps": 0.85, "epsEstimated": 0.91, "time": "bmo", "revenue": null, "revenueEstimated": 7025220000, "fiscalDateEnding": "2023-06-30", "updatedFromDate": "2023-11-03"}, {"date": "2023-08-03", "symbol": "TRGP", "eps": 1.44, "epsEstimated": 1.24, "time": "bmo", "revenue": 3403700000, "revenueEstimated": 4363230000, "fiscalDateEnding": "2023-06-29", "updatedFromDate": "2023-11-02"}, {"date": "2023-08-03", "symbol": "BS6.SI", "eps": null, "epsEstimated": 0.14, "time": "bmo", "revenue": null, "revenueEstimated": null, "fiscalDateEnding": "2023-06-30", "updatedFromDate": "2023-11-03"}, {"date": "2023-08-03", "symbol": "IAFNF", "eps": 1.98, "epsEstimated": null, "time": "bmo", "revenue": 2068000000, "revenueEstimated": null, "fiscalDateEnding": "2023-06-30", "updatedFromDate": "2023-11-02"}, {"date": "2023-08-03", "symbol": "TPC", "eps": -0.72, "epsEstimated": -0.045, "time": "amc", "revenue": 1021751000, "revenueEstimated": 856910000, "fiscalDateEnding": "2023-06-29", "updatedFromDate": "2023-11-02"}, {"date": "2023-08-03", "symbol": "PTBS", "eps": 0.43, "epsEstimated": null, "time": "--", "revenue": null, "revenueEstimated": null, "fiscalDateEnding": "2023-06-30", "updatedFromDate": "2023-11-02"}, {"date": "2023-08-03", "symbol": "KEI.TO", "eps": 0.16, "epsEstimated": 0.14, "time": "bmo", "revenue": 12746000, "revenueEstimated": 23410000, "fiscalDateEnding": "2023-06-30", "updatedFromDate": "2023-11-03"}, {"date": "2023-08-03", "symbol": "NINE", "eps": -0.07, "epsEstimated": -0.04667, "time": "bmo", "revenue": 161428000, "revenueEstimated": 161100000, "fiscalDateEnding": "2023-06-29", "updatedFromDate": "2023-11-02"}, {"date": "2023-08-03", "symbol": "K.TO", "eps": 0.19, "epsEstimated": 0.1, "time": "bmo", "revenue": 1092300000, "revenueEstimated": 1419560000, "fiscalDateEnding": "2023-06-30", "updatedFromDate": "2023-11-03"}, {"date": "2023-08-03", "symbol": "TMDX", "eps": -0.03, "epsEstimated": -0.15, "time": "amc", "revenue": 52465000, "revenueEstimated": 42420000, "fiscalDateEnding": "2023-06-29", "updatedFromDate": "2023-11-02"}, {"date": "2023-08-03", "symbol": "7337.T", "eps": 31.12, "epsEstimated": null, "time": "bmo", "revenue": null, "revenueEstimated": null, "fiscalDateEnding": "2023-12-30", "updatedFromDate": "2023-11-03"}, {"date": "2023-08-03", "symbol": "MARR.MI", "eps": 0.2595, "epsEstimated": null, "time": "bmo", "revenue": 563160000, "revenueEstimated": null, "fiscalDateEnding": "2023-06-30", "updatedFromDate": "2023-11-03"}, {"date": "2023-08-03", "symbol": "AKTAF", "eps": 0.1545, "epsEstimated": null, "time": "bmo", "revenue": 58349000, "revenueEstimated": null, "fiscalDateEnding": "2023-06-30", "updatedFromDate": "2023-10-31"}, {"date": "2023-08-03", "symbol": "DM", "eps": -0.06, "epsEstimated": -0.05, "time": "amc", "revenue": 53286000, "revenueEstimated": 51590000, "fiscalDateEnding": "2023-06-29", "updatedFromDate": "2023-11-02"}, {"date": "2023-08-03", "symbol": "3L7A.F", "eps": 0.945, "epsEstimated": 0.79, "time": "bmo", "revenue": 137209000, "revenueEstimated": 104110000, "fiscalDateEnding": "2023-06-30", "updatedFromDate": "2023-11-03"}, {"date": "2023-08-03", "symbol": "6418.T", "eps": 25.57, "epsEstimated": null, "time": "bmo", "revenue": null, "revenueEstimated": null, "fiscalDateEnding": "2023-12-30", "updatedFromDate": "2023-11-03"}, {"date": "2023-08-03", "symbol": "PKI.TO", "eps": 0.44, "epsEstimated": 0.67, "time": "bmo", "revenue": 7819000000, "revenueEstimated": null, "fiscalDateEnding": "2023-06-30", "updatedFromDate": "2023-11-03"}, {"date": "2023-08-03", "symbol": "IAU.TO", "eps": -0.11, "epsEstimated": -0.04, "time": "bmo", "revenue": 11310000, "revenueEstimated": null, "fiscalDateEnding": "2023-06-30", "updatedFromDate": "2023-11-03"}, {"date": "2023-08-03", "symbol": "7184.T", "eps": null, "epsEstimated": null, "time": "bmo", "revenue": null, "revenueEstimated": null, "fiscalDateEnding": "2023-12-30", "updatedFromDate": "2023-11-03"}, {"date": "2023-08-03", "symbol": "PIN.L", "eps": null, "epsEstimated": null, "time": "bmo", "revenue": null, "revenueEstimated": 335100000, "fiscalDateEnding": "2023-09-30", "updatedFromDate": "2023-11-03"}, {"date": "2023-08-03", "symbol": "CYTK", "eps": -1.34, "epsEstimated": -1.23, "time": "amc", "revenue": 867000, "revenueEstimated": 5800000, "fiscalDateEnding": "2023-06-29", "updatedFromDate": "2023-11-02"}, {"date": "2023-08-03", "symbol": "ALEC", "eps": 0.02, "epsEstimated": -0.82, "time": "amc", "revenue": 56214000, "revenueEstimated": 4080000, "fiscalDateEnding": "2023-06-29", "updatedFromDate": "2023-11-02"}, {"date": "2023-08-03", "symbol": "ITRI", "eps": 0.65, "epsEstimated": 0.31, "time": "bmo", "revenue": 541070000, "revenueEstimated": 515880000, "fiscalDateEnding": "2023-06-29", "updatedFromDate": "2023-11-02"}, {"date": "2023-08-03", "symbol": "4906.TW", "eps": 0.7, "epsEstimated": 0.28, "time": "bmo", "revenue": 7013592000, "revenueEstimated": 6986500000, "fiscalDateEnding": "2023-06-30", "updatedFromDate": "2023-11-03"}, {"date": "2023-08-03", "symbol": "FRX.TO", "eps": -0.20576, "epsEstimated": null, "time": "bmo", "revenue": 3325000, "revenueEstimated": null, "fiscalDateEnding": "2023-06-30", "updatedFromDate": "2023-11-03"}, {"date": "2023-08-03", "symbol": "WCC", "eps": 3.71, "epsEstimated": 4.45, "time": "bmo", "revenue": 5745500000, "revenueEstimated": 5935990000, "fiscalDateEnding": "2023-06-29", "updatedFromDate": "2023-11-02"}, {"date": "2023-08-03", "symbol": "BFS", "eps": 0.43, "epsEstimated": 0.76, "time": "bmo", "revenue": 63709000, "revenueEstimated": null, "fiscalDateEnding": "2023-06-29", "updatedFromDate": "2023-11-02"}, {"date": "2023-08-03", "symbol": "RDFN", "eps": -0.25, "epsEstimated": -0.32, "time": "amc", "revenue": 275556000, "revenueEstimated": 288210000, "fiscalDateEnding": "2023-06-29", "updatedFromDate": "2023-11-02"}, {"date": "2023-08-03", "symbol": "VVI", "eps": 0.36, "epsEstimated": 0.32, "time": "amc", "revenue": 320311000, "revenueEstimated": 300240000, "fiscalDateEnding": "2023-06-29", "updatedFromDate": "2023-11-02"}, {"date": "2023-08-03", "symbol": "UEIC", "eps": -0.06, "epsEstimated": -0.17, "time": "amc", "revenue": 107391000, "revenueEstimated": 109210000, "fiscalDateEnding": "2023-06-29", "updatedFromDate": "2023-11-02"}, {"date": "2023-08-03", "symbol": "RAA.DE", "eps": 4.79, "epsEstimated": 3.22, "time": "bmo", "revenue": 278339000, "revenueEstimated": 246400000, "fiscalDateEnding": "2023-06-30", "updatedFromDate": "2023-11-03"}, {"date": "2023-08-03", "symbol": "MFA", "eps": 0.4, "epsEstimated": 0.34, "time": "bmo", "revenue": 8606000, "revenueEstimated": 49410000, "fiscalDateEnding": "2023-06-29", "updatedFromDate": "2023-11-02"}, {"date": "2023-08-03", "symbol": "AUTL", "eps": -0.26, "epsEstimated": -0.22, "time": "bmo", "revenue": null, "revenueEstimated": 390000, "fiscalDateEnding": "2023-06-30", "updatedFromDate": "2023-11-02"}, {"date": "2023-08-03", "symbol": "TARA", "eps": -1, "epsEstimated": -0.97, "time": "bmo", "revenue": null, "revenueEstimated": null, "fiscalDateEnding": "2023-06-29", "updatedFromDate": "2023-11-02"}, {"date": "2023-08-03", "symbol": "2030.HK", "eps": null, "epsEstimated": null, "time": "bmo", "revenue": null, "revenueEstimated": null, "fiscalDateEnding": "2023-06-30", "updatedFromDate": "2023-11-03"}, {"date": "2023-08-03", "symbol": "WD", "eps": 0.82, "epsEstimated": 0.87, "time": "bmo", "revenue": 272615000, "revenueEstimated": 290310000, "fiscalDateEnding": "2023-06-29", "updatedFromDate": "2023-11-02"}, {"date": "2023-08-03", "symbol": "5G5.DE", "eps": -0.11136, "epsEstimated": null, "time": "bmo", "revenue": 241020000, "revenueEstimated": null, "fiscalDateEnding": "2023-06-30", "updatedFromDate": "2023-11-03"}, {"date": "2023-08-03", "symbol": "SBRE.L", "eps": null, "epsEstimated": null, "time": "bmo", "revenue": null, "revenueEstimated": null, "fiscalDateEnding": "2023-06-29", "updatedFromDate": "2023-11-03"}, {"date": "2023-08-03", "symbol": "CHMI", "eps": 0.16, "epsEstimated": 0.21, "time": "amc", "revenue": 5902000, "revenueEstimated": 6150000, "fiscalDateEnding": "2023-06-29", "updatedFromDate": "2023-11-02"}, {"date": "2023-08-04", "symbol": "AFX.DE", "eps": 1.03, "epsEstimated": 0.88, "time": "bmo", "revenue": 535121000, "revenueEstimated": 506010000, "fiscalDateEnding": "2023-06-30", "updatedFromDate": "2023-11-04"}, {"date": "2023-08-04", "symbol": "EFR.TO", "eps": -0.03, "epsEstimated": -0.05, "time": "bmo", "revenue": 6863000, "revenueEstimated": 1330000, "fiscalDateEnding": "2023-06-30", "updatedFromDate": "2023-11-04"}, {"date": "2023-08-04", "symbol": "ENB", "eps": 0.51, "epsEstimated": 0.51, "time": "bmo", "revenue": 10432000000, "revenueEstimated": 8801300000, "fiscalDateEnding": "2023-06-29", "updatedFromDate": "2023-11-03"}, {"date": "2023-08-04", "symbol": "4739.TW", "eps": 0.05, "epsEstimated": null, "time": "bmo", "revenue": 1464167000, "revenueEstimated": null, "fiscalDateEnding": "2023-06-30", "updatedFromDate": "2023-11-04"}, {"date": "2023-08-04", "symbol": "BATRB", "eps": -0.55, "epsEstimated": null, "time": "bmo", "revenue": 270123000, "revenueEstimated": null, "fiscalDateEnding": "2023-06-29", "updatedFromDate": "2023-11-03"}, {"date": "2023-08-04", "symbol": "603606.SS", "eps": 0.53, "epsEstimated": 0.51, "time": "bmo", "revenue": 2250189958.62, "revenueEstimated": null, "fiscalDateEnding": "2023-06-30", "updatedFromDate": "2023-11-04"}, {"date": "2023-08-04", "symbol": "3663.T", "eps": -14.23, "epsEstimated": null, "time": "bmo", "revenue": 2041760000, "revenueEstimated": null, "fiscalDateEnding": "2023-06-30", "updatedFromDate": "2023-11-04"}, {"date": "2023-08-04", "symbol": "8295.HK", "eps": null, "epsEstimated": null, "time": "bmo", "revenue": null, "revenueEstimated": null, "fiscalDateEnding": "2023-12-30", "updatedFromDate": "2023-11-04"}, {"date": "2023-08-04", "symbol": "AUD", "eps": -0.02664, "epsEstimated": 0.19, "time": "bmo", "revenue": 298513000, "revenueEstimated": 291500000, "fiscalDateEnding": "2023-06-29", "updatedFromDate": "2023-11-03"}, {"date": "2023-08-04", "symbol": "1967.T", "eps": 15.38, "epsEstimated": null, "time": "bmo", "revenue": null, "revenueEstimated": null, "fiscalDateEnding": "2023-12-30", "updatedFromDate": "2023-11-04"}, {"date": "2023-08-04", "symbol": "6282.T", "eps": 27.67, "epsEstimated": null, "time": "bmo", "revenue": null, "revenueEstimated": 15387000, "fiscalDateEnding": "2023-12-30", "updatedFromDate": "2023-11-04"}, {"date": "2023-08-04", "symbol": "2445.T", "eps": 8.95, "epsEstimated": null, "time": "bmo", "revenue": null, "revenueEstimated": null, "fiscalDateEnding": "2023-12-30", "updatedFromDate": "2023-11-04"}, {"date": "2023-08-04", "symbol": "MYOR.JK", "eps": 21.99, "epsEstimated": null, "time": "bmo", "revenue": 6366899857641, "revenueEstimated": null, "fiscalDateEnding": "2023-06-30", "updatedFromDate": "2023-11-04"}, {"date": "2023-08-04", "symbol": "MARUY", "eps": 6.06, "epsEstimated": null, "time": "--", "revenue": null, "revenueEstimated": null, "fiscalDateEnding": "2023-12-30", "updatedFromDate": "2023-11-03"}, {"date": "2023-08-04", "symbol": "ESI.TO", "eps": 0.06, "epsEstimated": 0.03, "time": "bmo", "revenue": 432770000, "revenueEstimated": 427450000, "fiscalDateEnding": "2023-06-30", "updatedFromDate": "2023-11-04"}, {"date": "2023-08-04", "symbol": "SPTY", "eps": -0.04, "epsEstimated": null, "time": "--", "revenue": 279188, "revenueEstimated": null, "fiscalDateEnding": "2023-06-29", "updatedFromDate": "2023-11-03"}, {"date": "2023-08-04", "symbol": "CRARY", "eps": 0.32, "epsEstimated": 0.25, "time": "--", "revenue": 5792000000, "revenueEstimated": null, "fiscalDateEnding": "2023-06-30", "updatedFromDate": "2023-11-03"}, {"date": "2023-08-04", "symbol": "6675.T", "eps": 158.23, "epsEstimated": null, "time": "bmo", "revenue": null, "revenueEstimated": null, "fiscalDateEnding": "2023-12-30", "updatedFromDate": "2023-11-04"}, {"date": "2023-08-04", "symbol": "AGMJF", "eps": 0.77, "epsEstimated": null, "time": "bmo", "revenue": 202406000, "revenueEstimated": null, "fiscalDateEnding": "2023-06-30", "updatedFromDate": "2023-11-03"}, {"date": "2023-08-04", "symbol": "CRZBY", "eps": 0.33, "epsEstimated": null, "time": "--", "revenue": 3291000000, "revenueEstimated": null, "fiscalDateEnding": "2023-06-30", "updatedFromDate": "2023-11-03"}, {"date": "2023-08-04", "symbol": "FORTUM.HE", "eps": -3.6, "epsEstimated": 0.29, "time": "bmo", "revenue": 1368000000, "revenueEstimated": 1575230000, "fiscalDateEnding": "2023-06-30", "updatedFromDate": "2023-11-04"}, {"date": "2023-08-04", "symbol": "AURC", "eps": 0.09, "epsEstimated": null, "time": "bmo", "revenue": null, "revenueEstimated": null, "fiscalDateEnding": "2023-06-29", "updatedFromDate": "2023-11-03"}, {"date": "2023-08-04", "symbol": "DTIL", "eps": -0.1, "epsEstimated": -0.23, "time": "bmo", "revenue": 19789000, "revenueEstimated": 6380000, "fiscalDateEnding": "2023-06-29", "updatedFromDate": "2023-11-03"}, {"date": "2023-08-04", "symbol": "300453.SZ", "eps": 0.1125, "epsEstimated": null, "time": "bmo", "revenue": 308826545.38, "revenueEstimated": null, "fiscalDateEnding": "2023-06-30", "updatedFromDate": "2023-11-04"}, {"date": "2023-08-04", "symbol": "3877.T", "eps": 80.31, "epsEstimated": null, "time": "bmo", "revenue": null, "revenueEstimated": null, "fiscalDateEnding": "2023-12-30", "updatedFromDate": "2023-11-04"}, {"date": "2023-08-04", "symbol": "7745.T", "eps": 30.47, "epsEstimated": 25.5, "time": "bmo", "revenue": null, "revenueEstimated": 1266000, "fiscalDateEnding": "2023-12-30", "updatedFromDate": "2023-11-04"}, {"date": "2023-08-04", "symbol": "FILM.JK", "eps": 6.22, "epsEstimated": null, "time": "bmo", "revenue": 144128674575, "revenueEstimated": null, "fiscalDateEnding": "2023-06-30", "updatedFromDate": "2023-11-04"}, {"date": "2023-08-04", "symbol": "WSBP.JK", "eps": -11.42942, "epsEstimated": null, "time": "bmo", "revenue": 274559798754, "revenueEstimated": null, "fiscalDateEnding": "2023-06-30", "updatedFromDate": "2023-11-04"}, {"date": "2023-08-04", "symbol": "2228.TW", "eps": 1.48, "epsEstimated": null, "time": "bmo", "revenue": 1173319000, "revenueEstimated": 1102000000, "fiscalDateEnding": "2023-06-30", "updatedFromDate": "2023-11-04"}, {"date": "2023-08-04", "symbol": "GTES", "eps": 0.36, "epsEstimated": 0.32, "time": "bmo", "revenue": 936300000, "revenueEstimated": 932100000, "fiscalDateEnding": "2023-06-30", "updatedFromDate": "2023-11-03"}, {"date": "2023-08-04", "symbol": "3622.TW", "eps": 0.51, "epsEstimated": 0.59, "time": "bmo", "revenue": 391142000, "revenueEstimated": null, "fiscalDateEnding": "2023-06-30", "updatedFromDate": "2023-11-04"}, {"date": "2023-08-04", "symbol": "1938.T", "eps": 26.17, "epsEstimated": null, "time": "bmo", "revenue": null, "revenueEstimated": null, "fiscalDateEnding": "2023-12-30", "updatedFromDate": "2023-11-04"}, {"date": "2023-08-04", "symbol": "ISAT.JK", "eps": 121.47, "epsEstimated": 102.61, "time": "bmo", "revenue": 12729727000000, "revenueEstimated": null, "fiscalDateEnding": "2023-06-30", "updatedFromDate": "2023-11-01"}, {"date": "2023-08-04", "symbol": "3435.T", "eps": 68.81, "epsEstimated": null, "time": "bmo", "revenue": 4842995000, "revenueEstimated": null, "fiscalDateEnding": "2023-06-30", "updatedFromDate": "2023-11-04"}, {"date": "2023-08-04", "symbol": "SHCAY", "eps": -0.01, "epsEstimated": null, "time": "--", "revenue": null, "revenueEstimated": null, "fiscalDateEnding": "2023-12-30", "updatedFromDate": "2023-11-03"}, {"date": "2023-08-04", "symbol": "NLSP", "eps": null, "epsEstimated": null, "time": "bmo", "revenue": null, "revenueEstimated": null, "fiscalDateEnding": "2023-06-30", "updatedFromDate": "2023-11-03"}, {"date": "2023-08-04", "symbol": "4755.TW", "eps": 1.07, "epsEstimated": 1.16, "time": "bmo", "revenue": 1260361000, "revenueEstimated": null, "fiscalDateEnding": "2023-06-30", "updatedFromDate": "2023-11-04"}, {"date": "2023-08-04", "symbol": "SSL.TO", "eps": 0.01, "epsEstimated": 0.006, "time": "bmo", "revenue": 49835000, "revenueEstimated": null, "fiscalDateEnding": "2023-06-30", "updatedFromDate": "2023-11-04"}, {"date": "2023-08-04", "symbol": "MOL.BD", "eps": 64.63, "epsEstimated": 28.23, "time": "bmo", "revenue": 2046546000000, "revenueEstimated": 1834610000000, "fiscalDateEnding": "2023-06-30", "updatedFromDate": "2023-11-04"}, {"date": "2023-08-04", "symbol": "AMKBY", "eps": 0.04, "epsEstimated": 0.22, "time": "--", "revenue": 12988000000, "revenueEstimated": null, "fiscalDateEnding": "2023-06-30", "updatedFromDate": "2023-11-03"}, {"date": "2023-08-04", "symbol": "OTKAR.IS", "eps": 2.34, "epsEstimated": null, "time": "bmo", "revenue": 3864354000, "revenueEstimated": null, "fiscalDateEnding": "2023-06-30", "updatedFromDate": "2023-11-04"}, {"date": "2023-08-04", "symbol": "BEPC", "eps": -0.1, "epsEstimated": -0.07, "time": "bmo", "revenue": 901000000, "revenueEstimated": 1386000000, "fiscalDateEnding": "2023-06-30", "updatedFromDate": "2023-11-03"}, {"date": "2023-08-04", "symbol": "KALA", "eps": -4.36, "epsEstimated": -3.19, "time": "bmo", "revenue": null, "revenueEstimated": null, "fiscalDateEnding": "2023-06-29", "updatedFromDate": "2023-11-03"}, {"date": "2023-08-04", "symbol": "LXS.DE", "eps": -0.19, "epsEstimated": -0.33, "time": "bmo", "revenue": 1778000000, "revenueEstimated": 1693400000, "fiscalDateEnding": "2023-06-30", "updatedFromDate": "2023-11-04"}, {"date": "2023-08-04", "symbol": "8395.T", "eps": 103.27, "epsEstimated": null, "time": "bmo", "revenue": null, "revenueEstimated": null, "fiscalDateEnding": "2023-12-30", "updatedFromDate": "2023-11-04"}, {"date": "2023-08-04", "symbol": "ADV", "eps": -0.03, "epsEstimated": 0.1, "time": "bmo", "revenue": 1037055000, "revenueEstimated": 1043900000, "fiscalDateEnding": "2023-06-29", "updatedFromDate": "2023-11-03"}, {"date": "2023-08-04", "symbol": "5384.T", "eps": 24.61, "epsEstimated": 29.62, "time": "bmo", "revenue": null, "revenueEstimated": 15590000, "fiscalDateEnding": "2023-12-30", "updatedFromDate": "2023-11-04"}, {"date": "2023-08-04", "symbol": "6278.TW", "eps": 2.15, "epsEstimated": 2.08, "time": "bmo", "revenue": 12185837000, "revenueEstimated": 17609500000, "fiscalDateEnding": "2023-06-30", "updatedFromDate": "2023-11-04"}, {"date": "2023-08-04", "symbol": "CHBAY", "eps": 0.93, "epsEstimated": null, "time": "--", "revenue": null, "revenueEstimated": null, "fiscalDateEnding": "2023-12-30", "updatedFromDate": "2023-11-03"}, {"date": "2023-08-04", "symbol": "7987.T", "eps": -2.08, "epsEstimated": null, "time": "bmo", "revenue": null, "revenueEstimated": null, "fiscalDateEnding": "2023-12-30", "updatedFromDate": "2023-11-04"}, {"date": "2023-08-04", "symbol": "3002.T", "eps": 93.03, "epsEstimated": null, "time": "bmo", "revenue": null, "revenueEstimated": 33300000, "fiscalDateEnding": "2023-12-30", "updatedFromDate": "2023-11-04"}, {"date": "2023-08-04", "symbol": "BETR", "eps": -0.09, "epsEstimated": null, "time": "bmo", "revenue": 34169000, "revenueEstimated": null, "fiscalDateEnding": "2023-06-30", "updatedFromDate": "2023-11-03"}, {"date": "2023-08-04", "symbol": "GNK", "eps": 0.27, "epsEstimated": 0.24, "time": "bmo", "revenue": 90556000, "revenueEstimated": 68290000, "fiscalDateEnding": "2023-06-29", "updatedFromDate": "2023-11-03"}, {"date": "2023-08-04", "symbol": "ESNT", "eps": 1.61, "epsEstimated": 1.51, "time": "bmo", "revenue": 264980000, "revenueEstimated": 261120000, "fiscalDateEnding": "2023-06-29", "updatedFromDate": "2023-11-03"}, {"date": "2023-08-04", "symbol": "TIXT.TO", "eps": 0.17, "epsEstimated": 0.17, "time": "bmo", "revenue": 667000000, "revenueEstimated": null, "fiscalDateEnding": "2023-06-30", "updatedFromDate": "2023-11-04"}, {"date": "2023-08-04", "symbol": "8150.T", "eps": 14.93, "epsEstimated": null, "time": "bmo", "revenue": null, "revenueEstimated": null, "fiscalDateEnding": "2023-12-30", "updatedFromDate": "2023-11-04"}, {"date": "2023-08-04", "symbol": "4438.TW", "eps": 2.29, "epsEstimated": 3.81, "time": "bmo", "revenue": 4753159000, "revenueEstimated": 6513670000, "fiscalDateEnding": "2023-06-30", "updatedFromDate": "2023-11-04"}, {"date": "2023-08-04", "symbol": "2475.T", "eps": 31.89, "epsEstimated": null, "time": "bmo", "revenue": null, "revenueEstimated": null, "fiscalDateEnding": "2023-12-30", "updatedFromDate": "2023-11-04"}, {"date": "2023-08-04", "symbol": "GPP", "eps": 0.39, "epsEstimated": null, "time": "bmo", "revenue": 20523000, "revenueEstimated": null, "fiscalDateEnding": "2023-06-29", "updatedFromDate": "2023-11-03"}, {"date": "2023-08-04", "symbol": "605337.SS", "eps": 0.1958, "epsEstimated": null, "time": "bmo", "revenue": 355640931.62, "revenueEstimated": null, "fiscalDateEnding": "2023-06-30", "updatedFromDate": "2023-11-04"}, {"date": "2023-08-04", "symbol": "000750.SZ", "eps": 0.02985, "epsEstimated": null, "time": "bmo", "revenue": 1075212351.58, "revenueEstimated": null, "fiscalDateEnding": "2023-06-30", "updatedFromDate": "2023-11-04"}, {"date": "2023-08-04", "symbol": "7212.T", "eps": -17.59, "epsEstimated": null, "time": "bmo", "revenue": null, "revenueEstimated": null, "fiscalDateEnding": "2023-12-30", "updatedFromDate": "2023-11-04"}, {"date": "2023-08-04", "symbol": "2034.TW", "eps": 0.43, "epsEstimated": 0.83, "time": "bmo", "revenue": 3814535000, "revenueEstimated": 4136000000, "fiscalDateEnding": "2023-06-30", "updatedFromDate": "2023-11-04"}, {"date": "2023-08-04", "symbol": "5261.T", "eps": 120.96, "epsEstimated": null, "time": "bmo", "revenue": null, "revenueEstimated": null, "fiscalDateEnding": "2023-12-30", "updatedFromDate": "2023-11-04"}, {"date": "2023-08-04", "symbol": "D", "eps": 0.53, "epsEstimated": 0.47, "time": "bmo", "revenue": 3794000000, "revenueEstimated": 3722350000, "fiscalDateEnding": "2023-06-29", "updatedFromDate": "2023-11-03"}, {"date": "2023-08-04", "symbol": "VAMO3.SA", "eps": 0.1, "epsEstimated": 0.14, "time": "bmo", "revenue": 1468919000, "revenueEstimated": 1598310000, "fiscalDateEnding": "2023-06-30", "updatedFromDate": "2023-11-04"}, {"date": "2023-08-04", "symbol": "5289.TWO", "eps": 2.57, "epsEstimated": 3.41, "time": "bmo", "revenue": 1930516000, "revenueEstimated": 2081750000, "fiscalDateEnding": "2023-06-30", "updatedFromDate": "2023-11-04"}, {"date": "2023-08-04", "symbol": "6515.TW", "eps": 3.94, "epsEstimated": 5.81, "time": "bmo", "revenue": 1016608000, "revenueEstimated": null, "fiscalDateEnding": "2023-06-30", "updatedFromDate": "2023-11-04"}, {"date": "2023-08-04", "symbol": "FHTX", "eps": -0.7, "epsEstimated": -0.73, "time": "bmo", "revenue": 5599000, "revenueEstimated": 6260000, "fiscalDateEnding": "2023-06-29", "updatedFromDate": "2023-11-03"}, {"date": "2023-08-04", "symbol": "7291.T", "eps": 15.26, "epsEstimated": null, "time": "bmo", "revenue": null, "revenueEstimated": null, "fiscalDateEnding": "2023-12-30", "updatedFromDate": "2023-11-04"}, {"date": "2023-08-04", "symbol": "ALC.TO", "eps": 0.79, "epsEstimated": 0.76, "time": "bmo", "revenue": 202406000, "revenueEstimated": 206000000, "fiscalDateEnding": "2023-06-30", "updatedFromDate": "2023-11-04"}, {"date": "2023-08-04", "symbol": "SQL", "eps": -4, "epsEstimated": null, "time": "bmo", "revenue": null, "revenueEstimated": null, "fiscalDateEnding": "2023-06-29", "updatedFromDate": "2023-11-03"}, {"date": "2023-08-04", "symbol": "LBRDK", "eps": 1.71, "epsEstimated": 2.12, "time": "bmo", "revenue": 245000000, "revenueEstimated": null, "fiscalDateEnding": "2023-06-29", "updatedFromDate": "2023-11-03"}, {"date": "2023-08-04", "symbol": "KUBTY", "eps": 1.84, "epsEstimated": 1.41, "time": "--", "revenue": 738477000000, "revenueEstimated": null, "fiscalDateEnding": "2023-06-30", "updatedFromDate": "2023-11-03"}, {"date": "2023-08-04", "symbol": "2212.T", "eps": 41.54, "epsEstimated": 30.2, "time": "bmo", "revenue": 287105000000, "revenueEstimated": 205500000, "fiscalDateEnding": "2023-06-30", "updatedFromDate": "2023-11-04"}, {"date": "2023-08-04", "symbol": "6239.TW", "eps": 1.79, "epsEstimated": 1.57, "time": "bmo", "revenue": 17217598000, "revenueEstimated": 18184000000, "fiscalDateEnding": "2023-06-30", "updatedFromDate": "2023-11-04"}, {"date": "2023-08-04", "symbol": "TES.MI", "eps": -0.00091, "epsEstimated": null, "time": "bmo", "revenue": 60035000, "revenueEstimated": null, "fiscalDateEnding": "2023-06-30", "updatedFromDate": "2023-11-04"}, {"date": "2023-08-04", "symbol": "071050.KS", "eps": 3762, "epsEstimated": 2378.5, "time": "bmo", "revenue": null, "revenueEstimated": 467000000, "fiscalDateEnding": "2023-06-30", "updatedFromDate": "2023-11-04"}, {"date": "2023-08-04", "symbol": "MMI", "eps": -0.23, "epsEstimated": -0.23, "time": "bmo", "revenue": 162866000, "revenueEstimated": 151500000, "fiscalDateEnding": "2023-06-29", "updatedFromDate": "2023-11-03"}, {"date": "2023-08-04", "symbol": "UNICY", "eps": 0.04, "epsEstimated": null, "time": "--", "revenue": 233098000000, "revenueEstimated": null, "fiscalDateEnding": "2023-06-30", "updatedFromDate": "2023-11-03"}, {"date": "2023-08-04", "symbol": "DKNG1.MX", "eps": null, "epsEstimated": null, "time": "bmo", "revenue": null, "revenueEstimated": null, "fiscalDateEnding": "2023-03-31", "updatedFromDate": "2023-11-21"}, {"date": "2023-08-04", "symbol": "PAGP", "eps": 0.25, "epsEstimated": 0.21, "time": "bmo", "revenue": 11602000000, "revenueEstimated": 12777500000, "fiscalDateEnding": "2023-06-29", "updatedFromDate": "2023-11-03"}, {"date": "2023-08-04", "symbol": "CRBG", "eps": 1.04, "epsEstimated": 0.93, "time": "bmo", "revenue": 6027000000, "revenueEstimated": 6381000000, "fiscalDateEnding": "2023-06-29", "updatedFromDate": "2023-11-03"}, {"date": "2023-08-04", "symbol": "DEVYANI.NS", "eps": 0.37, "epsEstimated": 0.52, "time": "bmo", "revenue": null, "revenueEstimated": null, "fiscalDateEnding": "2023-12-30", "updatedFromDate": "2023-11-04"}, {"date": "2023-08-04", "symbol": "IATA.JK", "eps": 0.00026, "epsEstimated": null, "time": "bmo", "revenue": 48307562, "revenueEstimated": null, "fiscalDateEnding": "2023-06-30", "updatedFromDate": "2023-11-04"}, {"date": "2023-08-04", "symbol": "FNTN.HM", "eps": 0.2094, "epsEstimated": null, "time": "bmo", "revenue": 632100000, "revenueEstimated": null, "fiscalDateEnding": "2023-06-30", "updatedFromDate": "2023-11-04"}, {"date": "2023-08-04", "symbol": "7885.T", "eps": -1.34, "epsEstimated": null, "time": "bmo", "revenue": null, "revenueEstimated": null, "fiscalDateEnding": "2023-12-30", "updatedFromDate": "2023-11-04"}, {"date": "2023-08-04", "symbol": "N01.SI", "eps": null, "epsEstimated": null, "time": "bmo", "revenue": null, "revenueEstimated": 164500000, "fiscalDateEnding": "2023-06-30", "updatedFromDate": "2023-11-04"}, {"date": "2023-08-04", "symbol": "IP.MI", "eps": 0.762, "epsEstimated": null, "time": "bmo", "revenue": 592189000, "revenueEstimated": 229796000, "fiscalDateEnding": "2023-06-30", "updatedFromDate": "2023-11-04"}, {"date": "2023-08-04", "symbol": "RDGL", "eps": -0.00245, "epsEstimated": null, "time": "--", "revenue": 6500, "revenueEstimated": null, "fiscalDateEnding": "2023-06-29", "updatedFromDate": "2023-11-03"}, {"date": "2023-08-04", "symbol": "ACIU", "eps": -0.22, "epsEstimated": -0.22, "time": "bmo", "revenue": null, "revenueEstimated": 1900000, "fiscalDateEnding": "2023-06-30", "updatedFromDate": "2023-11-03"}, {"date": "2023-08-04", "symbol": "1980.T", "eps": 35.26, "epsEstimated": null, "time": "bmo", "revenue": null, "revenueEstimated": null, "fiscalDateEnding": "2023-12-30", "updatedFromDate": "2023-11-04"}, {"date": "2023-08-04", "symbol": "6877.T", "eps": 95.09, "epsEstimated": null, "time": "bmo", "revenue": 11776000000, "revenueEstimated": 13829000, "fiscalDateEnding": "2023-06-30", "updatedFromDate": "2023-11-04"}, {"date": "2023-08-04", "symbol": "ARTO.JK", "eps": 1.66, "epsEstimated": 1.54, "time": "bmo", "revenue": 416462000000, "revenueEstimated": 513000000, "fiscalDateEnding": "2023-06-30", "updatedFromDate": "2023-11-04"}, {"date": "2023-08-04", "symbol": "DBM.TO", "eps": 0.34, "epsEstimated": 0.18, "time": "bmo", "revenue": 710748000, "revenueEstimated": 716700000, "fiscalDateEnding": "2023-06-30", "updatedFromDate": "2023-11-04"}, {"date": "2023-08-04", "symbol": "TILE", "eps": 0.25, "epsEstimated": 0.19, "time": "bmo", "revenue": 329582000, "revenueEstimated": 334000000, "fiscalDateEnding": "2023-07-01", "updatedFromDate": "2023-11-28"}, {"date": "2023-08-04", "symbol": "FLRY3.SA", "eps": 0.18, "epsEstimated": 0.21, "time": "bmo", "revenue": 1659541000, "revenueEstimated": 1572430000, "fiscalDateEnding": "2023-06-30", "updatedFromDate": "2023-11-04"}, {"date": "2023-08-04", "symbol": "7898.T", "eps": -22.66, "epsEstimated": null, "time": "bmo", "revenue": null, "revenueEstimated": null, "fiscalDateEnding": "2023-12-30", "updatedFromDate": "2023-11-04"}, {"date": "2023-08-04", "symbol": "8584.T", "eps": 220.73, "epsEstimated": null, "time": "bmo", "revenue": null, "revenueEstimated": null, "fiscalDateEnding": "2023-12-30", "updatedFromDate": "2023-11-04"}, {"date": "2023-08-04", "symbol": "2484.TW", "eps": 0.44, "epsEstimated": null, "time": "bmo", "revenue": 581264000, "revenueEstimated": null, "fiscalDateEnding": "2023-06-30", "updatedFromDate": "2023-11-04"}, {"date": "2023-08-04", "symbol": "6284.T", "eps": 126.21, "epsEstimated": null, "time": "bmo", "revenue": 8598000000, "revenueEstimated": 11000000, "fiscalDateEnding": "2023-06-30", "updatedFromDate": "2023-11-04"}, {"date": "2023-08-04", "symbol": "CLKXF", "eps": 0.3281, "epsEstimated": null, "time": "bmo", "revenue": 65790000, "revenueEstimated": null, "fiscalDateEnding": "2023-06-30", "updatedFromDate": "2023-11-03"}, {"date": "2023-08-04", "symbol": "TWST", "eps": -1.01, "epsEstimated": -1.14, "time": "bmo", "revenue": 63740000, "revenueEstimated": 60540000, "fiscalDateEnding": "2023-06-29", "updatedFromDate": "2023-11-03"}, {"date": "2023-08-04", "symbol": "HBIA", "eps": 1.26, "epsEstimated": null, "time": "bmo", "revenue": 36156000, "revenueEstimated": null, "fiscalDateEnding": "2023-06-29", "updatedFromDate": "2023-11-03"}, {"date": "2023-08-04", "symbol": "LCTC", "eps": 0.02247, "epsEstimated": null, "time": "bmo", "revenue": 2280346, "revenueEstimated": null, "fiscalDateEnding": "2023-06-29", "updatedFromDate": "2023-11-03"}, {"date": "2023-08-04", "symbol": "NPSCY", "eps": 0.41, "epsEstimated": null, "time": "--", "revenue": null, "revenueEstimated": null, "fiscalDateEnding": "2023-12-30", "updatedFromDate": "2023-11-03"}, {"date": "2023-08-04", "symbol": "LSXMA", "eps": 0.49, "epsEstimated": 0.99, "time": "bmo", "revenue": 2250000000, "revenueEstimated": null, "fiscalDateEnding": "2023-06-29", "updatedFromDate": "2023-11-03"}, {"date": "2023-08-04", "symbol": "6240.T", "eps": 0.28, "epsEstimated": null, "time": "bmo", "revenue": null, "revenueEstimated": null, "fiscalDateEnding": "2023-12-30", "updatedFromDate": "2023-11-04"}, {"date": "2023-08-04", "symbol": "FLGT", "eps": -0.08, "epsEstimated": -0.33, "time": "bmo", "revenue": 67853000, "revenueEstimated": 62480000, "fiscalDateEnding": "2023-06-29", "updatedFromDate": "2023-11-03"}, {"date": "2023-08-04", "symbol": "2476.TW", "eps": 1.24, "epsEstimated": null, "time": "bmo", "revenue": 1441874000, "revenueEstimated": null, "fiscalDateEnding": "2023-06-30", "updatedFromDate": "2023-11-04"}, {"date": "2023-08-04", "symbol": "AMCX", "eps": 2.02, "epsEstimated": 1.6, "time": "bmo", "revenue": 678628000, "revenueEstimated": 706470000, "fiscalDateEnding": "2023-06-29", "updatedFromDate": "2023-11-03"}, {"date": "2023-08-04", "symbol": "5940.T", "eps": -8.63, "epsEstimated": null, "time": "bmo", "revenue": 21584000000, "revenueEstimated": null, "fiscalDateEnding": "2023-06-30", "updatedFromDate": "2023-11-04"}, {"date": "2023-08-04", "symbol": "T.TO", "eps": 0.19, "epsEstimated": 0.22, "time": "bmo", "revenue": 4934000000, "revenueEstimated": 4908180000, "fiscalDateEnding": "2023-06-30", "updatedFromDate": "2023-11-04"}, {"date": "2023-08-04", "symbol": "FFH.TO", "eps": 48.8, "epsEstimated": 51.87, "time": "bmo", "revenue": 5514600000, "revenueEstimated": 10173000000, "fiscalDateEnding": "2023-06-30", "updatedFromDate": "2023-11-04"}, {"date": "2023-08-04", "symbol": "4828.T", "eps": 57.08, "epsEstimated": null, "time": "bmo", "revenue": null, "revenueEstimated": null, "fiscalDateEnding": "2023-12-30", "updatedFromDate": "2023-11-04"}, {"date": "2023-08-04", "symbol": "7806.T", "eps": 7.74, "epsEstimated": null, "time": "bmo", "revenue": 15282000000, "revenueEstimated": 16000000, "fiscalDateEnding": "2023-06-30", "updatedFromDate": "2023-11-04"}, {"date": "2023-08-04", "symbol": "4926.T", "eps": -4.39, "epsEstimated": null, "time": "bmo", "revenue": null, "revenueEstimated": null, "fiscalDateEnding": "2023-12-30", "updatedFromDate": "2023-11-04"}, {"date": "2023-08-04", "symbol": "NKLA", "eps": -0.2, "epsEstimated": -0.24, "time": "bmo", "revenue": 15362000, "revenueEstimated": 15430000, "fiscalDateEnding": "2023-06-29", "updatedFromDate": "2023-11-03"}, {"date": "2023-08-04", "symbol": "CHEK", "eps": -0.95, "epsEstimated": -0.45, "time": "bmo", "revenue": null, "revenueEstimated": null, "fiscalDateEnding": "2023-06-30", "updatedFromDate": "2023-11-03"}, {"date": "2023-08-04", "symbol": "2421.TW", "eps": 1.68, "epsEstimated": 1.52, "time": "bmo", "revenue": 3279820000, "revenueEstimated": 3692710000, "fiscalDateEnding": "2023-06-30", "updatedFromDate": "2023-11-04"}, {"date": "2023-08-04", "symbol": "BATRK", "eps": -0.55, "epsEstimated": 0.49, "time": "bmo", "revenue": 270123000, "revenueEstimated": null, "fiscalDateEnding": "2023-06-29", "updatedFromDate": "2023-11-03"}, {"date": "2023-08-04", "symbol": "9933.TW", "eps": 0.6, "epsEstimated": 0.58, "time": "bmo", "revenue": 23846025000, "revenueEstimated": 23517500000, "fiscalDateEnding": "2023-06-30", "updatedFromDate": "2023-11-04"}, {"date": "2023-08-04", "symbol": "3482.T", "eps": 115.14, "epsEstimated": null, "time": "bmo", "revenue": null, "revenueEstimated": null, "fiscalDateEnding": "2023-06-30", "updatedFromDate": "2023-11-04"}, {"date": "2023-08-04", "symbol": "ALK.MI", "eps": null, "epsEstimated": null, "time": "bmo", "revenue": null, "revenueEstimated": null, "fiscalDateEnding": "2023-06-30", "updatedFromDate": "2023-11-04"}, {"date": "2023-08-04", "symbol": "NDL.NS", "eps": null, "epsEstimated": null, "time": "bmo", "revenue": null, "revenueEstimated": 3596250000, "fiscalDateEnding": "2023-12-30", "updatedFromDate": "2023-11-04"}, {"date": "2023-08-04", "symbol": "8357.HK", "eps": -0.00025, "epsEstimated": null, "time": "bmo", "revenue": 2508791, "revenueEstimated": null, "fiscalDateEnding": "2023-06-30", "updatedFromDate": "2023-11-04"}, {"date": "2023-08-04", "symbol": "O39.SI", "eps": 0.37, "epsEstimated": 0.41, "time": "bmo", "revenue": 3436000000, "revenueEstimated": 3317450000, "fiscalDateEnding": "2023-06-30", "updatedFromDate": "2023-11-04"}, {"date": "2023-08-04", "symbol": "SBHGF", "eps": 0.57, "epsEstimated": null, "time": "--", "revenue": null, "revenueEstimated": null, "fiscalDateEnding": "2023-12-30", "updatedFromDate": "2023-11-03"}, {"date": "2023-08-04", "symbol": "2533.T", "eps": 15.82, "epsEstimated": null, "time": "bmo", "revenue": 21813000000, "revenueEstimated": null, "fiscalDateEnding": "2023-06-30", "updatedFromDate": "2023-11-04"}, {"date": "2023-08-04", "symbol": "ACA.PA", "eps": 0.58, "epsEstimated": 0.44, "time": "bmo", "revenue": 5792000000, "revenueEstimated": 5862910000, "fiscalDateEnding": "2023-06-30", "updatedFromDate": "2023-11-04"}, {"date": "2023-08-04", "symbol": "TDS", "eps": -0.17, "epsEstimated": -0.0395, "time": "bmo", "revenue": 1267000000, "revenueEstimated": 1295160000, "fiscalDateEnding": "2023-06-29", "updatedFromDate": "2023-11-03"}, {"date": "2023-08-04", "symbol": "PRLB", "eps": 0.33, "epsEstimated": 0.3, "time": "bmo", "revenue": 122265000, "revenueEstimated": 123120000, "fiscalDateEnding": "2023-06-29", "updatedFromDate": "2023-11-03"}, {"date": "2023-08-04", "symbol": "GLP", "eps": 1.05, "epsEstimated": 1.28, "time": "bmo", "revenue": 3831690000, "revenueEstimated": 4085610000, "fiscalDateEnding": "2023-06-29", "updatedFromDate": "2023-11-03"}, {"date": "2023-08-04", "symbol": "600267.SS", "eps": 0.2, "epsEstimated": 0.23, "time": "bmo", "revenue": 2996569046.81, "revenueEstimated": null, "fiscalDateEnding": "2023-06-30", "updatedFromDate": "2023-11-04"}, {"date": "2023-08-04", "symbol": "5930.T", "eps": 4.85, "epsEstimated": null, "time": "bmo", "revenue": null, "revenueEstimated": 49104000, "fiscalDateEnding": "2023-12-30", "updatedFromDate": "2023-11-04"}, {"date": "2023-08-04", "symbol": "PMGR.L", "eps": null, "epsEstimated": null, "time": "bmo", "revenue": null, "revenueEstimated": null, "fiscalDateEnding": "2023-03-31", "updatedFromDate": "2023-07-03"}, {"date": "2023-08-04", "symbol": "USM", "eps": 0.05, "epsEstimated": 0.2, "time": "bmo", "revenue": 957000000, "revenueEstimated": 993210000, "fiscalDateEnding": "2023-06-29", "updatedFromDate": "2023-11-03"}, {"date": "2023-08-04", "symbol": "603887.SS", "eps": 0.02965, "epsEstimated": null, "time": "bmo", "revenue": 380145109.55, "revenueEstimated": null, "fiscalDateEnding": "2023-06-30", "updatedFromDate": "2023-11-04"}, {"date": "2023-08-04", "symbol": "CPI.L", "eps": null, "epsEstimated": null, "time": "bmo", "revenue": null, "revenueEstimated": null, "fiscalDateEnding": "2023-03-31", "updatedFromDate": "2023-07-03"}, {"date": "2023-08-04", "symbol": "ASIX", "eps": 1.16, "epsEstimated": 1.07, "time": "bmo", "revenue": 427940000, "revenueEstimated": 419500000, "fiscalDateEnding": "2023-06-29", "updatedFromDate": "2023-11-03"}, {"date": "2023-08-04", "symbol": "3998.T", "eps": 5.75, "epsEstimated": null, "time": "bmo", "revenue": 497311000, "revenueEstimated": null, "fiscalDateEnding": "2023-06-30", "updatedFromDate": "2023-11-04"}, {"date": "2023-08-04", "symbol": "5451.T", "eps": 69.86, "epsEstimated": null, "time": "bmo", "revenue": null, "revenueEstimated": null, "fiscalDateEnding": "2023-12-30", "updatedFromDate": "2023-11-04"}, {"date": "2023-08-04", "symbol": "PNM", "eps": 0.55, "epsEstimated": 0.56, "time": "bmo", "revenue": 477156000, "revenueEstimated": 446750000, "fiscalDateEnding": "2023-06-29", "updatedFromDate": "2023-11-03"}, {"date": "2023-08-04", "symbol": "NLSP", "eps": null, "epsEstimated": null, "time": "bmo", "revenue": null, "revenueEstimated": null, "fiscalDateEnding": "2023-03-31", "updatedFromDate": "2023-07-03"}, {"date": "2023-08-04", "symbol": "TEM1V.HE", "eps": 0.01, "epsEstimated": 0.01, "time": "bmo", "revenue": 19200000, "revenueEstimated": 21000000, "fiscalDateEnding": "2023-06-30", "updatedFromDate": "2023-11-04"}, {"date": "2023-08-04", "symbol": "6929.T", "eps": 41.52, "epsEstimated": 33.46, "time": "bmo", "revenue": 6088000000, "revenueEstimated": 6180000, "fiscalDateEnding": "2023-06-30", "updatedFromDate": "2023-11-04"}, {"date": "2023-08-04", "symbol": "PAA", "eps": 0.25, "epsEstimated": 0.24, "time": "bmo", "revenue": 11602000000, "revenueEstimated": 14947300000, "fiscalDateEnding": "2023-06-29", "updatedFromDate": "2023-11-03"}, {"date": "2023-08-04", "symbol": "ACMR", "eps": 0.48, "epsEstimated": 0.12, "time": "bmo", "revenue": 144577000, "revenueEstimated": 115540000, "fiscalDateEnding": "2023-06-29", "updatedFromDate": "2023-11-03"}, {"date": "2023-08-04", "symbol": "CRD-B", "eps": 0.24, "epsEstimated": 0.23, "time": "bmo", "revenue": 333738000, "revenueEstimated": 320665000, "fiscalDateEnding": "2023-06-29", "updatedFromDate": "2023-11-04"}, {"date": "2023-08-04", "symbol": "5331.T", "eps": 210.5, "epsEstimated": null, "time": "bmo", "revenue": null, "revenueEstimated": 33000000, "fiscalDateEnding": "2023-12-30", "updatedFromDate": "2023-11-04"}, {"date": "2023-08-04", "symbol": "SBR", "eps": 1.15, "epsEstimated": null, "time": "bmo", "revenue": 17433846, "revenueEstimated": null, "fiscalDateEnding": "2023-06-29", "updatedFromDate": "2023-11-03"}, {"date": "2023-08-04", "symbol": "FLR", "eps": 0.76, "epsEstimated": 0.36, "time": "bmo", "revenue": 3939000000, "revenueEstimated": 3676220000, "fiscalDateEnding": "2023-06-29", "updatedFromDate": "2023-11-03"}, {"date": "2023-08-04", "symbol": "TA.TO", "eps": 0.23, "epsEstimated": 0.1, "time": "bmo", "revenue": 625000000, "revenueEstimated": 538180000, "fiscalDateEnding": "2023-06-30", "updatedFromDate": "2023-11-04"}, {"date": "2023-08-04", "symbol": "MEGA.JK", "eps": 84.02, "epsEstimated": null, "time": "bmo", "revenue": 2050809000000, "revenueEstimated": null, "fiscalDateEnding": "2023-06-30", "updatedFromDate": "2023-11-04"}, {"date": "2023-08-04", "symbol": "IFP.TO", "eps": -0.4, "epsEstimated": -0.2, "time": "bmo", "revenue": 871800000, "revenueEstimated": 874100000, "fiscalDateEnding": "2023-06-30", "updatedFromDate": "2023-11-04"}, {"date": "2023-08-04", "symbol": "ACHL", "eps": -0.42, "epsEstimated": -0.4, "time": "bmo", "revenue": null, "revenueEstimated": null, "fiscalDateEnding": "2023-06-30", "updatedFromDate": "2023-11-03"}, {"date": "2023-08-04", "symbol": "0351.HK", "eps": null, "epsEstimated": null, "time": "bmo", "revenue": null, "revenueEstimated": 162000000, "fiscalDateEnding": "2023-06-30", "updatedFromDate": "2023-11-04"}, {"date": "2023-08-04", "symbol": "LOGG3.SA", "eps": 0.43, "epsEstimated": 0.39, "time": "bmo", "revenue": 57424000, "revenueEstimated": 63290000, "fiscalDateEnding": "2023-06-30", "updatedFromDate": "2023-11-04"}, {"date": "2023-08-04", "symbol": "8299.TWO", "eps": 2.2, "epsEstimated": 3.32, "time": "bmo", "revenue": 10006644000, "revenueEstimated": 10788100000, "fiscalDateEnding": "2023-06-30", "updatedFromDate": "2023-11-04"}, {"date": "2023-08-04", "symbol": "600123.SS", "eps": 0.515, "epsEstimated": null, "time": "bmo", "revenue": 3451405943.25, "revenueEstimated": null, "fiscalDateEnding": "2023-06-30", "updatedFromDate": "2023-11-04"}, {"date": "2023-08-04", "symbol": "9475.T", "eps": -3.73, "epsEstimated": null, "time": "bmo", "revenue": null, "revenueEstimated": null, "fiscalDateEnding": "2023-12-30", "updatedFromDate": "2023-11-04"}, {"date": "2023-08-04", "symbol": "6456.TW", "eps": 0.36, "epsEstimated": 0.09, "time": "bmo", "revenue": 20661507000, "revenueEstimated": 22777500000, "fiscalDateEnding": "2023-06-30", "updatedFromDate": "2023-11-04"}, {"date": "2023-08-04", "symbol": "OMI", "eps": 0.18, "epsEstimated": 0.16, "time": "bmo", "revenue": 2563226000, "revenueEstimated": null, "fiscalDateEnding": "2023-06-29", "updatedFromDate": "2023-11-03"}, {"date": "2023-08-04", "symbol": "5186.T", "eps": 89.96, "epsEstimated": null, "time": "bmo", "revenue": null, "revenueEstimated": null, "fiscalDateEnding": "2023-12-30", "updatedFromDate": "2023-11-04"}, {"date": "2023-08-04", "symbol": "2338.TW", "eps": 0.46, "epsEstimated": null, "time": "bmo", "revenue": 1799891000, "revenueEstimated": null, "fiscalDateEnding": "2023-06-30", "updatedFromDate": "2023-11-04"}, {"date": "2023-08-04", "symbol": "6507.T", "eps": 25.18, "epsEstimated": null, "time": "bmo", "revenue": null, "revenueEstimated": null, "fiscalDateEnding": "2023-12-30", "updatedFromDate": "2023-11-04"}, {"date": "2023-08-04", "symbol": "CHR.TO", "eps": 0.08, "epsEstimated": 0.09, "time": "bmo", "revenue": 396775000, "revenueEstimated": 405960000, "fiscalDateEnding": "2023-06-30", "updatedFromDate": "2023-11-04"}, {"date": "2023-08-04", "symbol": "8881.T", "eps": -7, "epsEstimated": null, "time": "bmo", "revenue": null, "revenueEstimated": null, "fiscalDateEnding": "2023-12-30", "updatedFromDate": "2023-11-04"}, {"date": "2023-08-04", "symbol": "6155.TW", "eps": 0.36, "epsEstimated": null, "time": "bmo", "revenue": 144880000, "revenueEstimated": null, "fiscalDateEnding": "2023-06-30", "updatedFromDate": "2023-11-04"}, {"date": "2023-08-04", "symbol": "ENB.TO", "eps": 0.68, "epsEstimated": 0.68, "time": "bmo", "revenue": 10432000000, "revenueEstimated": 11747600000, "fiscalDateEnding": "2023-06-30", "updatedFromDate": "2023-11-04"}, {"date": "2023-08-04", "symbol": "601890.SS", "eps": 0.05289, "epsEstimated": null, "time": "bmo", "revenue": 523738403.81, "revenueEstimated": null, "fiscalDateEnding": "2023-06-30", "updatedFromDate": "2023-11-04"}, {"date": "2023-08-04", "symbol": "CMRY.JK", "eps": 40.94, "epsEstimated": null, "time": "bmo", "revenue": 1946665000000, "revenueEstimated": null, "fiscalDateEnding": "2023-06-30", "updatedFromDate": "2023-11-04"}, {"date": "2023-08-04", "symbol": "1434.TW", "eps": 0.28, "epsEstimated": null, "time": "bmo", "revenue": 7228933000, "revenueEstimated": 8210000000, "fiscalDateEnding": "2023-06-30", "updatedFromDate": "2023-11-04"}, {"date": "2023-08-04", "symbol": "600299.SS", "eps": 0.01, "epsEstimated": 0.15, "time": "bmo", "revenue": 3176397897, "revenueEstimated": null, "fiscalDateEnding": "2023-06-30", "updatedFromDate": "2023-11-04"}, {"date": "2023-08-04", "symbol": "3926.T", "eps": 0.03, "epsEstimated": null, "time": "bmo", "revenue": null, "revenueEstimated": 700000, "fiscalDateEnding": "2023-12-30", "updatedFromDate": "2023-11-04"}, {"date": "2023-08-04", "symbol": "CMPC.SN", "eps": 44.53, "epsEstimated": 29.39, "time": "bmo", "revenue": 2015932000, "revenueEstimated": 1515040000000, "fiscalDateEnding": "2023-06-30", "updatedFromDate": "2023-11-04"}, {"date": "2023-08-04", "symbol": "ITOCY", "eps": 2.14, "epsEstimated": null, "time": "--", "revenue": null, "revenueEstimated": null, "fiscalDateEnding": "2023-12-30", "updatedFromDate": "2023-11-03"}, {"date": "2023-08-04", "symbol": "1898.T", "eps": -0.08, "epsEstimated": null, "time": "bmo", "revenue": null, "revenueEstimated": null, "fiscalDateEnding": "2023-12-30", "updatedFromDate": "2023-11-04"}, {"date": "2023-08-04", "symbol": "GTN", "eps": -0.1, "epsEstimated": -0.23, "time": "bmo", "revenue": 813000000, "revenueEstimated": 796200000, "fiscalDateEnding": "2023-06-29", "updatedFromDate": "2023-11-03"}, {"date": "2023-08-04", "symbol": "8021.TW", "eps": -0.87, "epsEstimated": 0.07, "time": "bmo", "revenue": 612583000, "revenueEstimated": 595840000, "fiscalDateEnding": "2023-06-30", "updatedFromDate": "2023-11-04"}, {"date": "2023-08-04", "symbol": "4972.T", "eps": 66.37, "epsEstimated": null, "time": "bmo", "revenue": null, "revenueEstimated": null, "fiscalDateEnding": "2023-12-30", "updatedFromDate": "2023-11-04"}, {"date": "2023-08-04", "symbol": "ALPA4.SA", "eps": -0.07, "epsEstimated": -0.08, "time": "bmo", "revenue": 926359000, "revenueEstimated": 893000000, "fiscalDateEnding": "2023-06-30", "updatedFromDate": "2023-11-04"}, {"date": "2023-08-04", "symbol": "4636.T", "eps": 6.42, "epsEstimated": null, "time": "bmo", "revenue": null, "revenueEstimated": null, "fiscalDateEnding": "2023-12-30", "updatedFromDate": "2023-11-04"}, {"date": "2023-08-04", "symbol": "5483.TWO", "eps": 4.14, "epsEstimated": 4, "time": "bmo", "revenue": 20318305000, "revenueEstimated": 22019000000, "fiscalDateEnding": "2023-06-30", "updatedFromDate": "2023-11-04"}, {"date": "2023-08-04", "symbol": "002299.SZ", "eps": 0.27, "epsEstimated": null, "time": "bmo", "revenue": 4542944332.14, "revenueEstimated": null, "fiscalDateEnding": "2023-06-30", "updatedFromDate": "2023-11-04"}, {"date": "2023-08-04", "symbol": "4471.T", "eps": 134.09, "epsEstimated": null, "time": "bmo", "revenue": null, "revenueEstimated": 45200000, "fiscalDateEnding": "2023-12-30", "updatedFromDate": "2023-11-03"}, {"date": "2023-08-04", "symbol": "6477.TW", "eps": 0.68, "epsEstimated": 0.52, "time": "bmo", "revenue": 514079000, "revenueEstimated": 1015000000, "fiscalDateEnding": "2023-06-30", "updatedFromDate": "2023-11-04"}, {"date": "2023-08-04", "symbol": "2288.T", "eps": 39.01, "epsEstimated": null, "time": "bmo", "revenue": null, "revenueEstimated": null, "fiscalDateEnding": "2023-12-30", "updatedFromDate": "2023-11-04"}, {"date": "2023-08-04", "symbol": "SSP", "eps": -0.09, "epsEstimated": -0.11, "time": "bmo", "revenue": 582836000, "revenueEstimated": 575830000, "fiscalDateEnding": "2023-06-29", "updatedFromDate": "2023-11-03"}, {"date": "2023-08-04", "symbol": "MDWK", "eps": -0.00056, "epsEstimated": null, "time": "--", "revenue": null, "revenueEstimated": null, "fiscalDateEnding": "2023-06-29", "updatedFromDate": "2023-11-03"}, {"date": "2023-08-04", "symbol": "6875.T", "eps": 50.21, "epsEstimated": null, "time": "bmo", "revenue": null, "revenueEstimated": 19250000, "fiscalDateEnding": "2023-12-30", "updatedFromDate": "2023-11-04"}, {"date": "2023-08-04", "symbol": "UNIEF", "eps": null, "epsEstimated": null, "time": "bmo", "revenue": null, "revenueEstimated": null, "fiscalDateEnding": "2023-06-30", "updatedFromDate": "2023-11-03"}, {"date": "2023-08-04", "symbol": "LSXMK", "eps": 0.49, "epsEstimated": 0.99, "time": "bmo", "revenue": 2250000000, "revenueEstimated": null, "fiscalDateEnding": "2023-06-29", "updatedFromDate": "2023-11-03"}, {"date": "2023-08-04", "symbol": "XPO", "eps": 0.71, "epsEstimated": 0.61, "time": "bmo", "revenue": 1917000000, "revenueEstimated": 1941390000, "fiscalDateEnding": "2023-06-29", "updatedFromDate": "2023-11-03"}, {"date": "2023-08-04", "symbol": "BATRA", "eps": -0.55, "epsEstimated": 0.49, "time": "bmo", "revenue": 270123000, "revenueEstimated": null, "fiscalDateEnding": "2023-06-29", "updatedFromDate": "2023-11-03"}, {"date": "2023-08-04", "symbol": "2617.TW", "eps": 0.4, "epsEstimated": 0.47, "time": "bmo", "revenue": 1030249000, "revenueEstimated": 1035000000, "fiscalDateEnding": "2023-06-30", "updatedFromDate": "2023-11-04"}, {"date": "2023-08-04", "symbol": "BDI.TO", "eps": 0.08, "epsEstimated": 0.08, "time": "bmo", "revenue": 91142000, "revenueEstimated": 80890000, "fiscalDateEnding": "2023-06-30", "updatedFromDate": "2023-11-04"}, {"date": "2023-08-04", "symbol": "IKIO.NS", "eps": null, "epsEstimated": null, "time": "bmo", "revenue": null, "revenueEstimated": null, "fiscalDateEnding": "2023-12-30", "updatedFromDate": "2023-11-04"}, {"date": "2023-08-04", "symbol": "9788.T", "eps": -11.11, "epsEstimated": null, "time": "bmo", "revenue": null, "revenueEstimated": null, "fiscalDateEnding": "2023-12-30", "updatedFromDate": "2023-11-04"}, {"date": "2023-08-04", "symbol": "9324.T", "eps": 16.02, "epsEstimated": null, "time": "bmo", "revenue": null, "revenueEstimated": null, "fiscalDateEnding": "2023-12-30", "updatedFromDate": "2023-11-04"}, {"date": "2023-08-04", "symbol": "BUKA.JK", "eps": 5.98, "epsEstimated": -0.5, "time": "bmo", "revenue": 1175128757000, "revenueEstimated": null, "fiscalDateEnding": "2023-06-30", "updatedFromDate": "2023-11-04"}, {"date": "2023-08-04", "symbol": "3299.T", "eps": 46.06, "epsEstimated": null, "time": "bmo", "revenue": 14620000000, "revenueEstimated": null, "fiscalDateEnding": "2023-06-30", "updatedFromDate": "2023-11-04"}, {"date": "2023-08-04", "symbol": "RPID", "eps": -0.33, "epsEstimated": -0.36, "time": "bmo", "revenue": 5002000, "revenueEstimated": 5550000, "fiscalDateEnding": "2023-06-29", "updatedFromDate": "2023-11-03"}, {"date": "2023-08-04", "symbol": "300068.SZ", "eps": 0.2261, "epsEstimated": null, "time": "bmo", "revenue": 3697893457.59, "revenueEstimated": null, "fiscalDateEnding": "2023-06-30", "updatedFromDate": "2023-11-04"}, {"date": "2023-08-04", "symbol": "V2Y.SI", "eps": null, "epsEstimated": null, "time": "bmo", "revenue": null, "revenueEstimated": 18550000, "fiscalDateEnding": "2023-06-30", "updatedFromDate": "2023-11-04"}, {"date": "2023-08-04", "symbol": "2379.TW", "eps": 5.06, "epsEstimated": 4.17, "time": "bmo", "revenue": 26290803000, "revenueEstimated": 23713200000, "fiscalDateEnding": "2023-06-30", "updatedFromDate": "2023-11-04"}, {"date": "2023-08-04", "symbol": "FCL.NS", "eps": null, "epsEstimated": null, "time": "bmo", "revenue": null, "revenueEstimated": null, "fiscalDateEnding": "2023-12-30", "updatedFromDate": "2023-11-04"}, {"date": "2023-08-04", "symbol": "CMIG4.SA", "eps": 1.2, "epsEstimated": 0.01935, "time": "bmo", "revenue": 8819517000, "revenueEstimated": 8758160000, "fiscalDateEnding": "2023-06-30", "updatedFromDate": "2023-11-04"}, {"date": "2023-08-04", "symbol": "002968.SZ", "eps": 0.1714, "epsEstimated": null, "time": "bmo", "revenue": 750330018.01, "revenueEstimated": null, "fiscalDateEnding": "2023-06-30", "updatedFromDate": "2023-11-04"}, {"date": "2023-08-04", "symbol": "TGG.NZ", "eps": null, "epsEstimated": null, "time": "bmo", "revenue": null, "revenueEstimated": null, "fiscalDateEnding": "2023-06-30", "updatedFromDate": "2023-11-04"}, {"date": "2023-08-04", "symbol": "LREN3.SA", "eps": 0.24, "epsEstimated": 0.23, "time": "bmo", "revenue": 3504083000, "revenueEstimated": 3241450000, "fiscalDateEnding": "2023-06-30", "updatedFromDate": "2023-11-04"}, {"date": "2023-08-04", "symbol": "688082.SS", "eps": 0.71, "epsEstimated": 0.56, "time": "bmo", "revenue": 994020926.5, "revenueEstimated": null, "fiscalDateEnding": "2023-06-30", "updatedFromDate": "2023-11-04"}, {"date": "2023-08-04", "symbol": "4215.T", "eps": 9.09, "epsEstimated": null, "time": "bmo", "revenue": null, "revenueEstimated": null, "fiscalDateEnding": "2023-12-30", "updatedFromDate": "2023-11-04"}, {"date": "2023-08-04", "symbol": "BIM.ST", "eps": -0.02295, "epsEstimated": null, "time": "bmo", "revenue": 39558000, "revenueEstimated": 36000000, "fiscalDateEnding": "2023-06-30", "updatedFromDate": "2023-11-04"}, {"date": "2023-08-04", "symbol": "CPI.L", "eps": null, "epsEstimated": null, "time": "bmo", "revenue": null, "revenueEstimated": null, "fiscalDateEnding": "2023-06-29", "updatedFromDate": "2023-11-04"}, {"date": "2023-08-04", "symbol": "PETR4.SA", "eps": 2.21, "epsEstimated": 2.18, "time": "bmo", "revenue": 22979000000, "revenueEstimated": 115118000000, "fiscalDateEnding": "2023-06-30", "updatedFromDate": "2023-11-04"}, {"date": "2023-08-04", "symbol": "WEF.TO", "eps": -0.07, "epsEstimated": -0.03, "time": "bmo", "revenue": 276000000, "revenueEstimated": 257500000, "fiscalDateEnding": "2023-06-30", "updatedFromDate": "2023-11-04"}, {"date": "2023-08-04", "symbol": "QRTEA", "eps": -0.03, "epsEstimated": 0.11, "time": "bmo", "revenue": 2649000000, "revenueEstimated": 2707360000, "fiscalDateEnding": "2023-06-29", "updatedFromDate": "2023-11-03"}, {"date": "2023-08-04", "symbol": "5013.T", "eps": 51.51, "epsEstimated": null, "time": "bmo", "revenue": null, "revenueEstimated": null, "fiscalDateEnding": "2023-12-30", "updatedFromDate": "2023-11-04"}, {"date": "2023-08-04", "symbol": "4491.T", "eps": 22.64, "epsEstimated": null, "time": "bmo", "revenue": null, "revenueEstimated": null, "fiscalDateEnding": "2023-12-30", "updatedFromDate": "2023-11-04"}, {"date": "2023-08-04", "symbol": "600085.SS", "eps": 0.34, "epsEstimated": 0.33, "time": "bmo", "revenue": 4617626518.42, "revenueEstimated": null, "fiscalDateEnding": "2023-06-30", "updatedFromDate": "2023-11-04"}, {"date": "2023-08-04", "symbol": "IEP", "eps": -0.72, "epsEstimated": 0.25, "time": "bmo", "revenue": 2882000000, "revenueEstimated": 2657000000, "fiscalDateEnding": "2023-06-29", "updatedFromDate": "2023-11-03"}, {"date": "2023-08-04", "symbol": "OVID", "eps": -0.18, "epsEstimated": -0.21, "time": "bmo", "revenue": 75000, "revenueEstimated": 50000, "fiscalDateEnding": "2023-06-29", "updatedFromDate": "2023-11-03"}, {"date": "2023-08-04", "symbol": "000601.SZ", "eps": 0.06888, "epsEstimated": null, "time": "bmo", "revenue": 1265414189.9, "revenueEstimated": null, "fiscalDateEnding": "2023-06-30", "updatedFromDate": "2023-11-04"}, {"date": "2023-08-04", "symbol": "MAERSK-B.CO", "eps": 85, "epsEstimated": 41.85, "time": "bmo", "revenue": 12988000000, "revenueEstimated": 94123700000, "fiscalDateEnding": "2023-06-30", "updatedFromDate": "2023-11-04"}, {"date": "2023-08-04", "symbol": "MGI", "eps": null, "epsEstimated": 0.13, "time": "bmo", "revenue": null, "revenueEstimated": 353660000, "fiscalDateEnding": "2023-06-30", "updatedFromDate": "2023-11-03"}, {"date": "2023-08-04", "symbol": "KSM", "eps": null, "epsEstimated": null, "time": "bmo", "revenue": null, "revenueEstimated": null, "fiscalDateEnding": "2023-06-30", "updatedFromDate": "2023-11-03"}, {"date": "2023-08-04", "symbol": "BH", "eps": 6.64, "epsEstimated": null, "time": "bmo", "revenue": 93540000, "revenueEstimated": null, "fiscalDateEnding": "2023-06-29", "updatedFromDate": "2023-11-03"}, {"date": "2023-08-04", "symbol": "JANL", "eps": -0.19, "epsEstimated": null, "time": "--", "revenue": 42557000, "revenueEstimated": null, "fiscalDateEnding": "2023-06-29", "updatedFromDate": "2023-11-03"}, {"date": "2023-08-04", "symbol": "INETREIT.BK", "eps": 0.24, "epsEstimated": null, "time": "bmo", "revenue": 99381000, "revenueEstimated": null, "fiscalDateEnding": "2023-06-30", "updatedFromDate": "2023-11-04"}, {"date": "2023-08-04", "symbol": "300681.SZ", "eps": null, "epsEstimated": null, "time": "bmo", "revenue": null, "revenueEstimated": null, "fiscalDateEnding": "2023-06-30", "updatedFromDate": "2023-11-04"}, {"date": "2023-08-04", "symbol": "PRDS", "eps": 0.18, "epsEstimated": -0.34, "time": "bmo", "revenue": null, "revenueEstimated": null, "fiscalDateEnding": "2023-06-29", "updatedFromDate": "2023-11-03"}, {"date": "2023-08-04", "symbol": "3420.T", "eps": 8.31, "epsEstimated": null, "time": "bmo", "revenue": null, "revenueEstimated": null, "fiscalDateEnding": "2023-06-30", "updatedFromDate": "2023-11-04"}, {"date": "2023-08-04", "symbol": "GLPG.AS", "eps": 0.08, "epsEstimated": 0.83, "time": "bmo", "revenue": 149953000, "revenueEstimated": 111270000, "fiscalDateEnding": "2023-06-30", "updatedFromDate": "2023-11-04"}, {"date": "2023-08-04", "symbol": "CORZQ", "eps": -0.02, "epsEstimated": -0.12, "time": "--", "revenue": 126912000, "revenueEstimated": null, "fiscalDateEnding": "2023-06-30", "updatedFromDate": "2023-11-03"}, {"date": "2023-08-04", "symbol": "2812.T", "eps": 5.34, "epsEstimated": null, "time": "bmo", "revenue": null, "revenueEstimated": null, "fiscalDateEnding": "2023-12-30", "updatedFromDate": "2023-11-04"}, {"date": "2023-08-04", "symbol": "9857.T", "eps": 41.65, "epsEstimated": null, "time": "bmo", "revenue": 8841977000, "revenueEstimated": null, "fiscalDateEnding": "2023-06-30", "updatedFromDate": "2023-11-04"}, {"date": "2023-08-04", "symbol": "MNC.WA", "eps": 0.6, "epsEstimated": null, "time": "bmo", "revenue": 263513000, "revenueEstimated": null, "fiscalDateEnding": "2023-06-30", "updatedFromDate": "2023-11-04"}, {"date": "2023-08-04", "symbol": "ASII.JK", "eps": 216, "epsEstimated": 156.98, "time": "bmo", "revenue": 79413000000000, "revenueEstimated": null, "fiscalDateEnding": "2023-06-30", "updatedFromDate": "2023-11-04"}, {"date": "2023-08-04", "symbol": "1420.T", "eps": -50.44, "epsEstimated": null, "time": "bmo", "revenue": null, "revenueEstimated": null, "fiscalDateEnding": "2023-12-30", "updatedFromDate": "2023-11-04"}, {"date": "2023-08-04", "symbol": "DBRG", "eps": 0.06, "epsEstimated": 0.1, "time": "bmo", "revenue": 424933000, "revenueEstimated": 298950000, "fiscalDateEnding": "2023-06-29", "updatedFromDate": "2023-11-03"}, {"date": "2023-08-04", "symbol": "5122.T", "eps": 155.65, "epsEstimated": null, "time": "bmo", "revenue": null, "revenueEstimated": null, "fiscalDateEnding": "2023-12-30", "updatedFromDate": "2023-11-04"}, {"date": "2023-08-04", "symbol": "EVRG", "eps": 0.81, "epsEstimated": 0.78, "time": "bmo", "revenue": 1354200000, "revenueEstimated": 1452720000, "fiscalDateEnding": "2023-06-29", "updatedFromDate": "2023-11-03"}, {"date": "2023-08-04", "symbol": "STEW", "eps": null, "epsEstimated": null, "time": "bmo", "revenue": null, "revenueEstimated": null, "fiscalDateEnding": "2023-06-30", "updatedFromDate": "2023-11-03"}, {"date": "2023-08-04", "symbol": "AJINY", "eps": 0.38, "epsEstimated": null, "time": "--", "revenue": null, "revenueEstimated": null, "fiscalDateEnding": "2023-12-30", "updatedFromDate": "2023-11-03"}, {"date": "2023-08-04", "symbol": "6670.T", "eps": 34.39, "epsEstimated": null, "time": "bmo", "revenue": null, "revenueEstimated": 48000000, "fiscalDateEnding": "2023-12-30", "updatedFromDate": "2023-11-04"}, {"date": "2023-08-04", "symbol": "PSL.BK", "eps": 0.16, "epsEstimated": 0.13, "time": "bmo", "revenue": 1322451000, "revenueEstimated": 1144730000, "fiscalDateEnding": "2023-06-30", "updatedFromDate": "2023-11-04"}, {"date": "2023-08-04", "symbol": "3526.TWO", "eps": 3.07, "epsEstimated": 1.99, "time": "bmo", "revenue": 596017000, "revenueEstimated": 494000000, "fiscalDateEnding": "2023-06-30", "updatedFromDate": "2023-11-04"}, {"date": "2023-08-04", "symbol": "ALCLS.PA", "eps": -0.18, "epsEstimated": -0.37, "time": "bmo", "revenue": 178000, "revenueEstimated": 6180000, "fiscalDateEnding": "2023-06-30", "updatedFromDate": "2023-11-04"}, {"date": "2023-08-04", "symbol": "ENAT3.SA", "eps": 0.16, "epsEstimated": 0.31, "time": "bmo", "revenue": 420104000, "revenueEstimated": 539140000, "fiscalDateEnding": "2023-06-30", "updatedFromDate": "2023-11-04"}, {"date": "2023-08-04", "symbol": "NRP", "eps": 2.49, "epsEstimated": null, "time": "bmo", "revenue": 64277000, "revenueEstimated": null, "fiscalDateEnding": "2023-06-29", "updatedFromDate": "2023-11-03"}, {"date": "2023-08-04", "symbol": "DELHIVERY.NS", "eps": -1.23, "epsEstimated": -2.13, "time": "bmo", "revenue": null, "revenueEstimated": null, "fiscalDateEnding": "2023-12-30", "updatedFromDate": "2023-11-04"}, {"date": "2023-08-04", "symbol": "4994.TW", "eps": 0.52, "epsEstimated": null, "time": "bmo", "revenue": 432957000, "revenueEstimated": null, "fiscalDateEnding": "2023-06-30", "updatedFromDate": "2023-11-04"}, {"date": "2023-08-04", "symbol": "NWRN.SW", "eps": null, "epsEstimated": null, "time": "bmo", "revenue": null, "revenueEstimated": null, "fiscalDateEnding": "2023-06-29", "updatedFromDate": "2023-11-04"}, {"date": "2023-08-04", "symbol": "FWONK", "eps": 0.41, "epsEstimated": 0.05, "time": "bmo", "revenue": 724000000, "revenueEstimated": null, "fiscalDateEnding": "2023-06-29", "updatedFromDate": "2023-11-03"}, {"date": "2023-08-04", "symbol": "IVREF", "eps": 0.09158, "epsEstimated": null, "time": "bmo", "revenue": 12001000, "revenueEstimated": null, "fiscalDateEnding": "2023-06-30", "updatedFromDate": "2023-11-03"}, {"date": "2023-08-04", "symbol": "DICIND.NS", "eps": -2.8, "epsEstimated": null, "time": "bmo", "revenue": 2071443000, "revenueEstimated": null, "fiscalDateEnding": "2023-06-30", "updatedFromDate": "2023-11-04"}, {"date": "2023-08-04", "symbol": "SEC.TO", "eps": 8.58, "epsEstimated": null, "time": "bmo", "revenue": 57723000, "revenueEstimated": null, "fiscalDateEnding": "2023-06-30", "updatedFromDate": "2023-11-04"}, {"date": "2023-08-04", "symbol": "TIXT", "eps": 0.17, "epsEstimated": 0.15, "time": "bmo", "revenue": 667000000, "revenueEstimated": 887590000, "fiscalDateEnding": "2023-06-30", "updatedFromDate": "2023-11-03"}, {"date": "2023-08-04", "symbol": "307950.KS", "eps": 1381, "epsEstimated": 1044, "time": "bmo", "revenue": 753864132000, "revenueEstimated": 753864000, "fiscalDateEnding": "2023-06-30", "updatedFromDate": "2023-11-04"}, {"date": "2023-08-04", "symbol": "2383.HK", "eps": null, "epsEstimated": null, "time": "bmo", "revenue": null, "revenueEstimated": null, "fiscalDateEnding": "2023-06-29", "updatedFromDate": "2023-11-04"}, {"date": "2023-08-04", "symbol": "CTA-PA", "eps": null, "epsEstimated": null, "time": "bmo", "revenue": 6045000000, "revenueEstimated": null, "fiscalDateEnding": "2023-06-29", "updatedFromDate": "2023-11-03"}, {"date": "2023-08-04", "symbol": "MGA", "eps": 1.5, "epsEstimated": 1.23, "time": "bmo", "revenue": 10982000000, "revenueEstimated": 10363100000, "fiscalDateEnding": "2023-06-30", "updatedFromDate": "2023-11-03"}, {"date": "2023-08-04", "symbol": "011780.KS", "eps": 4363, "epsEstimated": 3990.27, "time": "bmo", "revenue": 1578132239000, "revenueEstimated": 1783430000, "fiscalDateEnding": "2023-06-30", "updatedFromDate": "2023-11-04"}, {"date": "2023-08-04", "symbol": "6392.T", "eps": 206.13, "epsEstimated": null, "time": "bmo", "revenue": 3688822000, "revenueEstimated": null, "fiscalDateEnding": "2023-06-30", "updatedFromDate": "2023-11-04"}, {"date": "2023-08-04", "symbol": "RUTH", "eps": 0.44, "epsEstimated": 0.33, "time": "bmo", "revenue": null, "revenueEstimated": 130670000, "fiscalDateEnding": "2023-06-25", "updatedFromDate": "2023-11-03"}, {"date": "2023-08-04", "symbol": "SQNXF", "eps": 0.38, "epsEstimated": null, "time": "--", "revenue": 85669000000, "revenueEstimated": null, "fiscalDateEnding": "2023-06-30", "updatedFromDate": "2023-11-03"}, {"date": "2023-08-04", "symbol": "MG.TO", "eps": 1.5, "epsEstimated": 1.23, "time": "bmo", "revenue": 10982000000, "revenueEstimated": 13770400000, "fiscalDateEnding": "2023-06-30", "updatedFromDate": "2023-11-04"}, {"date": "2023-08-04", "symbol": "OLA.TO", "eps": 0.05, "epsEstimated": 0.05, "time": "bmo", "revenue": 59272000, "revenueEstimated": 73840000, "fiscalDateEnding": "2023-06-30", "updatedFromDate": "2023-11-04"}, {"date": "2023-08-04", "symbol": "8893.T", "eps": 36.33, "epsEstimated": null, "time": "bmo", "revenue": 8157507000, "revenueEstimated": null, "fiscalDateEnding": "2023-06-30", "updatedFromDate": "2023-11-04"}, {"date": "2023-08-04", "symbol": "8860.T", "eps": 23.03, "epsEstimated": null, "time": "bmo", "revenue": null, "revenueEstimated": null, "fiscalDateEnding": "2023-12-30", "updatedFromDate": "2023-11-04"}, {"date": "2023-08-04", "symbol": "AGRI", "eps": -5, "epsEstimated": null, "time": "bmo", "revenue": null, "revenueEstimated": null, "fiscalDateEnding": "2023-06-29", "updatedFromDate": "2023-11-03"}, {"date": "2023-08-04", "symbol": "DXYN", "eps": -0.11, "epsEstimated": null, "time": "bmo", "revenue": 74009000, "revenueEstimated": 101562000, "fiscalDateEnding": "2023-06-30", "updatedFromDate": "2023-11-03"}, {"date": "2023-08-04", "symbol": "5408.T", "eps": 53.29, "epsEstimated": null, "time": "bmo", "revenue": null, "revenueEstimated": null, "fiscalDateEnding": "2023-12-30", "updatedFromDate": "2023-11-04"}, {"date": "2023-08-04", "symbol": "CLOQ", "eps": -0.00177, "epsEstimated": null, "time": "bmo", "revenue": null, "revenueEstimated": null, "fiscalDateEnding": "2023-06-29", "updatedFromDate": "2023-11-03"}, {"date": "2023-08-04", "symbol": "8387.T", "eps": 43.95, "epsEstimated": null, "time": "bmo", "revenue": null, "revenueEstimated": null, "fiscalDateEnding": "2023-12-30", "updatedFromDate": "2023-11-04"}, {"date": "2023-08-04", "symbol": "FYBR", "eps": -0.01, "epsEstimated": -0.00708, "time": "bmo", "revenue": 1449000000, "revenueEstimated": 1442060000, "fiscalDateEnding": "2023-06-29", "updatedFromDate": "2023-11-03"}, {"date": "2023-08-04", "symbol": "AKRFF", "eps": -0.0015, "epsEstimated": null, "time": "bmo", "revenue": 1610841, "revenueEstimated": null, "fiscalDateEnding": "2023-06-30", "updatedFromDate": "2023-11-03"}, {"date": "2023-08-04", "symbol": "5602.T", "eps": 75.59, "epsEstimated": null, "time": "bmo", "revenue": null, "revenueEstimated": null, "fiscalDateEnding": "2023-12-30", "updatedFromDate": "2023-11-04"}, {"date": "2023-08-04", "symbol": "8163.T", "eps": 4.6, "epsEstimated": null, "time": "bmo", "revenue": null, "revenueEstimated": null, "fiscalDateEnding": "2023-12-30", "updatedFromDate": "2023-11-04"}, {"date": "2023-08-04", "symbol": "CBOE", "eps": 1.78, "epsEstimated": 1.77, "time": "bmo", "revenue": 907800000, "revenueEstimated": 469300000, "fiscalDateEnding": "2023-06-29", "updatedFromDate": "2023-11-03"}, {"date": "2023-08-04", "symbol": "4167.TWO", "eps": 0.02, "epsEstimated": null, "time": "bmo", "revenue": 223178000, "revenueEstimated": null, "fiscalDateEnding": "2023-06-30", "updatedFromDate": "2023-11-04"}, {"date": "2023-08-04", "symbol": "SVCTF", "eps": 8.58, "epsEstimated": null, "time": "bmo", "revenue": 57723000, "revenueEstimated": null, "fiscalDateEnding": "2023-06-30", "updatedFromDate": "2023-11-03"}, {"date": "2023-08-04", "symbol": "DNTL.TO", "eps": 0.18, "epsEstimated": 0.08, "time": "bmo", "revenue": 368300000, "revenueEstimated": 344360000, "fiscalDateEnding": "2023-06-30", "updatedFromDate": "2023-11-04"}, {"date": "2023-08-04", "symbol": "TATVA.NS", "eps": 4.29, "epsEstimated": 3.7, "time": "bmo", "revenue": null, "revenueEstimated": null, "fiscalDateEnding": "2023-12-30", "updatedFromDate": "2023-11-04"}, {"date": "2023-08-04", "symbol": "1201.TW", "eps": 0.07, "epsEstimated": null, "time": "bmo", "revenue": 5244647000, "revenueEstimated": null, "fiscalDateEnding": "2023-06-30", "updatedFromDate": "2023-11-04"}, {"date": "2023-08-04", "symbol": "FWONA", "eps": 0.41, "epsEstimated": 0.1, "time": "bmo", "revenue": 724000000, "revenueEstimated": 746000000, "fiscalDateEnding": "2023-06-29", "updatedFromDate": "2023-11-03"}, {"date": "2023-08-04", "symbol": "BH-A", "eps": 6.64, "epsEstimated": null, "time": "bmo", "revenue": 93540000, "revenueEstimated": null, "fiscalDateEnding": "2023-06-29", "updatedFromDate": "2023-11-03"}, {"date": "2023-08-04", "symbol": "8944.T", "eps": 10.12, "epsEstimated": null, "time": "bmo", "revenue": 1104492000, "revenueEstimated": null, "fiscalDateEnding": "2023-06-30", "updatedFromDate": "2023-11-04"}, {"date": "2023-08-04", "symbol": "FSR", "eps": -0.25, "epsEstimated": -0.31, "time": "bmo", "revenue": 825000, "revenueEstimated": 159320000, "fiscalDateEnding": "2023-06-29", "updatedFromDate": "2023-11-03"}, {"date": "2023-08-04", "symbol": "CREX", "eps": -0.19, "epsEstimated": -0.12, "time": "bmo", "revenue": 9196000, "revenueEstimated": 16050000, "fiscalDateEnding": "2023-06-29", "updatedFromDate": "2023-11-03"}, {"date": "2023-08-04", "symbol": "3231.TW", "eps": 1.14, "epsEstimated": 0.92, "time": "bmo", "revenue": 207476960000, "revenueEstimated": 209976000000, "fiscalDateEnding": "2023-06-30", "updatedFromDate": "2023-11-04"}, {"date": "2023-08-04", "symbol": "AGSTRA.NS", "eps": null, "epsEstimated": null, "time": "bmo", "revenue": null, "revenueEstimated": null, "fiscalDateEnding": "2023-12-30", "updatedFromDate": "2023-11-04"}, {"date": "2023-08-04", "symbol": "3036.TW", "eps": 0.78, "epsEstimated": 0.67, "time": "bmo", "revenue": 117459847000, "revenueEstimated": 149444000000, "fiscalDateEnding": "2023-06-30", "updatedFromDate": "2023-11-04"}, {"date": "2023-08-04", "symbol": "8053.HK", "eps": null, "epsEstimated": null, "time": "bmo", "revenue": null, "revenueEstimated": null, "fiscalDateEnding": "2023-12-30", "updatedFromDate": "2023-11-04"}, {"date": "2023-08-04", "symbol": "1525.TW", "eps": 0.8, "epsEstimated": null, "time": "bmo", "revenue": 425144000, "revenueEstimated": 278930000, "fiscalDateEnding": "2023-06-30", "updatedFromDate": "2023-11-02"}, {"date": "2023-08-04", "symbol": "PPL.TO", "eps": 0.6, "epsEstimated": 0.58, "time": "bmo", "revenue": 2070000000, "revenueEstimated": 2211580000, "fiscalDateEnding": "2023-06-30", "updatedFromDate": "2023-11-04"}, {"date": "2023-08-04", "symbol": "126560.KS", "eps": 18, "epsEstimated": null, "time": "bmo", "revenue": 47796242000, "revenueEstimated": 73900000, "fiscalDateEnding": "2023-06-30", "updatedFromDate": "2023-11-04"}, {"date": "2023-08-04", "symbol": "3166.T", "eps": 42.59, "epsEstimated": null, "time": "bmo", "revenue": null, "revenueEstimated": null, "fiscalDateEnding": "2023-12-30", "updatedFromDate": "2023-11-04"}, {"date": "2023-08-04", "symbol": "RAND", "eps": 0.19, "epsEstimated": null, "time": "bmo", "revenue": 3818071, "revenueEstimated": null, "fiscalDateEnding": "2023-06-29", "updatedFromDate": "2023-11-03"}, {"date": "2023-08-04", "symbol": "SHWDY", "eps": -0.26, "epsEstimated": null, "time": "--", "revenue": 317207000000, "revenueEstimated": null, "fiscalDateEnding": "2023-06-30", "updatedFromDate": "2023-11-03"}, {"date": "2023-08-04", "symbol": "2002.TW", "eps": 0.06, "epsEstimated": 0.1, "time": "bmo", "revenue": 95356918000, "revenueEstimated": 98122900000, "fiscalDateEnding": "2023-06-30", "updatedFromDate": "2023-11-04"}, {"date": "2023-08-04", "symbol": "9537.T", "eps": 123.04, "epsEstimated": null, "time": "bmo", "revenue": 14621284000, "revenueEstimated": null, "fiscalDateEnding": "2023-06-30", "updatedFromDate": "2023-11-04"}, {"date": "2023-08-04", "symbol": "SIGL", "eps": null, "epsEstimated": null, "time": "bmo", "revenue": null, "revenueEstimated": null, "fiscalDateEnding": "2023-06-30", "updatedFromDate": "2023-10-17"}, {"date": "2023-08-04", "symbol": "3395.T", "eps": -1.69, "epsEstimated": null, "time": "bmo", "revenue": null, "revenueEstimated": 15500000, "fiscalDateEnding": "2023-12-30", "updatedFromDate": "2023-11-04"}, {"date": "2023-08-04", "symbol": "6197.TW", "eps": 1.57, "epsEstimated": null, "time": "bmo", "revenue": 1063732000, "revenueEstimated": null, "fiscalDateEnding": "2023-06-30", "updatedFromDate": "2023-11-04"}, {"date": "2023-08-04", "symbol": "SCANFL.HE", "eps": 0.22, "epsEstimated": 0.19, "time": "bmo", "revenue": 243300000, "revenueEstimated": 237330000, "fiscalDateEnding": "2023-06-30", "updatedFromDate": "2023-11-04"}, {"date": "2023-08-04", "symbol": "BSAC", "eps": 0.34, "epsEstimated": 0.35, "time": "bmo", "revenue": 527211000000, "revenueEstimated": null, "fiscalDateEnding": "2023-06-30", "updatedFromDate": "2023-11-03"}, {"date": "2023-08-04", "symbol": "AXL", "eps": 0.12, "epsEstimated": 0.08, "time": "bmo", "revenue": 1570700000, "revenueEstimated": 1583520000, "fiscalDateEnding": "2023-06-29", "updatedFromDate": "2023-11-03"}, {"date": "2023-08-04", "symbol": "DIC.AE", "eps": 0.06, "epsEstimated": 0.02857, "time": "bmo", "revenue": 715976000, "revenueEstimated": 802000000, "fiscalDateEnding": "2023-06-30", "updatedFromDate": "2023-11-04"}, {"date": "2023-08-04", "symbol": "INTT", "eps": 0.28, "epsEstimated": 0.27, "time": "bmo", "revenue": 32558000, "revenueEstimated": 32070000, "fiscalDateEnding": "2023-06-29", "updatedFromDate": "2023-11-03"}, {"date": "2023-08-04", "symbol": "5985.T", "eps": -16.93, "epsEstimated": null, "time": "bmo", "revenue": null, "revenueEstimated": null, "fiscalDateEnding": "2023-12-30", "updatedFromDate": "2023-11-04"}, {"date": "2023-08-04", "symbol": "7296.T", "eps": 58.32, "epsEstimated": null, "time": "bmo", "revenue": null, "revenueEstimated": 54350000, "fiscalDateEnding": "2023-12-30", "updatedFromDate": "2023-11-04"}, {"date": "2023-08-04", "symbol": "AI.TO", "eps": 0.33, "epsEstimated": 0.3, "time": "bmo", "revenue": 15451000, "revenueEstimated": null, "fiscalDateEnding": "2023-06-30", "updatedFromDate": "2023-11-04"}, {"date": "2023-08-04", "symbol": "SHO", "eps": 0.19, "epsEstimated": 0.14, "time": "bmo", "revenue": 276112000, "revenueEstimated": 275080000, "fiscalDateEnding": "2023-06-29", "updatedFromDate": "2023-11-03"}, {"date": "2023-08-04", "symbol": "BPF-UN.TO", "eps": 0.59, "epsEstimated": 0.41, "time": "bmo", "revenue": 12417000, "revenueEstimated": 12400000, "fiscalDateEnding": "2023-06-30", "updatedFromDate": "2023-11-04"}, {"date": "2023-08-04", "symbol": "ARBG", "eps": null, "epsEstimated": null, "time": "bmo", "revenue": null, "revenueEstimated": null, "fiscalDateEnding": "2023-06-30", "updatedFromDate": "2023-11-03"}, {"date": "2023-08-04", "symbol": "6182.TWO", "eps": 0.31, "epsEstimated": 0.55, "time": "bmo", "revenue": 2544029000, "revenueEstimated": null, "fiscalDateEnding": "2023-06-30", "updatedFromDate": "2023-11-04"}, {"date": "2023-08-04", "symbol": "BEP", "eps": -0.1, "epsEstimated": 0.08, "time": "bmo", "revenue": 1205000000, "revenueEstimated": null, "fiscalDateEnding": "2023-06-30", "updatedFromDate": "2023-11-03"}, {"date": "2023-08-04", "symbol": "8006.T", "eps": 76.11, "epsEstimated": null, "time": "bmo", "revenue": null, "revenueEstimated": null, "fiscalDateEnding": "2023-06-30", "updatedFromDate": "2023-11-04"}, {"date": "2023-08-04", "symbol": "1455.TW", "eps": -0.28, "epsEstimated": null, "time": "bmo", "revenue": 1735422000, "revenueEstimated": null, "fiscalDateEnding": "2023-06-30", "updatedFromDate": "2023-11-04"}, {"date": "2023-08-04", "symbol": "ZINC.JK", "eps": 0.514, "epsEstimated": null, "time": "bmo", "revenue": 120304398038, "revenueEstimated": null, "fiscalDateEnding": "2023-06-30", "updatedFromDate": "2023-11-04"}, {"date": "2023-08-04", "symbol": "LSXMB", "eps": 0.49, "epsEstimated": null, "time": "bmo", "revenue": 2250000000, "revenueEstimated": null, "fiscalDateEnding": "2023-06-29", "updatedFromDate": "2023-11-03"}, {"date": "2023-08-04", "symbol": "SFG.WA", "eps": 0.09, "epsEstimated": null, "time": "bmo", "revenue": 17266000, "revenueEstimated": null, "fiscalDateEnding": "2023-06-30", "updatedFromDate": "2023-11-04"}, {"date": "2023-08-04", "symbol": "CBK.DE", "eps": 0.45, "epsEstimated": 0.47, "time": "bmo", "revenue": 3291000000, "revenueEstimated": 2589640000, "fiscalDateEnding": "2023-06-30", "updatedFromDate": "2023-11-04"}, {"date": "2023-08-04", "symbol": "CAP.SN", "eps": -1.13, "epsEstimated": 0.28, "time": "bmo", "revenue": 690155000, "revenueEstimated": 620754000000, "fiscalDateEnding": "2023-06-30", "updatedFromDate": "2023-11-04"}, {"date": "2023-08-04", "symbol": "FNTN.DE", "eps": 0.21, "epsEstimated": 0.25, "time": "bmo", "revenue": 632100000, "revenueEstimated": 633920000, "fiscalDateEnding": "2023-06-30", "updatedFromDate": "2023-11-04"}, {"date": "2023-08-04", "symbol": "3836.T", "eps": 5.93, "epsEstimated": null, "time": "bmo", "revenue": null, "revenueEstimated": 5610000, "fiscalDateEnding": "2023-12-30", "updatedFromDate": "2023-11-04"}, {"date": "2023-08-04", "symbol": "035420.KS", "eps": 1735, "epsEstimated": 1695.05, "time": "bmo", "revenue": 2407904484960, "revenueEstimated": 2407900000, "fiscalDateEnding": "2023-06-30", "updatedFromDate": "2023-11-04"}, {"date": "2023-08-04", "symbol": "BEP-UN.TO", "eps": -0.1, "epsEstimated": -0.02125, "time": "bmo", "revenue": 1205000000, "revenueEstimated": 1580300000, "fiscalDateEnding": "2023-06-30", "updatedFromDate": "2023-11-04"}, {"date": "2023-08-04", "symbol": "600517.SS", "eps": 0.05229, "epsEstimated": null, "time": "bmo", "revenue": 2902164825.89, "revenueEstimated": null, "fiscalDateEnding": "2023-06-30", "updatedFromDate": "2023-11-04"}, {"date": "2023-08-04", "symbol": "NSARO", "eps": 0.0441, "epsEstimated": null, "time": "bmo", "revenue": 2629342000, "revenueEstimated": null, "fiscalDateEnding": "2023-06-29", "updatedFromDate": "2023-11-03"}, {"date": "2023-08-04", "symbol": "6592.TW", "eps": 1.57, "epsEstimated": 1.66, "time": "bmo", "revenue": 6920367000, "revenueEstimated": 7474000000, "fiscalDateEnding": "2023-06-30", "updatedFromDate": "2023-11-04"}, {"date": "2023-08-04", "symbol": "4800.T", "eps": 17.95, "epsEstimated": null, "time": "bmo", "revenue": null, "revenueEstimated": 1210000, "fiscalDateEnding": "2023-12-30", "updatedFromDate": "2023-11-04"}, {"date": "2023-08-04", "symbol": "MOBN.SW", "eps": null, "epsEstimated": null, "time": "bmo", "revenue": null, "revenueEstimated": null, "fiscalDateEnding": "2023-03-31", "updatedFromDate": "2023-07-03"}, {"date": "2023-08-04", "symbol": "CTARF", "eps": 7.28, "epsEstimated": null, "time": "bmo", "revenue": null, "revenueEstimated": null, "fiscalDateEnding": "2023-06-30", "updatedFromDate": "2023-11-03"}, {"date": "2023-08-04", "symbol": "IX", "eps": 1.96, "epsEstimated": null, "time": "bmo", "revenue": 441923000000, "revenueEstimated": null, "fiscalDateEnding": "2023-06-30", "updatedFromDate": "2023-11-03"}, {"date": "2023-08-04", "symbol": "8422.TW", "eps": 2.54, "epsEstimated": 2.35, "time": "bmo", "revenue": 1243455000, "revenueEstimated": 943330000, "fiscalDateEnding": "2023-06-30", "updatedFromDate": "2023-11-04"}, {"date": "2023-08-04", "symbol": "OPTOMED.HE", "eps": -0.08, "epsEstimated": -0.06, "time": "bmo", "revenue": 3744000, "revenueEstimated": 4000000, "fiscalDateEnding": "2023-06-30", "updatedFromDate": "2023-11-04"}, {"date": "2023-08-04", "symbol": "6787.T", "eps": 88.21, "epsEstimated": null, "time": "bmo", "revenue": null, "revenueEstimated": 35000000, "fiscalDateEnding": "2023-12-30", "updatedFromDate": "2023-11-04"}, {"date": "2023-08-04", "symbol": "9921.TW", "eps": 2.93, "epsEstimated": 2.48, "time": "bmo", "revenue": 22464071000, "revenueEstimated": 20385800000, "fiscalDateEnding": "2023-06-30", "updatedFromDate": "2023-11-04"}, {"date": "2023-08-04", "symbol": "BMPS.MI", "eps": 0.3, "epsEstimated": 0.14, "time": "bmo", "revenue": 972600000, "revenueEstimated": 881000000, "fiscalDateEnding": "2023-06-30", "updatedFromDate": "2023-11-04"}, {"date": "2023-08-04", "symbol": "PLZ-UN.TO", "eps": 0.1172, "epsEstimated": null, "time": "bmo", "revenue": 28463000, "revenueEstimated": null, "fiscalDateEnding": "2023-06-30", "updatedFromDate": "2023-11-04"}, {"date": "2023-08-04", "symbol": "AMRX", "eps": 0.19, "epsEstimated": 0.1, "time": "bmo", "revenue": 599046000, "revenueEstimated": 565410000, "fiscalDateEnding": "2023-06-29", "updatedFromDate": "2023-11-03"}, {"date": "2023-08-04", "symbol": "009240.KS", "eps": -25, "epsEstimated": -238.65, "time": "bmo", "revenue": 514793313000, "revenueEstimated": 484240000, "fiscalDateEnding": "2023-06-30", "updatedFromDate": "2023-11-04"}, {"date": "2023-08-04", "symbol": "6941.T", "eps": 16.76, "epsEstimated": null, "time": "bmo", "revenue": null, "revenueEstimated": 9000000, "fiscalDateEnding": "2023-12-30", "updatedFromDate": "2023-11-04"}, {"date": "2023-08-04", "symbol": "3034.T", "eps": 27.19, "epsEstimated": null, "time": "bmo", "revenue": null, "revenueEstimated": 43500000, "fiscalDateEnding": "2023-12-30", "updatedFromDate": "2023-11-04"}, {"date": "2023-08-04", "symbol": "CLMT", "eps": -0.19, "epsEstimated": -0.07, "time": "bmo", "revenue": 1017800000, "revenueEstimated": 1023080000, "fiscalDateEnding": "2023-06-29", "updatedFromDate": "2023-11-03"}, {"date": "2023-08-04", "symbol": "2449.TW", "eps": 1.26, "epsEstimated": 0.99, "time": "bmo", "revenue": 8167308000, "revenueEstimated": 7971880000, "fiscalDateEnding": "2023-06-30", "updatedFromDate": "2023-11-04"}, {"date": "2023-08-04", "symbol": "TU", "eps": 0.14, "epsEstimated": 0.18, "time": "bmo", "revenue": 4934000000, "revenueEstimated": 3684680000, "fiscalDateEnding": "2023-06-30", "updatedFromDate": "2023-11-03"}, {"date": "2023-08-04", "symbol": "603050.SS", "eps": 0.3117, "epsEstimated": null, "time": "bmo", "revenue": 811817842.2, "revenueEstimated": null, "fiscalDateEnding": "2023-06-30", "updatedFromDate": "2023-11-04"}, {"date": "2023-08-04", "symbol": "8425.T", "eps": 140.96, "epsEstimated": null, "time": "bmo", "revenue": null, "revenueEstimated": null, "fiscalDateEnding": "2023-12-30", "updatedFromDate": "2023-11-04"}, {"date": "2023-08-04", "symbol": "4224.T", "eps": 32.98, "epsEstimated": null, "time": "bmo", "revenue": null, "revenueEstimated": null, "fiscalDateEnding": "2023-12-30", "updatedFromDate": "2023-11-04"}, {"date": "2023-08-04", "symbol": "TNC", "eps": 1.86, "epsEstimated": 1.16, "time": "bmo", "revenue": 321700000, "revenueEstimated": 291670000, "fiscalDateEnding": "2023-06-29", "updatedFromDate": "2023-11-03"}, {"date": "2023-08-04", "symbol": "8113.T", "eps": 30.63, "epsEstimated": 28.24, "time": "bmo", "revenue": 233098000000, "revenueEstimated": 237320000, "fiscalDateEnding": "2023-06-30", "updatedFromDate": "2023-11-04"}, {"date": "2023-08-04", "symbol": "BRKA.VI", "eps": 24774.72, "epsEstimated": null, "time": "bmo", "revenue": 125564000000, "revenueEstimated": null, "fiscalDateEnding": "2023-06-30", "updatedFromDate": "2023-11-04"}, {"date": "2023-08-04", "symbol": "SBID.L", "eps": null, "epsEstimated": null, "time": "bmo", "revenue": null, "revenueEstimated": null, "fiscalDateEnding": "2023-12-30", "updatedFromDate": "2023-11-04"}, {"date": "2023-08-04", "symbol": "1301.T", "eps": 170.48, "epsEstimated": null, "time": "bmo", "revenue": null, "revenueEstimated": null, "fiscalDateEnding": "2023-12-30", "updatedFromDate": "2023-11-04"}, {"date": "2023-08-04", "symbol": "6244.TWO", "eps": 0.06, "epsEstimated": null, "time": "bmo", "revenue": 826802000, "revenueEstimated": 1162940000, "fiscalDateEnding": "2023-06-30", "updatedFromDate": "2023-11-04"}, {"date": "2023-08-04", "symbol": "SYNACT.ST", "eps": -1.36737, "epsEstimated": null, "time": "bmo", "revenue": null, "revenueEstimated": null, "fiscalDateEnding": "2023-06-30", "updatedFromDate": "2023-11-04"}, {"date": "2023-08-04", "symbol": "7089.T", "eps": 20.21, "epsEstimated": null, "time": "bmo", "revenue": null, "revenueEstimated": null, "fiscalDateEnding": "2023-12-30", "updatedFromDate": "2023-11-04"}, {"date": "2023-08-04", "symbol": "IESC", "eps": 1.08, "epsEstimated": null, "time": "bmo", "revenue": 584451000, "revenueEstimated": null, "fiscalDateEnding": "2023-06-29", "updatedFromDate": "2023-11-03"}, {"date": "2023-08-04", "symbol": "5903.TWO", "eps": 2.25, "epsEstimated": 2.65, "time": "bmo", "revenue": 24718205000, "revenueEstimated": 23480000000, "fiscalDateEnding": "2023-06-30", "updatedFromDate": "2023-11-04"}, {"date": "2023-08-04", "symbol": "4565.T", "eps": -8.01, "epsEstimated": null, "time": "bmo", "revenue": 1203000000, "revenueEstimated": 678000, "fiscalDateEnding": "2023-06-30", "updatedFromDate": "2023-11-04"}, {"date": "2023-08-04", "symbol": "8031.HK", "eps": 0.004, "epsEstimated": null, "time": "bmo", "revenue": 18102000, "revenueEstimated": null, "fiscalDateEnding": "2023-06-30", "updatedFromDate": "2023-11-04"}, {"date": "2023-08-04", "symbol": "KLBF.JK", "eps": 14.47, "epsEstimated": 20.28, "time": "bmo", "revenue": 7309768475563, "revenueEstimated": null, "fiscalDateEnding": "2023-06-30", "updatedFromDate": "2023-11-04"}, {"date": "2023-08-04", "symbol": "8558.T", "eps": 11.27, "epsEstimated": null, "time": "bmo", "revenue": null, "revenueEstimated": null, "fiscalDateEnding": "2023-12-30", "updatedFromDate": "2023-11-04"}, {"date": "2023-08-04", "symbol": "300638.SZ", "eps": 0.2134, "epsEstimated": null, "time": "bmo", "revenue": 2052428344.89, "revenueEstimated": null, "fiscalDateEnding": "2023-06-30", "updatedFromDate": "2023-11-04"}, {"date": "2023-08-04", "symbol": "GBTC", "eps": null, "epsEstimated": null, "time": "bmo", "revenue": null, "revenueEstimated": null, "fiscalDateEnding": "2023-03-31", "updatedFromDate": "2023-11-03"}, {"date": "2023-08-04", "symbol": "UUUU", "eps": -0.03, "epsEstimated": -0.05, "time": "bmo", "revenue": 6863000, "revenueEstimated": 1000000, "fiscalDateEnding": "2023-06-29", "updatedFromDate": "2023-11-03"}, {"date": "2023-08-04", "symbol": "TOKMAN.HE", "eps": 0.33, "epsEstimated": 0.34, "time": "bmo", "revenue": 318900000, "revenueEstimated": 324120000, "fiscalDateEnding": "2023-06-30", "updatedFromDate": "2023-11-04"}, {"date": "2023-08-04", "symbol": "BEC.SI", "eps": null, "epsEstimated": null, "time": "bmo", "revenue": null, "revenueEstimated": null, "fiscalDateEnding": "2023-06-30", "updatedFromDate": "2023-11-04"}, {"date": "2023-08-04", "symbol": "LYB", "eps": 2.44, "epsEstimated": 2.28, "time": "bmo", "revenue": 10306000000, "revenueEstimated": 10790500000, "fiscalDateEnding": "2023-06-29", "updatedFromDate": "2023-11-03"}, {"date": "2023-08-04", "symbol": "BSDE.JK", "eps": 15.15, "epsEstimated": 19.37, "time": "bmo", "revenue": 2122297420117, "revenueEstimated": 2544740000, "fiscalDateEnding": "2023-06-30", "updatedFromDate": "2023-11-04"}, {"date": "2023-08-04", "symbol": "FWONB", "eps": 0.41, "epsEstimated": null, "time": "bmo", "revenue": 724000000, "revenueEstimated": null, "fiscalDateEnding": "2023-06-29", "updatedFromDate": "2023-11-03"}, {"date": "2023-08-04", "symbol": "3714.TW", "eps": -1.22, "epsEstimated": -1.04, "time": "bmo", "revenue": 5843987000, "revenueEstimated": 6989100000, "fiscalDateEnding": "2023-06-30", "updatedFromDate": "2023-11-04"}, {"date": "2023-08-04", "symbol": "6986.T", "eps": -28.55, "epsEstimated": null, "time": "bmo", "revenue": null, "revenueEstimated": null, "fiscalDateEnding": "2023-12-30", "updatedFromDate": "2023-11-04"}, {"date": "2023-08-04", "symbol": "9305.T", "eps": 119.44, "epsEstimated": null, "time": "bmo", "revenue": null, "revenueEstimated": null, "fiscalDateEnding": "2023-12-30", "updatedFromDate": "2023-11-04"}, {"date": "2023-08-04", "symbol": "CLTN.SW", "eps": null, "epsEstimated": null, "time": "bmo", "revenue": null, "revenueEstimated": null, "fiscalDateEnding": "2023-03-31", "updatedFromDate": "2023-07-03"}, {"date": "2023-08-04", "symbol": "UNS.TO", "eps": null, "epsEstimated": 0.75, "time": "bmo", "revenue": null, "revenueEstimated": 623400000, "fiscalDateEnding": "2023-06-30", "updatedFromDate": "2023-11-04"}, {"date": "2023-08-04", "symbol": "000990.KS", "eps": 1897, "epsEstimated": 1959.75, "time": "bmo", "revenue": 308817374000, "revenueEstimated": 330000000, "fiscalDateEnding": "2023-06-30", "updatedFromDate": "2023-11-04"}, {"date": "2023-08-04", "symbol": "AVIA.JK", "eps": 6.29, "epsEstimated": 6.4, "time": "bmo", "revenue": null, "revenueEstimated": null, "fiscalDateEnding": "2023-06-30", "updatedFromDate": "2023-11-04"}, {"date": "2023-08-04", "symbol": "TRIG.L", "eps": null, "epsEstimated": null, "time": "bmo", "revenue": null, "revenueEstimated": null, "fiscalDateEnding": "2023-06-30", "updatedFromDate": "2023-11-04"}, {"date": "2023-08-04", "symbol": "7192.T", "eps": 17.19, "epsEstimated": null, "time": "bmo", "revenue": null, "revenueEstimated": null, "fiscalDateEnding": "2023-12-30", "updatedFromDate": "2023-11-04"}, {"date": "2023-08-04", "symbol": "2112.T", "eps": 32.52, "epsEstimated": null, "time": "bmo", "revenue": null, "revenueEstimated": null, "fiscalDateEnding": "2023-12-30", "updatedFromDate": "2023-11-04"}, {"date": "2023-08-04", "symbol": "2220.T", "eps": 37.8, "epsEstimated": null, "time": "bmo", "revenue": null, "revenueEstimated": 25565000, "fiscalDateEnding": "2023-12-30", "updatedFromDate": "2023-11-04"}, {"date": "2023-08-04", "symbol": "1717.T", "eps": null, "epsEstimated": null, "time": "bmo", "revenue": null, "revenueEstimated": null, "fiscalDateEnding": "2023-12-30", "updatedFromDate": "2023-11-04"}, {"date": "2023-08-04", "symbol": "NHC", "eps": 0.89, "epsEstimated": null, "time": "bmo", "revenue": 282582000, "revenueEstimated": null, "fiscalDateEnding": "2023-06-29", "updatedFromDate": "2023-11-03"}, {"date": "2023-08-04", "symbol": "CHILE.SN", "eps": 3.29, "epsEstimated": 1.6, "time": "bmo", "revenue": 673679000000, "revenueEstimated": 522000000, "fiscalDateEnding": "2023-06-30", "updatedFromDate": "2023-11-04"}, {"date": "2023-08-04", "symbol": "CNK", "eps": 0.8, "epsEstimated": 0.55, "time": "bmo", "revenue": 942300000, "revenueEstimated": 869230000, "fiscalDateEnding": "2023-06-29", "updatedFromDate": "2023-11-03"}, {"date": "2023-08-04", "symbol": "GPRE", "eps": -0.89, "epsEstimated": 0.05, "time": "bmo", "revenue": 857632000, "revenueEstimated": 811040000, "fiscalDateEnding": "2023-06-29", "updatedFromDate": "2023-11-03"}, {"date": "2023-08-04", "symbol": "LBRDA", "eps": 1.71, "epsEstimated": 1.57, "time": "bmo", "revenue": 245000000, "revenueEstimated": 245840000, "fiscalDateEnding": "2023-06-29", "updatedFromDate": "2023-11-03"}, {"date": "2023-08-04", "symbol": "SZKMY", "eps": 4, "epsEstimated": null, "time": "--", "revenue": null, "revenueEstimated": null, "fiscalDateEnding": "2023-12-30", "updatedFromDate": "2023-11-03"}, {"date": "2023-08-04", "symbol": "QRTEB", "eps": -0.03, "epsEstimated": null, "time": "bmo", "revenue": 2649000000, "revenueEstimated": null, "fiscalDateEnding": "2023-06-29", "updatedFromDate": "2023-11-03"}, {"date": "2023-08-04", "symbol": "2376.T", "eps": 21.59, "epsEstimated": null, "time": "bmo", "revenue": null, "revenueEstimated": null, "fiscalDateEnding": "2023-12-30", "updatedFromDate": "2023-11-04"}, {"date": "2023-08-04", "symbol": "NHIQ", "eps": null, "epsEstimated": null, "time": "--", "revenue": null, "revenueEstimated": null, "fiscalDateEnding": "2023-03-31", "updatedFromDate": "2023-11-20"}, {"date": "2023-08-04", "symbol": "CIA", "eps": 0.12, "epsEstimated": null, "time": "bmo", "revenue": 58527000, "revenueEstimated": null, "fiscalDateEnding": "2023-06-29", "updatedFromDate": "2023-11-03"}, {"date": "2023-08-04", "symbol": "HIRU", "eps": null, "epsEstimated": null, "time": "bmo", "revenue": null, "revenueEstimated": null, "fiscalDateEnding": "2023-03-31", "updatedFromDate": "2023-11-03"}, {"date": "2023-08-04", "symbol": "3864.T", "eps": 20.96, "epsEstimated": null, "time": "bmo", "revenue": null, "revenueEstimated": 48000000, "fiscalDateEnding": "2023-12-30", "updatedFromDate": "2023-11-04"}, {"date": "2023-08-04", "symbol": "FRHC", "eps": 0.99, "epsEstimated": null, "time": "bmo", "revenue": 313453000, "revenueEstimated": null, "fiscalDateEnding": "2023-06-29", "updatedFromDate": "2023-11-03"}, {"date": "2023-08-04", "symbol": "2599.T", "eps": 61.08, "epsEstimated": null, "time": "bmo", "revenue": null, "revenueEstimated": null, "fiscalDateEnding": "2023-12-30", "updatedFromDate": "2023-11-03"}, {"date": "2023-08-04", "symbol": "ANG.JO", "eps": -0.06051, "epsEstimated": 0.62, "time": "bmo", "revenue": 1158000000, "revenueEstimated": null, "fiscalDateEnding": "2023-06-30", "updatedFromDate": "2023-11-04"}, {"date": "2023-08-04", "symbol": "ESVIF", "eps": 0.05568, "epsEstimated": null, "time": "bmo", "revenue": 432770000, "revenueEstimated": null, "fiscalDateEnding": "2023-06-30", "updatedFromDate": "2023-11-03"}, {"date": "2023-08-04", "symbol": "5970.T", "eps": 63.82, "epsEstimated": null, "time": "bmo", "revenue": null, "revenueEstimated": null, "fiscalDateEnding": "2023-12-30", "updatedFromDate": "2023-11-04"}, {"date": "2023-08-04", "symbol": "3679.TW", "eps": 4.33, "epsEstimated": null, "time": "bmo", "revenue": 885778000, "revenueEstimated": null, "fiscalDateEnding": "2023-06-30", "updatedFromDate": "2023-11-04"}, {"date": "2023-08-04", "symbol": "IAG.TO", "eps": 2.39, "epsEstimated": 2.29, "time": "bmo", "revenue": 2068000000, "revenueEstimated": null, "fiscalDateEnding": "2023-06-30", "updatedFromDate": "2023-11-04"}, {"date": "2023-08-04", "symbol": "7841.T", "eps": 32.44, "epsEstimated": null, "time": "bmo", "revenue": 3978656000, "revenueEstimated": null, "fiscalDateEnding": "2023-06-30", "updatedFromDate": "2023-11-04"}, {"date": "2023-08-04", "symbol": "4921.T", "eps": 18.11, "epsEstimated": 14.24, "time": "bmo", "revenue": null, "revenueEstimated": 26670000, "fiscalDateEnding": "2023-12-30", "updatedFromDate": "2023-11-04"}, {"date": "2023-08-04", "symbol": "000155.SZ", "eps": 0.1239, "epsEstimated": null, "time": "bmo", "revenue": 856766127.14, "revenueEstimated": null, "fiscalDateEnding": "2023-06-30", "updatedFromDate": "2023-11-04"}, {"date": "2023-08-04", "symbol": "HMPRO.BK", "eps": 0.12, "epsEstimated": 0.12, "time": "bmo", "revenue": 18252427000, "revenueEstimated": null, "fiscalDateEnding": "2023-06-30", "updatedFromDate": "2023-10-29"}, {"date": "2023-08-04", "symbol": "BDGI.TO", "eps": 0.32, "epsEstimated": 0.33, "time": "bmo", "revenue": 171886000, "revenueEstimated": 137030000, "fiscalDateEnding": "2023-06-30", "updatedFromDate": "2023-11-04"}, {"date": "2023-08-04", "symbol": "2904.T", "eps": -4.93, "epsEstimated": null, "time": "bmo", "revenue": null, "revenueEstimated": null, "fiscalDateEnding": "2023-12-30", "updatedFromDate": "2023-11-04"}, {"date": "2023-08-04", "symbol": "1726.T", "eps": 0.51, "epsEstimated": null, "time": "bmo", "revenue": null, "revenueEstimated": null, "fiscalDateEnding": "2023-12-30", "updatedFromDate": "2023-11-04"}, {"date": "2023-08-04", "symbol": "1785.TWO", "eps": 0.77, "epsEstimated": 0.54, "time": "bmo", "revenue": 5755110000, "revenueEstimated": 7141500000, "fiscalDateEnding": "2023-06-30", "updatedFromDate": "2023-11-04"}, {"date": "2023-08-04", "symbol": "7955.T", "eps": 9.3, "epsEstimated": null, "time": "bmo", "revenue": null, "revenueEstimated": null, "fiscalDateEnding": "2023-12-30", "updatedFromDate": "2023-11-04"}, {"date": "2023-08-04", "symbol": "AU", "eps": 0.17, "epsEstimated": 0.32, "time": "bmo", "revenue": 1158000000, "revenueEstimated": null, "fiscalDateEnding": "2023-06-30", "updatedFromDate": "2023-11-03"}, {"date": "2023-08-04", "symbol": "6768.T", "eps": 0.32, "epsEstimated": 0.6, "time": "bmo", "revenue": null, "revenueEstimated": 23980000, "fiscalDateEnding": "2023-12-30", "updatedFromDate": "2023-11-04"}, {"date": "2023-08-04", "symbol": "6962.T", "eps": 13.62, "epsEstimated": null, "time": "bmo", "revenue": null, "revenueEstimated": 9450000, "fiscalDateEnding": "2023-12-30", "updatedFromDate": "2023-11-04"}, {"date": "2023-08-04", "symbol": "DFY.TO", "eps": 0.56, "epsEstimated": 0.45, "time": "bmo", "revenue": 902600000, "revenueEstimated": 898000000, "fiscalDateEnding": "2023-06-30", "updatedFromDate": "2023-11-04"}, {"date": "2023-08-04", "symbol": "DPSGY", "eps": 0.8, "epsEstimated": 0.75, "time": "bmo", "revenue": 20094000000, "revenueEstimated": null, "fiscalDateEnding": "2023-06-30", "updatedFromDate": "2023-11-03"}, {"date": "2023-08-04", "symbol": "600703.SS", "eps": -0.01, "epsEstimated": -0.0032, "time": "bmo", "revenue": 3561779142.97, "revenueEstimated": null, "fiscalDateEnding": "2023-06-30", "updatedFromDate": "2023-11-04"}, {"date": "2023-08-04", "symbol": "BBSEY", "eps": 0.19, "epsEstimated": 0.18, "time": "--", "revenue": 1204023000, "revenueEstimated": null, "fiscalDateEnding": "2023-06-30", "updatedFromDate": "2023-11-03"}, {"date": "2023-08-04", "symbol": "1452.TW", "eps": 0.04, "epsEstimated": null, "time": "bmo", "revenue": 279273000, "revenueEstimated": null, "fiscalDateEnding": "2023-06-30", "updatedFromDate": "2023-11-04"}, {"date": "2023-08-04", "symbol": "TAC", "eps": 0.17, "epsEstimated": 0.1264, "time": "bmo", "revenue": 625000000, "revenueEstimated": 413220000, "fiscalDateEnding": "2023-06-30", "updatedFromDate": "2023-11-03"}, {"date": "2023-08-04", "symbol": "2372.T", "eps": 73.59, "epsEstimated": null, "time": "bmo", "revenue": null, "revenueEstimated": null, "fiscalDateEnding": "2023-12-30", "updatedFromDate": "2023-11-04"}, {"date": "2023-08-04", "symbol": "7917.T", "eps": 103.75, "epsEstimated": 36.1, "time": "bmo", "revenue": null, "revenueEstimated": 32000000, "fiscalDateEnding": "2023-12-30", "updatedFromDate": "2023-11-04"}, {"date": "2023-08-04", "symbol": "MOBN.SW", "eps": null, "epsEstimated": null, "time": "bmo", "revenue": null, "revenueEstimated": null, "fiscalDateEnding": "2023-06-29", "updatedFromDate": "2023-11-04"}, {"date": "2023-08-04", "symbol": "AMR", "eps": 12.16, "epsEstimated": 12.69, "time": "bmo", "revenue": 858371000, "revenueEstimated": 833690000, "fiscalDateEnding": "2023-06-29", "updatedFromDate": "2023-11-03"}, {"date": "2023-08-04", "symbol": "BBDC4.SA", "eps": 0.42, "epsEstimated": 0.42, "time": "bmo", "revenue": 24516954000, "revenueEstimated": 30791800000, "fiscalDateEnding": "2023-06-30", "updatedFromDate": "2023-11-04"}, {"date": "2023-08-04", "symbol": "8215.TW", "eps": 0.44, "epsEstimated": 0.5, "time": "bmo", "revenue": 4635046000, "revenueEstimated": 5027670000, "fiscalDateEnding": "2023-06-30", "updatedFromDate": "2023-11-04"}, {"date": "2023-08-04", "symbol": "FUBO", "eps": -0.12, "epsEstimated": -0.23, "time": "bmo", "revenue": 312735000, "revenueEstimated": 302110000, "fiscalDateEnding": "2023-06-29", "updatedFromDate": "2023-11-03"}, {"date": "2023-08-04", "symbol": "ERO.TO", "eps": 0.33, "epsEstimated": 0.36, "time": "bmo", "revenue": 104929000, "revenueEstimated": 145990000, "fiscalDateEnding": "2023-06-30", "updatedFromDate": "2023-11-04"}, {"date": "2023-08-04", "symbol": "SRTG.JK", "eps": -571.68488, "epsEstimated": null, "time": "bmo", "revenue": -8302254000000, "revenueEstimated": null, "fiscalDateEnding": "2023-06-30", "updatedFromDate": "2023-11-04"}, {"date": "2023-08-04", "symbol": "300997.SZ", "eps": null, "epsEstimated": null, "time": "bmo", "revenue": null, "revenueEstimated": null, "fiscalDateEnding": "2023-06-30", "updatedFromDate": "2023-11-04"}, {"date": "2023-08-04", "symbol": "600572.SS", "eps": 0.08908, "epsEstimated": null, "time": "bmo", "revenue": 1634000231.92, "revenueEstimated": null, "fiscalDateEnding": "2023-06-30", "updatedFromDate": "2023-11-04"}, {"date": "2023-08-04", "symbol": "VNA.DE", "eps": 0.72, "epsEstimated": 0.55, "time": "bmo", "revenue": 1379200000, "revenueEstimated": 818710000, "fiscalDateEnding": "2023-06-30", "updatedFromDate": "2023-11-04"}, {"date": "2023-08-04", "symbol": "EAF", "eps": -0.02, "epsEstimated": -0.01467, "time": "bmo", "revenue": 185561000, "revenueEstimated": 177330000, "fiscalDateEnding": "2023-06-29", "updatedFromDate": "2023-11-03"}, {"date": "2023-08-04", "symbol": "BPOST.BR", "eps": 0.23, "epsEstimated": 0.19, "time": "bmo", "revenue": 1018200000, "revenueEstimated": 1004980000, "fiscalDateEnding": "2023-06-30", "updatedFromDate": "2023-11-04"}, {"date": "2023-08-04", "symbol": "MAPMYINDIA.NS", "eps": 5.86, "epsEstimated": 5, "time": "bmo", "revenue": null, "revenueEstimated": null, "fiscalDateEnding": "2023-12-30", "updatedFromDate": "2023-11-04"}, {"date": "2023-08-05", "symbol": "BRK-A", "eps": 6928.4, "epsEstimated": 5552.56, "time": "bmo", "revenue": 125564000000, "revenueEstimated": 82122500000, "fiscalDateEnding": "2023-06-29", "updatedFromDate": "2023-11-05"}, {"date": "2023-08-05", "symbol": "688083.SS", "eps": 0.13, "epsEstimated": 0.02476, "time": "bmo", "revenue": 160077771.32, "revenueEstimated": 147170000, "fiscalDateEnding": "2023-06-30", "updatedFromDate": "2023-11-05"}, {"date": "2023-08-05", "symbol": "MAIN.JK", "eps": 18.88, "epsEstimated": null, "time": "bmo", "revenue": 2971627248000, "revenueEstimated": null, "fiscalDateEnding": "2023-06-30", "updatedFromDate": "2023-11-05"}, {"date": "2023-08-05", "symbol": "IGN.CN", "eps": -0.0003, "epsEstimated": null, "time": "bmo", "revenue": 36220, "revenueEstimated": null, "fiscalDateEnding": "2023-06-30", "updatedFromDate": "2023-11-05"}, {"date": "2023-08-05", "symbol": "TEGA.NS", "eps": null, "epsEstimated": null, "time": "bmo", "revenue": null, "revenueEstimated": null, "fiscalDateEnding": "2023-12-30", "updatedFromDate": "2023-11-05"}, {"date": "2023-08-05", "symbol": "BRK-B", "eps": 4.62, "epsEstimated": 3.87, "time": "bmo", "revenue": 125564000000, "revenueEstimated": 80575900000, "fiscalDateEnding": "2023-06-29", "updatedFromDate": "2023-11-05"}, {"date": "2023-08-05", "symbol": "BRH.DE", "eps": 782.4, "epsEstimated": null, "time": "bmo", "revenue": 125564000000, "revenueEstimated": null, "fiscalDateEnding": "2023-06-30", "updatedFromDate": "2023-11-05"}, {"date": "2023-08-05", "symbol": "RMD.AX", "eps": 0.16, "epsEstimated": 0.16, "time": "bmo", "revenue": 1122057000, "revenueEstimated": null, "fiscalDateEnding": "2023-06-30", "updatedFromDate": "2023-11-05"}, {"date": "2023-08-05", "symbol": "300146.SZ", "eps": 0.3, "epsEstimated": 0.23, "time": "bmo", "revenue": 2487903124.73, "revenueEstimated": 2269500000, "fiscalDateEnding": "2023-06-30", "updatedFromDate": "2023-11-05"}]}