{"result": [{"date": "2023-05-05", "symbol": "VAIAS.HE", "eps": 0.26, "epsEstimated": 0.38, "time": "bmo", "revenue": 131800000, "revenueEstimated": 128500000, "fiscalDateEnding": "2023-03-31", "updatedFromDate": "2023-08-05"}, {"date": "2023-05-05", "symbol": "CYAD.BR", "eps": null, "epsEstimated": null, "time": "bmo", "revenue": null, "revenueEstimated": null, "fiscalDateEnding": "2022-12-31", "updatedFromDate": "2023-07-03"}, {"date": "2023-05-05", "symbol": "FWONA", "eps": -0.58, "epsEstimated": -0.03, "time": "bmo", "revenue": 381000000, "revenueEstimated": 386300000, "fiscalDateEnding": "2023-03-30", "updatedFromDate": "2023-09-29"}, {"date": "2023-05-05", "symbol": "TILE", "eps": 0.07, "epsEstimated": 0.11, "time": "bmo", "revenue": 295792000, "revenueEstimated": 297350000, "fiscalDateEnding": "2023-04-01", "updatedFromDate": "2023-11-28"}, {"date": "2023-05-05", "symbol": "8341.TW", "eps": 1.2, "epsEstimated": 1.51, "time": "bmo", "revenue": 828959000, "revenueEstimated": 857000000, "fiscalDateEnding": "2023-03-31", "updatedFromDate": "2023-08-05"}, {"date": "2023-05-05", "symbol": "ALZCUR.ST", "eps": -0.14952, "epsEstimated": null, "time": "bmo", "revenue": null, "revenueEstimated": null, "fiscalDateEnding": "2023-03-31", "updatedFromDate": "2023-08-05"}, {"date": "2023-05-05", "symbol": "BH.A", "eps": 222.28, "epsEstimated": null, "time": "bmo", "revenue": null, "revenueEstimated": null, "fiscalDateEnding": "2023-03-31", "updatedFromDate": "2023-09-29"}, {"date": "2023-05-05", "symbol": "002812.SZ", "eps": 0.73, "epsEstimated": 1.55, "time": "bmo", "revenue": 2568465530.97, "revenueEstimated": 4090510000, "fiscalDateEnding": "2023-03-31", "updatedFromDate": "2023-07-29"}, {"date": "2023-05-05", "symbol": "EQT.L", "eps": null, "epsEstimated": null, "time": "bmo", "revenue": null, "revenueEstimated": null, "fiscalDateEnding": "2023-02-05", "updatedFromDate": "2023-10-16"}, {"date": "2023-05-05", "symbol": "CAF.PA", "eps": null, "epsEstimated": null, "time": "bmo", "revenue": null, "revenueEstimated": null, "fiscalDateEnding": "2022-12-31", "updatedFromDate": "2023-07-03"}, {"date": "2023-05-05", "symbol": "AGHOL.IS", "eps": 9.07, "epsEstimated": null, "time": "bmo", "revenue": 56358089000, "revenueEstimated": null, "fiscalDateEnding": "2023-03-31", "updatedFromDate": "2023-08-05"}, {"date": "2023-05-05", "symbol": "CCRO3.SA", "eps": 0.31, "epsEstimated": 0.23, "time": "bmo", "revenue": 4386851000, "revenueEstimated": 3864480000, "fiscalDateEnding": "2023-03-31", "updatedFromDate": "2023-08-05"}, {"date": "2023-05-05", "symbol": "MILDEF.ST", "eps": 0.4045, "epsEstimated": null, "time": "bmo", "revenue": 283200000, "revenueEstimated": null, "fiscalDateEnding": "2023-03-31", "updatedFromDate": "2023-08-05"}, {"date": "2023-05-05", "symbol": "SLBK", "eps": null, "epsEstimated": null, "time": "bmo", "revenue": null, "revenueEstimated": null, "fiscalDateEnding": "2023-03-31", "updatedFromDate": "2023-08-04"}, {"date": "2023-05-05", "symbol": "PBF", "eps": 2.76, "epsEstimated": 2.58, "time": "bmo", "revenue": 9295000000, "revenueEstimated": 8391210000, "fiscalDateEnding": "2023-03-30", "updatedFromDate": "2023-09-29"}, {"date": "2023-05-05", "symbol": "EDPFY", "eps": 0.78, "epsEstimated": null, "time": "bmo", "revenue": 4483505000, "revenueEstimated": null, "fiscalDateEnding": "2023-03-31", "updatedFromDate": "2023-09-29"}, {"date": "2023-05-05", "symbol": "2059.TW", "eps": 4.8, "epsEstimated": 5.3, "time": "bmo", "revenue": 1161307000, "revenueEstimated": 1392670000, "fiscalDateEnding": "2023-03-31", "updatedFromDate": "2023-08-05"}, {"date": "2023-05-05", "symbol": "ORGC.ST", "eps": -0.01, "epsEstimated": -0.05, "time": "bmo", "revenue": 43484000, "revenueEstimated": 51000000, "fiscalDateEnding": "2023-03-31", "updatedFromDate": "2023-08-05"}, {"date": "2023-05-05", "symbol": "INCOAX.ST", "eps": -0.04518, "epsEstimated": null, "time": "bmo", "revenue": 12931661, "revenueEstimated": null, "fiscalDateEnding": "2023-03-31", "updatedFromDate": "2023-08-05"}, {"date": "2023-05-05", "symbol": "ADS.DE", "eps": -0.18, "epsEstimated": -0.11, "time": "bmo", "revenue": 5274000000, "revenueEstimated": 5041480000, "fiscalDateEnding": "2023-03-31", "updatedFromDate": "2023-08-16"}, {"date": "2023-05-05", "symbol": "000729.SZ", "eps": 0.02, "epsEstimated": 0.02, "time": "bmo", "revenue": 3526175264.83, "revenueEstimated": null, "fiscalDateEnding": "2023-03-31", "updatedFromDate": "2023-08-16"}, {"date": "2023-05-05", "symbol": "AFLYY", "eps": -0.15, "epsEstimated": null, "time": "bmo", "revenue": 6329000000, "revenueEstimated": null, "fiscalDateEnding": "2023-03-31", "updatedFromDate": "2023-09-29"}, {"date": "2023-05-05", "symbol": "VIIA3.SA", "eps": -0.19, "epsEstimated": -0.05, "time": "bmo", "revenue": 7354000000, "revenueEstimated": 8147640000, "fiscalDateEnding": "2023-03-31", "updatedFromDate": "2023-08-16"}, {"date": "2023-05-05", "symbol": "4755.TW", "eps": 0.95, "epsEstimated": 1.02, "time": "bmo", "revenue": 1200126000, "revenueEstimated": null, "fiscalDateEnding": "2023-03-31", "updatedFromDate": "2023-08-16"}, {"date": "2023-05-05", "symbol": "5483.TWO", "eps": 4.18, "epsEstimated": 4.21, "time": "bmo", "revenue": 20903549000, "revenueEstimated": 22019000000, "fiscalDateEnding": "2023-03-31", "updatedFromDate": "2023-08-16"}, {"date": "2023-05-05", "symbol": "1525.TW", "eps": 2.62, "epsEstimated": null, "time": "bmo", "revenue": 455055000, "revenueEstimated": 278930000, "fiscalDateEnding": "2023-03-31", "updatedFromDate": "2023-08-25"}, {"date": "2023-05-05", "symbol": "4956.TW", "eps": -0.25, "epsEstimated": null, "time": "bmo", "revenue": 299934000, "revenueEstimated": null, "fiscalDateEnding": "2023-03-31", "updatedFromDate": "2023-08-17"}, {"date": "2023-05-05", "symbol": "PLL", "eps": -0.47, "epsEstimated": -0.44, "time": "bmo", "revenue": null, "revenueEstimated": null, "fiscalDateEnding": "2023-03-30", "updatedFromDate": "2023-10-10"}, {"date": "2023-05-05", "symbol": "ABB.NS", "eps": 11.56, "epsEstimated": 8.7, "time": "bmo", "revenue": 23959400000, "revenueEstimated": null, "fiscalDateEnding": "2023-03-31", "updatedFromDate": "2023-08-16"}, {"date": "2023-05-05", "symbol": "3041.TW", "eps": -0.64029, "epsEstimated": null, "time": "bmo", "revenue": 392071000, "revenueEstimated": null, "fiscalDateEnding": "2023-03-31", "updatedFromDate": "2023-08-16"}, {"date": "2023-05-05", "symbol": "8069.TWO", "eps": 1.52, "epsEstimated": 1.94, "time": "bmo", "revenue": 7229676000, "revenueEstimated": 8598930000, "fiscalDateEnding": "2023-03-31", "updatedFromDate": "2023-08-16"}, {"date": "2023-05-05", "symbol": "3557.TW", "eps": 2, "epsEstimated": 2.8, "time": "bmo", "revenue": 1473417000, "revenueEstimated": null, "fiscalDateEnding": "2023-03-31", "updatedFromDate": "2023-08-16"}, {"date": "2023-05-05", "symbol": "SCATC.OL", "eps": -1.02, "epsEstimated": 0.29, "time": "bmo", "revenue": 841000000, "revenueEstimated": 908500000, "fiscalDateEnding": "2023-03-31", "updatedFromDate": "2023-08-16"}, {"date": "2023-05-05", "symbol": "002601.SZ", "eps": 0.24, "epsEstimated": null, "time": "bmo", "revenue": 6977004052.05, "revenueEstimated": null, "fiscalDateEnding": "2023-03-31", "updatedFromDate": "2023-08-16"}, {"date": "2023-05-05", "symbol": "UUUU", "eps": -0.01, "epsEstimated": 0.53, "time": "bmo", "revenue": 19613000, "revenueEstimated": 19500000, "fiscalDateEnding": "2023-03-30", "updatedFromDate": "2023-09-29"}, {"date": "2023-05-05", "symbol": "5608.TW", "eps": -0.55742, "epsEstimated": null, "time": "bmo", "revenue": 862893000, "revenueEstimated": 1299170000, "fiscalDateEnding": "2023-03-31", "updatedFromDate": "2023-08-16"}, {"date": "2023-05-05", "symbol": "G1A.DE", "eps": 0.54, "epsEstimated": 0.43, "time": "bmo", "revenue": 1270868000, "revenueEstimated": 1218420000, "fiscalDateEnding": "2023-03-31", "updatedFromDate": "2023-08-16"}, {"date": "2023-05-05", "symbol": "ARKAY", "eps": 2.33, "epsEstimated": null, "time": "bmo", "revenue": 2524000000, "revenueEstimated": null, "fiscalDateEnding": "2023-03-31", "updatedFromDate": "2023-09-29"}, {"date": "2023-05-05", "symbol": "PSPN.SW", "eps": 1.24, "epsEstimated": null, "time": "bmo", "revenue": 87041000, "revenueEstimated": 78685000, "fiscalDateEnding": "2023-03-31", "updatedFromDate": "2023-08-16"}, {"date": "2023-05-05", "symbol": "ITH.TO", "eps": -0.00254, "epsEstimated": -0.01, "time": "bmo", "revenue": null, "revenueEstimated": null, "fiscalDateEnding": "2023-03-31", "updatedFromDate": "2023-10-16"}, {"date": "2023-05-05", "symbol": "BATRA", "eps": -1.22, "epsEstimated": -0.04396, "time": "bmo", "revenue": 31000000, "revenueEstimated": null, "fiscalDateEnding": "2023-03-30", "updatedFromDate": "2023-09-29"}, {"date": "2023-05-05", "symbol": "SII", "eps": 0.3, "epsEstimated": null, "time": "bmo", "revenue": 37398000, "revenueEstimated": 2379570000, "fiscalDateEnding": "2023-03-31", "updatedFromDate": "2023-09-29"}, {"date": "2023-05-05", "symbol": "DSV.TO", "eps": -0.01, "epsEstimated": -0.01, "time": "bmo", "revenue": null, "revenueEstimated": null, "fiscalDateEnding": "2023-03-31", "updatedFromDate": "2023-10-16"}, {"date": "2023-05-05", "symbol": "3022.TW", "eps": 2.14, "epsEstimated": 1.93, "time": "bmo", "revenue": 2153674000, "revenueEstimated": 2046500000, "fiscalDateEnding": "2023-03-31", "updatedFromDate": "2023-08-16"}, {"date": "2023-05-05", "symbol": "ADTR.ST", "eps": -0.32, "epsEstimated": -0.00941, "time": "bmo", "revenue": 291944000, "revenueEstimated": null, "fiscalDateEnding": "2023-03-31", "updatedFromDate": "2023-08-16"}, {"date": "2023-05-05", "symbol": "GENT.OL", "eps": -0.06192, "epsEstimated": null, "time": "bmo", "revenue": 31437000, "revenueEstimated": null, "fiscalDateEnding": "2023-03-31", "updatedFromDate": "2023-08-16"}, {"date": "2023-05-05", "symbol": "PRDS", "eps": 0.3, "epsEstimated": 0.39, "time": "bmo", "revenue": null, "revenueEstimated": null, "fiscalDateEnding": "2023-03-30", "updatedFromDate": "2023-09-29"}, {"date": "2023-05-05", "symbol": "SVA", "eps": null, "epsEstimated": null, "time": "amc", "revenue": null, "revenueEstimated": null, "fiscalDateEnding": "2023-03-30", "updatedFromDate": "2023-11-28"}, {"date": "2023-05-05", "symbol": "SGL.DE", "eps": 0.12, "epsEstimated": 0.15, "time": "bmo", "revenue": 283700000, "revenueEstimated": 277000000, "fiscalDateEnding": "2023-03-31", "updatedFromDate": "2023-08-16"}, {"date": "2023-05-05", "symbol": "ABR", "eps": 0.62, "epsEstimated": 0.44, "time": "bmo", "revenue": 181672000, "revenueEstimated": 96750000, "fiscalDateEnding": "2023-03-30", "updatedFromDate": "2023-09-29"}, {"date": "2023-05-05", "symbol": "IHG.L", "eps": null, "epsEstimated": null, "time": "bmo", "revenue": null, "revenueEstimated": null, "fiscalDateEnding": "2023-02-05", "updatedFromDate": "2023-10-16"}, {"date": "2023-05-05", "symbol": "CEPS.L", "eps": null, "epsEstimated": null, "time": "bmo", "revenue": null, "revenueEstimated": null, "fiscalDateEnding": "2023-02-05", "updatedFromDate": "2023-08-05"}, {"date": "2023-05-05", "symbol": "ODL.WA", "eps": 0.914, "epsEstimated": null, "time": "bmo", "revenue": 85797000, "revenueEstimated": null, "fiscalDateEnding": "2023-03-31", "updatedFromDate": "2023-08-05"}, {"date": "2023-05-05", "symbol": "MARAS.HE", "eps": -0.49, "epsEstimated": -0.16, "time": "bmo", "revenue": 24089000, "revenueEstimated": 23000000, "fiscalDateEnding": "2023-03-31", "updatedFromDate": "2023-08-05"}, {"date": "2023-05-05", "symbol": "IFP.TO", "eps": -0.6, "epsEstimated": -0.51, "time": "bmo", "revenue": 829882000, "revenueEstimated": 779030000, "fiscalDateEnding": "2023-03-31", "updatedFromDate": "2023-08-05"}, {"date": "2023-05-05", "symbol": "ARVN", "eps": -1.54, "epsEstimated": -1.46, "time": "bmo", "revenue": 32500000, "revenueEstimated": 27710000, "fiscalDateEnding": "2023-03-30", "updatedFromDate": "2023-09-29"}, {"date": "2023-05-05", "symbol": "0042.HK", "eps": null, "epsEstimated": null, "time": "bmo", "revenue": null, "revenueEstimated": null, "fiscalDateEnding": "2023-02-05", "updatedFromDate": "2023-08-05"}, {"date": "2023-05-05", "symbol": "RPID", "eps": -0.32, "epsEstimated": -0.36, "time": "bmo", "revenue": 5035000, "revenueEstimated": 4150000, "fiscalDateEnding": "2023-03-30", "updatedFromDate": "2023-09-29"}, {"date": "2023-05-05", "symbol": "AIW.MI", "eps": null, "epsEstimated": null, "time": "bmo", "revenue": null, "revenueEstimated": null, "fiscalDateEnding": "2023-03-31", "updatedFromDate": "2023-08-05"}, {"date": "2023-05-05", "symbol": "2485.TW", "eps": -0.30189, "epsEstimated": null, "time": "bmo", "revenue": 1503015000, "revenueEstimated": 2125000000, "fiscalDateEnding": "2023-03-31", "updatedFromDate": "2023-08-03"}, {"date": "2023-05-05", "symbol": "BOREO.HE", "eps": 0.07, "epsEstimated": 0.41, "time": "bmo", "revenue": 41000000, "revenueEstimated": 45500000, "fiscalDateEnding": "2023-03-31", "updatedFromDate": "2023-08-05"}, {"date": "2023-05-05", "symbol": "CARE.JK", "eps": -0.9651, "epsEstimated": null, "time": "bmo", "revenue": 46325325342, "revenueEstimated": null, "fiscalDateEnding": "2023-03-31", "updatedFromDate": "2023-08-05"}, {"date": "2023-05-05", "symbol": "HO.PA", "eps": null, "epsEstimated": null, "time": "bmo", "revenue": null, "revenueEstimated": null, "fiscalDateEnding": "2023-03-31", "updatedFromDate": "2023-08-05"}, {"date": "2023-05-05", "symbol": "BATRK", "eps": -1.22, "epsEstimated": -0.32973, "time": "bmo", "revenue": 31000000, "revenueEstimated": null, "fiscalDateEnding": "2023-03-30", "updatedFromDate": "2023-09-29"}, {"date": "2023-05-05", "symbol": "RGCO", "eps": 0.64, "epsEstimated": 0.58, "time": "bmo", "revenue": 38029657, "revenueEstimated": 32000000, "fiscalDateEnding": "2023-03-30", "updatedFromDate": "2023-09-29"}, {"date": "2023-05-05", "symbol": "BEL.JO", "eps": null, "epsEstimated": null, "time": "bmo", "revenue": null, "revenueEstimated": null, "fiscalDateEnding": "2022-12-31", "updatedFromDate": "2023-07-03"}, {"date": "2023-05-05", "symbol": "MG.TO", "eps": 1.11, "epsEstimated": 0.83, "time": "bmo", "revenue": 10673000000, "revenueEstimated": 13436500000, "fiscalDateEnding": "2023-03-31", "updatedFromDate": "2023-10-16"}, {"date": "2023-05-05", "symbol": "RHIM.L", "eps": null, "epsEstimated": null, "time": "bmo", "revenue": null, "revenueEstimated": null, "fiscalDateEnding": "2022-12-31", "updatedFromDate": "2023-07-03"}, {"date": "2023-05-05", "symbol": "0943.HK", "eps": null, "epsEstimated": null, "time": "bmo", "revenue": null, "revenueEstimated": null, "fiscalDateEnding": "2022-12-31", "updatedFromDate": "2023-07-03"}, {"date": "2023-05-05", "symbol": "BIOG-B.ST", "eps": 1.15, "epsEstimated": 0.88, "time": "bmo", "revenue": 365821000, "revenueEstimated": 312000000, "fiscalDateEnding": "2023-03-31", "updatedFromDate": "2023-08-05"}, {"date": "2023-05-05", "symbol": "CEPS.L", "eps": null, "epsEstimated": null, "time": "bmo", "revenue": null, "revenueEstimated": null, "fiscalDateEnding": "2022-12-31", "updatedFromDate": "2023-07-03"}, {"date": "2023-05-05", "symbol": "CTL.L", "eps": null, "epsEstimated": null, "time": "bmo", "revenue": null, "revenueEstimated": null, "fiscalDateEnding": "2022-12-31", "updatedFromDate": "2023-07-03"}, {"date": "2023-05-05", "symbol": "SOMA3.SA", "eps": 0.06, "epsEstimated": 0.06, "time": "bmo", "revenue": 1202690000, "revenueEstimated": 1379860000, "fiscalDateEnding": "2023-03-31", "updatedFromDate": "2023-08-05"}, {"date": "2023-05-05", "symbol": "SLRN", "eps": null, "epsEstimated": null, "time": "amc", "revenue": null, "revenueEstimated": null, "fiscalDateEnding": "2022-12-31", "updatedFromDate": "2023-11-17"}, {"date": "2023-05-05", "symbol": "MMI", "eps": -0.15, "epsEstimated": 0.17, "time": "bmo", "revenue": 154792000, "revenueEstimated": 155700000, "fiscalDateEnding": "2023-03-30", "updatedFromDate": "2023-09-29"}, {"date": "2023-05-05", "symbol": "AKE.PA", "eps": 2.17, "epsEstimated": 1.78, "time": "bmo", "revenue": 2524000000, "revenueEstimated": 2562150000, "fiscalDateEnding": "2023-03-31", "updatedFromDate": "2023-08-05"}, {"date": "2023-05-05", "symbol": "PNM", "eps": 0.55, "epsEstimated": 0.44, "time": "bmo", "revenue": 544077000, "revenueEstimated": 460140000, "fiscalDateEnding": "2023-03-30", "updatedFromDate": "2023-09-29"}, {"date": "2023-05-05", "symbol": "2438.TW", "eps": -0.14235, "epsEstimated": null, "time": "bmo", "revenue": 24948000, "revenueEstimated": null, "fiscalDateEnding": "2023-03-31", "updatedFromDate": "2023-08-05"}, {"date": "2023-05-05", "symbol": "CPLP", "eps": 0.49, "epsEstimated": 0.78, "time": "bmo", "revenue": 81016000, "revenueEstimated": 76900000, "fiscalDateEnding": "2023-03-31", "updatedFromDate": "2023-09-29"}, {"date": "2023-05-05", "symbol": "0H6G.L", "eps": null, "epsEstimated": null, "time": "bmo", "revenue": null, "revenueEstimated": null, "fiscalDateEnding": "2023-03-31", "updatedFromDate": "2023-08-04"}, {"date": "2023-05-05", "symbol": "OPTOMED.HE", "eps": -0.08, "epsEstimated": -0.08, "time": "bmo", "revenue": 3478000, "revenueEstimated": 3670000, "fiscalDateEnding": "2023-03-31", "updatedFromDate": "2023-08-05"}, {"date": "2023-05-05", "symbol": "FUBO", "eps": -0.37, "epsEstimated": -0.4, "time": "bmo", "revenue": 324374000, "revenueEstimated": 303390000, "fiscalDateEnding": "2023-03-30", "updatedFromDate": "2023-09-29"}, {"date": "2023-05-05", "symbol": "CAF.MC", "eps": null, "epsEstimated": null, "time": "bmo", "revenue": null, "revenueEstimated": null, "fiscalDateEnding": "2022-12-31", "updatedFromDate": "2023-07-03"}, {"date": "2023-05-05", "symbol": "QRTEB", "eps": -0.05, "epsEstimated": null, "time": "bmo", "revenue": 2644000000, "revenueEstimated": null, "fiscalDateEnding": "2023-03-30", "updatedFromDate": "2023-09-29"}, {"date": "2023-05-05", "symbol": "BH", "eps": 222.28, "epsEstimated": null, "time": "bmo", "revenue": 90176000, "revenueEstimated": null, "fiscalDateEnding": "2023-03-30", "updatedFromDate": "2023-09-29"}, {"date": "2023-05-05", "symbol": "6456.TW", "eps": -3.43, "epsEstimated": 0.85, "time": "bmo", "revenue": 14374739000, "revenueEstimated": 23189700000, "fiscalDateEnding": "2023-03-31", "updatedFromDate": "2023-08-05"}, {"date": "2023-05-05", "symbol": "ARX.TO", "eps": 0.93, "epsEstimated": 0.48, "time": "bmo", "revenue": 1896100000, "revenueEstimated": null, "fiscalDateEnding": "2023-03-31", "updatedFromDate": "2023-08-05"}, {"date": "2023-05-05", "symbol": "FMM-B.ST", "eps": 1.25, "epsEstimated": 0.8, "time": "bmo", "revenue": 533200000, "revenueEstimated": 515000000, "fiscalDateEnding": "2023-03-31", "updatedFromDate": "2023-08-05"}, {"date": "2023-05-05", "symbol": "RO.ST", "eps": -0.0222, "epsEstimated": null, "time": "bmo", "revenue": 4048000, "revenueEstimated": null, "fiscalDateEnding": "2023-03-31", "updatedFromDate": "2023-10-16"}, {"date": "2023-05-05", "symbol": "PSI.TO", "eps": 0.44, "epsEstimated": 0.37, "time": "bmo", "revenue": 98229000, "revenueEstimated": 84800000, "fiscalDateEnding": "2023-03-31", "updatedFromDate": "2023-08-05"}, {"date": "2023-05-05", "symbol": "TPE.DE", "eps": 0.18, "epsEstimated": null, "time": "bmo", "revenue": 58472000, "revenueEstimated": 45000000, "fiscalDateEnding": "2023-03-31", "updatedFromDate": "2023-08-05"}, {"date": "2023-05-05", "symbol": "GALP.LS", "eps": 0.31, "epsEstimated": 0.34, "time": "bmo", "revenue": 5146000000, "revenueEstimated": 5365050000, "fiscalDateEnding": "2023-03-31", "updatedFromDate": "2023-08-05"}, {"date": "2023-05-05", "symbol": "BEL.JO", "eps": null, "epsEstimated": null, "time": "bmo", "revenue": null, "revenueEstimated": null, "fiscalDateEnding": "2023-03-31", "updatedFromDate": "2023-07-20"}, {"date": "2023-05-05", "symbol": "EDEN.L", "eps": null, "epsEstimated": null, "time": "bmo", "revenue": null, "revenueEstimated": null, "fiscalDateEnding": "2023-02-05", "updatedFromDate": "2023-08-05"}, {"date": "2023-05-05", "symbol": "IVSO.ST", "eps": 1.33, "epsEstimated": 0.8, "time": "bmo", "revenue": 311300000, "revenueEstimated": 263000000, "fiscalDateEnding": "2023-03-31", "updatedFromDate": "2023-08-05"}, {"date": "2023-05-05", "symbol": "AMC", "eps": -1.3, "epsEstimated": -1.7, "time": "bmo", "revenue": 954400000, "revenueEstimated": 941930000, "fiscalDateEnding": "2023-03-30", "updatedFromDate": "2023-09-29"}, {"date": "2023-05-05", "symbol": "LOG.MC", "eps": null, "epsEstimated": null, "time": "bmo", "revenue": 2949363000, "revenueEstimated": 2462360000, "fiscalDateEnding": "2023-03-31", "updatedFromDate": "2023-08-05"}, {"date": "2023-05-05", "symbol": "BEPC.TO", "eps": -5.34172, "epsEstimated": -0.05, "time": "bmo", "revenue": 1066000000, "revenueEstimated": 1284000000, "fiscalDateEnding": "2023-03-31", "updatedFromDate": "2023-08-05"}, {"date": "2023-05-05", "symbol": "1437.TW", "eps": 0.61, "epsEstimated": null, "time": "bmo", "revenue": 172886000, "revenueEstimated": null, "fiscalDateEnding": "2023-03-31", "updatedFromDate": "2023-08-05"}, {"date": "2023-05-05", "symbol": "SII.DE", "eps": 0.2458, "epsEstimated": null, "time": "bmo", "revenue": 214465000, "revenueEstimated": null, "fiscalDateEnding": "2023-03-31", "updatedFromDate": "2023-10-16"}, {"date": "2023-05-05", "symbol": "ONC.TO", "eps": -0.1, "epsEstimated": -0.13, "time": "bmo", "revenue": null, "revenueEstimated": null, "fiscalDateEnding": "2023-03-31", "updatedFromDate": "2023-08-05"}, {"date": "2023-05-05", "symbol": "4438.TW", "eps": -0.45, "epsEstimated": null, "time": "bmo", "revenue": 2657184000, "revenueEstimated": 2635670000, "fiscalDateEnding": "2023-03-31", "updatedFromDate": "2023-08-17"}, {"date": "2023-05-05", "symbol": "0042.HK", "eps": null, "epsEstimated": null, "time": "bmo", "revenue": null, "revenueEstimated": null, "fiscalDateEnding": "2022-12-31", "updatedFromDate": "2023-07-03"}, {"date": "2023-05-05", "symbol": "6278.TW", "eps": 0.97, "epsEstimated": 1.68, "time": "bmo", "revenue": 9412468000, "revenueEstimated": 12343700000, "fiscalDateEnding": "2023-03-31", "updatedFromDate": "2023-08-05"}, {"date": "2023-05-05", "symbol": "ROAD", "eps": -0.11, "epsEstimated": -0.18, "time": "bmo", "revenue": 324850000, "revenueEstimated": 282650000, "fiscalDateEnding": "2023-03-30", "updatedFromDate": "2023-09-29"}, {"date": "2023-05-05", "symbol": "BBU-UN.TO", "eps": 2.72, "epsEstimated": null, "time": "bmo", "revenue": 13758000000, "revenueEstimated": null, "fiscalDateEnding": "2023-03-31", "updatedFromDate": "2023-08-17"}, {"date": "2023-05-05", "symbol": "0HQN.L", "eps": null, "epsEstimated": null, "time": "bmo", "revenue": null, "revenueEstimated": null, "fiscalDateEnding": "2023-03-31", "updatedFromDate": "2023-08-05"}, {"date": "2023-05-05", "symbol": "2344.TW", "eps": -0.25, "epsEstimated": -0.19, "time": "bmo", "revenue": 17515727000, "revenueEstimated": 16527300000, "fiscalDateEnding": "2023-03-31", "updatedFromDate": "2023-08-05"}, {"date": "2023-05-05", "symbol": "BRNL.AS", "eps": null, "epsEstimated": null, "time": "bmo", "revenue": null, "revenueEstimated": null, "fiscalDateEnding": "2022-12-31", "updatedFromDate": "2023-07-03"}, {"date": "2023-05-05", "symbol": "HUN", "eps": 0.2, "epsEstimated": 0.16, "time": "bmo", "revenue": 1606000000, "revenueEstimated": 1676500000, "fiscalDateEnding": "2023-03-30", "updatedFromDate": "2023-09-29"}, {"date": "2023-05-05", "symbol": "RAIL3.SA", "eps": 0.04, "epsEstimated": 0.04, "time": "bmo", "revenue": 2383828000, "revenueEstimated": 2980450000, "fiscalDateEnding": "2023-03-31", "updatedFromDate": "2023-08-05"}, {"date": "2023-05-05", "symbol": "INTT", "eps": 0.29, "epsEstimated": 0.26, "time": "bmo", "revenue": 31919000, "revenueEstimated": 31060000, "fiscalDateEnding": "2023-03-30", "updatedFromDate": "2023-09-29"}, {"date": "2023-05-05", "symbol": "GTN.A", "eps": -0.48, "epsEstimated": null, "time": "bmo", "revenue": null, "revenueEstimated": null, "fiscalDateEnding": "2023-03-31", "updatedFromDate": "2023-09-29"}, {"date": "2023-05-05", "symbol": "EDEN.L", "eps": null, "epsEstimated": null, "time": "bmo", "revenue": null, "revenueEstimated": null, "fiscalDateEnding": "2022-12-31", "updatedFromDate": "2023-07-03"}, {"date": "2023-05-05", "symbol": "GOVB", "eps": null, "epsEstimated": null, "time": "bmo", "revenue": null, "revenueEstimated": null, "fiscalDateEnding": "2023-03-30", "updatedFromDate": "2023-09-29"}, {"date": "2023-05-05", "symbol": "BAP", "eps": 3.85, "epsEstimated": 4.12, "time": "amc", "revenue": 4729282000, "revenueEstimated": 1206610000, "fiscalDateEnding": "2023-03-31", "updatedFromDate": "2023-09-29"}, {"date": "2023-05-05", "symbol": "CTL.L", "eps": null, "epsEstimated": null, "time": "bmo", "revenue": null, "revenueEstimated": null, "fiscalDateEnding": "2023-03-31", "updatedFromDate": "2023-08-05"}, {"date": "2023-05-05", "symbol": "6277.TW", "eps": 1.59, "epsEstimated": 1.32, "time": "bmo", "revenue": 1385134000, "revenueEstimated": 1338000000, "fiscalDateEnding": "2023-03-31", "updatedFromDate": "2023-08-05"}, {"date": "2023-05-05", "symbol": "0IQC.L", "eps": null, "epsEstimated": null, "time": "bmo", "revenue": null, "revenueEstimated": null, "fiscalDateEnding": "2023-03-31", "updatedFromDate": "2023-08-05"}, {"date": "2023-05-05", "symbol": "2338.TW", "eps": 0.596, "epsEstimated": null, "time": "bmo", "revenue": 1563590000, "revenueEstimated": null, "fiscalDateEnding": "2023-03-31", "updatedFromDate": "2023-08-05"}, {"date": "2023-05-05", "symbol": "4739.TW", "eps": -0.49844, "epsEstimated": null, "time": "bmo", "revenue": 1535632000, "revenueEstimated": null, "fiscalDateEnding": "2023-03-31", "updatedFromDate": "2023-08-16"}, {"date": "2023-05-05", "symbol": "BATRB", "eps": -1.22, "epsEstimated": null, "time": "bmo", "revenue": 31000000, "revenueEstimated": null, "fiscalDateEnding": "2023-03-30", "updatedFromDate": "2023-09-29"}, {"date": "2023-05-05", "symbol": "CNHI", "eps": 0.35, "epsEstimated": 0.32, "time": "bmo", "revenue": 5342000000, "revenueEstimated": null, "fiscalDateEnding": "2023-03-30", "updatedFromDate": "2023-09-29"}, {"date": "2023-05-05", "symbol": "ADDYY", "eps": -0.1, "epsEstimated": -0.06, "time": "bmo", "revenue": 5274000000, "revenueEstimated": null, "fiscalDateEnding": "2023-03-31", "updatedFromDate": "2023-09-29"}, {"date": "2023-05-05", "symbol": "CABK.MC", "eps": 0.11, "epsEstimated": 0.09, "time": "bmo", "revenue": 3512000000, "revenueEstimated": null, "fiscalDateEnding": "2023-03-31", "updatedFromDate": "2023-08-05"}, {"date": "2023-05-05", "symbol": "GLP", "eps": 0.7, "epsEstimated": 0.65, "time": "bmo", "revenue": 4030327000, "revenueEstimated": 4448030000, "fiscalDateEnding": "2023-03-30", "updatedFromDate": "2023-09-29"}, {"date": "2023-05-05", "symbol": "MGA", "eps": 1.11, "epsEstimated": 0.95, "time": "bmo", "revenue": 10673000000, "revenueEstimated": 9902130000, "fiscalDateEnding": "2023-03-31", "updatedFromDate": "2023-09-29"}, {"date": "2023-05-05", "symbol": "1866.HK", "eps": null, "epsEstimated": null, "time": "bmo", "revenue": null, "revenueEstimated": null, "fiscalDateEnding": "2022-12-31", "updatedFromDate": "2023-07-03"}, {"date": "2023-05-05", "symbol": "3583.TW", "eps": 1.79, "epsEstimated": null, "time": "bmo", "revenue": 1618961000, "revenueEstimated": null, "fiscalDateEnding": "2023-03-31", "updatedFromDate": "2023-08-05"}, {"date": "2023-05-05", "symbol": "CGN.DE", "eps": 4.24, "epsEstimated": null, "time": "bmo", "revenue": 46458000000, "revenueEstimated": null, "fiscalDateEnding": "2023-03-31", "updatedFromDate": "2023-08-05"}, {"date": "2023-05-05", "symbol": "0VIF.L", "eps": null, "epsEstimated": null, "time": "bmo", "revenue": null, "revenueEstimated": null, "fiscalDateEnding": "2023-03-31", "updatedFromDate": "2023-08-05"}, {"date": "2023-05-05", "symbol": "ICAGY", "eps": -0.1, "epsEstimated": -0.13, "time": "bmo", "revenue": 5889000000, "revenueEstimated": null, "fiscalDateEnding": "2023-03-31", "updatedFromDate": "2023-09-29"}, {"date": "2023-05-05", "symbol": "PPL.TO", "eps": 0.61, "epsEstimated": 0.72, "time": "bmo", "revenue": 2379000000, "revenueEstimated": 2421180000, "fiscalDateEnding": "2023-03-31", "updatedFromDate": "2023-08-05"}, {"date": "2023-05-05", "symbol": "SMGR.JK", "eps": 83, "epsEstimated": 103.95, "time": "bmo", "revenue": 8935094000000, "revenueEstimated": null, "fiscalDateEnding": "2023-03-31", "updatedFromDate": "2023-08-05"}, {"date": "2023-05-05", "symbol": "688317.SS", "eps": 0.03, "epsEstimated": null, "time": "bmo", "revenue": 84348212.48, "revenueEstimated": null, "fiscalDateEnding": "2023-03-31", "updatedFromDate": "2023-08-05"}, {"date": "2023-05-05", "symbol": "2449.TW", "eps": 0.96, "epsEstimated": 0.93, "time": "bmo", "revenue": 7764452000, "revenueEstimated": 7657450000, "fiscalDateEnding": "2023-03-31", "updatedFromDate": "2023-08-05"}, {"date": "2023-05-05", "symbol": "SEK.WA", "eps": 0.859, "epsEstimated": null, "time": "bmo", "revenue": 70834000, "revenueEstimated": null, "fiscalDateEnding": "2023-03-31", "updatedFromDate": "2023-08-05"}, {"date": "2023-05-05", "symbol": "EDIT", "eps": -0.71, "epsEstimated": -0.79, "time": "bmo", "revenue": 9851000, "revenueEstimated": 3010000, "fiscalDateEnding": "2023-03-30", "updatedFromDate": "2023-09-29"}, {"date": "2023-05-05", "symbol": "RHIM.L", "eps": null, "epsEstimated": null, "time": "bmo", "revenue": null, "revenueEstimated": null, "fiscalDateEnding": "2023-03-31", "updatedFromDate": "2023-08-05"}, {"date": "2023-05-05", "symbol": "SSP", "eps": -0.17, "epsEstimated": 0.38, "time": "bmo", "revenue": 527778000, "revenueEstimated": 680941000, "fiscalDateEnding": "2023-03-30", "updatedFromDate": "2023-09-29"}, {"date": "2023-05-05", "symbol": "PRLB", "eps": 0.3, "epsEstimated": 0.22, "time": "bmo", "revenue": 125859000, "revenueEstimated": 118170000, "fiscalDateEnding": "2023-03-30", "updatedFromDate": "2023-09-29"}, {"date": "2023-05-05", "symbol": "BIO.DE", "eps": -0.53, "epsEstimated": null, "time": "bmo", "revenue": 117200000, "revenueEstimated": null, "fiscalDateEnding": "2023-03-31", "updatedFromDate": "2023-08-05"}, {"date": "2023-05-05", "symbol": "PBFS", "eps": 0.24, "epsEstimated": null, "time": "bmo", "revenue": 20766000, "revenueEstimated": null, "fiscalDateEnding": "2023-03-30", "updatedFromDate": "2023-09-29"}, {"date": "2023-05-05", "symbol": "MITT", "eps": 0.03, "epsEstimated": 0.14, "time": "bmo", "revenue": 21452000, "revenueEstimated": 14940000, "fiscalDateEnding": "2023-03-30", "updatedFromDate": "2023-09-29"}, {"date": "2023-05-05", "symbol": "EVRG", "eps": 0.59, "epsEstimated": 0.58, "time": "bmo", "revenue": 1296800000, "revenueEstimated": 1239160000, "fiscalDateEnding": "2023-03-30", "updatedFromDate": "2023-09-29"}, {"date": "2023-05-05", "symbol": "OPTI.ST", "eps": -0.70337, "epsEstimated": null, "time": "bmo", "revenue": 4985000, "revenueEstimated": null, "fiscalDateEnding": "2023-03-31", "updatedFromDate": "2023-08-05"}, {"date": "2023-05-05", "symbol": "EGIE3.SA", "eps": 1.08, "epsEstimated": 0.98, "time": "bmo", "revenue": 2913748000, "revenueEstimated": 2749650000, "fiscalDateEnding": "2023-03-31", "updatedFromDate": "2023-08-05"}, {"date": "2023-05-05", "symbol": "8483.HK", "eps": 0.0025, "epsEstimated": null, "time": "bmo", "revenue": 17886000, "revenueEstimated": null, "fiscalDateEnding": "2023-03-31", "updatedFromDate": "2023-08-05"}, {"date": "2023-05-05", "symbol": "INSW", "eps": 3.27, "epsEstimated": 2.84, "time": "bmo", "revenue": 287130000, "revenueEstimated": 262790000, "fiscalDateEnding": "2023-03-30", "updatedFromDate": "2023-09-29"}, {"date": "2023-05-05", "symbol": "8942.TWO", "eps": 2.16, "epsEstimated": null, "time": "bmo", "revenue": 1466489000, "revenueEstimated": null, "fiscalDateEnding": "2023-03-31", "updatedFromDate": "2023-08-05"}, {"date": "2023-05-05", "symbol": "ALDEL.PA", "eps": null, "epsEstimated": null, "time": "bmo", "revenue": null, "revenueEstimated": null, "fiscalDateEnding": "2022-12-31", "updatedFromDate": "2023-07-03"}, {"date": "2023-05-05", "symbol": "ADS.F", "eps": -0.12974, "epsEstimated": 3.04, "time": "bmo", "revenue": 5274000000, "revenueEstimated": 6941530000, "fiscalDateEnding": "2023-03-31", "updatedFromDate": "2023-08-05"}, {"date": "2023-05-05", "symbol": "HTO.AT", "eps": 0.32, "epsEstimated": 0.3, "time": "bmo", "revenue": null, "revenueEstimated": 810970000, "fiscalDateEnding": "2023-03-31", "updatedFromDate": "2023-08-05"}, {"date": "2023-05-05", "symbol": "AY", "eps": -0.09, "epsEstimated": -0.17, "time": "bmo", "revenue": 242509000, "revenueEstimated": 269260000, "fiscalDateEnding": "2023-03-31", "updatedFromDate": "2023-09-29"}, {"date": "2023-05-05", "symbol": "GOD.OL", "eps": 0.2174, "epsEstimated": null, "time": "bmo", "revenue": 174555000, "revenueEstimated": 174555000, "fiscalDateEnding": "2023-03-31", "updatedFromDate": "2023-08-17"}, {"date": "2023-05-05", "symbol": "688606.SS", "eps": 0.75, "epsEstimated": null, "time": "bmo", "revenue": 236135335.17, "revenueEstimated": null, "fiscalDateEnding": "2023-03-31", "updatedFromDate": "2023-08-05"}, {"date": "2023-05-05", "symbol": "AIW.MI", "eps": null, "epsEstimated": null, "time": "bmo", "revenue": null, "revenueEstimated": null, "fiscalDateEnding": "2022-12-31", "updatedFromDate": "2023-07-03"}, {"date": "2023-05-05", "symbol": "ENZN", "eps": 0.00265, "epsEstimated": null, "time": "amc", "revenue": null, "revenueEstimated": null, "fiscalDateEnding": "2023-03-30", "updatedFromDate": "2023-09-29"}, {"date": "2023-05-05", "symbol": "AXL", "eps": -0.01, "epsEstimated": -0.06, "time": "bmo", "revenue": 1493900000, "revenueEstimated": 1490280000, "fiscalDateEnding": "2023-03-30", "updatedFromDate": "2023-09-29"}, {"date": "2023-05-05", "symbol": "6592.TW", "eps": 1.48, "epsEstimated": 1.64, "time": "bmo", "revenue": 6564637000, "revenueEstimated": 6225600000, "fiscalDateEnding": "2023-03-31", "updatedFromDate": "2023-08-05"}, {"date": "2023-05-05", "symbol": "CI", "eps": 5.41, "epsEstimated": 5.22, "time": "bmo", "revenue": 46458000000, "revenueEstimated": 45534700000, "fiscalDateEnding": "2023-03-30", "updatedFromDate": "2023-09-29"}, {"date": "2023-05-05", "symbol": "6239.TW", "eps": 1.5, "epsEstimated": 1.28, "time": "bmo", "revenue": 15740524000, "revenueEstimated": 16695600000, "fiscalDateEnding": "2023-03-31", "updatedFromDate": "2023-08-05"}, {"date": "2023-05-05", "symbol": "AHNR", "eps": 0.00467, "epsEstimated": null, "time": "bmo", "revenue": null, "revenueEstimated": null, "fiscalDateEnding": "2023-03-30", "updatedFromDate": "2023-09-29"}, {"date": "2023-05-05", "symbol": "WTE.TO", "eps": 0.53, "epsEstimated": 0.43, "time": "bmo", "revenue": 96718000, "revenueEstimated": 90790000, "fiscalDateEnding": "2023-03-31", "updatedFromDate": "2023-08-05"}, {"date": "2023-05-05", "symbol": "1452.TW", "eps": -0.09, "epsEstimated": null, "time": "bmo", "revenue": 259858000, "revenueEstimated": null, "fiscalDateEnding": "2023-03-31", "updatedFromDate": "2023-08-05"}, {"date": "2023-05-05", "symbol": "NRK", "eps": null, "epsEstimated": null, "time": "amc", "revenue": null, "revenueEstimated": null, "fiscalDateEnding": "2023-02-05", "updatedFromDate": "2023-10-17"}, {"date": "2023-05-05", "symbol": "6226.TW", "eps": null, "epsEstimated": null, "time": "bmo", "revenue": null, "revenueEstimated": null, "fiscalDateEnding": "2022-12-31", "updatedFromDate": "2023-07-03"}, {"date": "2023-05-05", "symbol": "0QR3.L", "eps": null, "epsEstimated": null, "time": "bmo", "revenue": null, "revenueEstimated": null, "fiscalDateEnding": "2023-03-31", "updatedFromDate": "2023-08-04"}, {"date": "2023-05-05", "symbol": "RHIM.VI", "eps": null, "epsEstimated": null, "time": "bmo", "revenue": null, "revenueEstimated": null, "fiscalDateEnding": "2023-03-31", "updatedFromDate": "2023-08-05"}, {"date": "2023-05-05", "symbol": "8099.TWO", "eps": 0.34, "epsEstimated": null, "time": "bmo", "revenue": 1056141000, "revenueEstimated": null, "fiscalDateEnding": "2023-03-31", "updatedFromDate": "2023-08-05"}, {"date": "2023-05-05", "symbol": "BIM.ST", "eps": -0.076, "epsEstimated": null, "time": "bmo", "revenue": 36726000, "revenueEstimated": 36000000, "fiscalDateEnding": "2023-03-31", "updatedFromDate": "2023-10-16"}, {"date": "2023-05-05", "symbol": "TATVA.NS", "eps": 9.27, "epsEstimated": null, "time": "bmo", "revenue": null, "revenueEstimated": null, "fiscalDateEnding": "2023-02-05", "updatedFromDate": "2023-10-17"}, {"date": "2023-05-05", "symbol": "0KTI.L", "eps": null, "epsEstimated": null, "time": "bmo", "revenue": null, "revenueEstimated": null, "fiscalDateEnding": "2023-03-31", "updatedFromDate": "2023-08-05"}, {"date": "2023-05-05", "symbol": "WPM.TO", "eps": 0.31, "epsEstimated": 0.34, "time": "bmo", "revenue": 214465000, "revenueEstimated": 320390000, "fiscalDateEnding": "2023-03-31", "updatedFromDate": "2023-10-16"}, {"date": "2023-05-05", "symbol": "8358.TWO", "eps": 0.71, "epsEstimated": 0.61, "time": "bmo", "revenue": 1752856000, "revenueEstimated": null, "fiscalDateEnding": "2023-03-31", "updatedFromDate": "2023-08-05"}, {"date": "2023-05-05", "symbol": "EDP.LS", "eps": 0.08, "epsEstimated": 0.08, "time": "bmo", "revenue": 4483505000, "revenueEstimated": 4932220000, "fiscalDateEnding": "2023-03-31", "updatedFromDate": "2023-08-05"}, {"date": "2023-05-05", "symbol": "TA.TO", "eps": 1.1, "epsEstimated": 0.26, "time": "bmo", "revenue": 1089000000, "revenueEstimated": 555850000, "fiscalDateEnding": "2023-03-31", "updatedFromDate": "2023-08-05"}, {"date": "2023-05-05", "symbol": "ERF.TO", "eps": 0.84, "epsEstimated": 0.94, "time": "bmo", "revenue": 447491000, "revenueEstimated": null, "fiscalDateEnding": "2023-03-31", "updatedFromDate": "2023-08-05"}, {"date": "2023-05-05", "symbol": "H.TO", "eps": 0.47, "epsEstimated": 0.49, "time": "bmo", "revenue": 2074000000, "revenueEstimated": 2326010000, "fiscalDateEnding": "2023-03-31", "updatedFromDate": "2023-08-05"}, {"date": "2023-05-05", "symbol": "SHO", "eps": 0.08, "epsEstimated": 0.01, "time": "bmo", "revenue": 243443000, "revenueEstimated": 229540000, "fiscalDateEnding": "2023-03-30", "updatedFromDate": "2023-09-29"}, {"date": "2023-05-05", "symbol": "JANL", "eps": 0.21, "epsEstimated": null, "time": "bmo", "revenue": 45378000, "revenueEstimated": null, "fiscalDateEnding": "2023-03-30", "updatedFromDate": "2023-09-29"}, {"date": "2023-05-05", "symbol": "2634.TW", "eps": 0.58, "epsEstimated": 0.5, "time": "bmo", "revenue": 9940640000, "revenueEstimated": 8921000000, "fiscalDateEnding": "2023-03-31", "updatedFromDate": "2023-08-05"}, {"date": "2023-05-05", "symbol": "BBDC4.SA", "eps": 0.4, "epsEstimated": 0.37, "time": "bmo", "revenue": 25827301000, "revenueEstimated": 29764300000, "fiscalDateEnding": "2023-03-31", "updatedFromDate": "2023-08-05"}, {"date": "2023-05-05", "symbol": "D", "eps": 0.99, "epsEstimated": 0.97, "time": "bmo", "revenue": 5252000000, "revenueEstimated": 4457740000, "fiscalDateEnding": "2023-03-30", "updatedFromDate": "2023-09-29"}, {"date": "2023-05-05", "symbol": "ED4.DE", "eps": 0.33, "epsEstimated": null, "time": "bmo", "revenue": 220030000, "revenueEstimated": null, "fiscalDateEnding": "2023-03-31", "updatedFromDate": "2023-08-05"}, {"date": "2023-05-05", "symbol": "ESNT", "eps": 1.59, "epsEstimated": 1.45, "time": "bmo", "revenue": 258948000, "revenueEstimated": 250560000, "fiscalDateEnding": "2023-03-30", "updatedFromDate": "2023-09-29"}, {"date": "2023-05-05", "symbol": "SYNACT.ST", "eps": -1.59161, "epsEstimated": null, "time": "bmo", "revenue": null, "revenueEstimated": null, "fiscalDateEnding": "2023-03-31", "updatedFromDate": "2023-08-05"}, {"date": "2023-05-05", "symbol": "OVID", "eps": -0.19, "epsEstimated": -0.18, "time": "bmo", "revenue": 66160, "revenueEstimated": 20000, "fiscalDateEnding": "2023-03-30", "updatedFromDate": "2023-09-29"}, {"date": "2023-05-05", "symbol": "8049.TWO", "eps": 0.77, "epsEstimated": null, "time": "bmo", "revenue": 599646000, "revenueEstimated": null, "fiscalDateEnding": "2023-03-31", "updatedFromDate": "2023-08-05"}, {"date": "2023-05-05", "symbol": "HCMC", "eps": null, "epsEstimated": null, "time": "amc", "revenue": null, "revenueEstimated": null, "fiscalDateEnding": "2023-03-29", "updatedFromDate": "2023-09-29"}, {"date": "2023-05-05", "symbol": "2383.TW", "eps": 1.39, "epsEstimated": 2.73, "time": "bmo", "revenue": 7359127000, "revenueEstimated": 9190740000, "fiscalDateEnding": "2023-03-31", "updatedFromDate": "2023-08-05"}, {"date": "2023-05-05", "symbol": "AMRX", "eps": 0.12, "epsEstimated": 0.09, "time": "bmo", "revenue": 557540000, "revenueEstimated": 537310000, "fiscalDateEnding": "2023-03-30", "updatedFromDate": "2023-09-29"}, {"date": "2023-05-05", "symbol": "ENB.TO", "eps": 0.85, "epsEstimated": 0.85, "time": "bmo", "revenue": 12075000000, "revenueEstimated": 15995500000, "fiscalDateEnding": "2023-03-31", "updatedFromDate": "2023-08-05"}, {"date": "2023-05-05", "symbol": "LSXMB", "eps": 0.38, "epsEstimated": null, "time": "bmo", "revenue": 2144000000, "revenueEstimated": null, "fiscalDateEnding": "2023-03-30", "updatedFromDate": "2023-09-29"}, {"date": "2023-05-05", "symbol": "VENGD", "eps": null, "epsEstimated": null, "time": "bmo", "revenue": null, "revenueEstimated": null, "fiscalDateEnding": "2023-03-31", "updatedFromDate": "2023-08-04"}, {"date": "2023-05-05", "symbol": "CLMT", "eps": 0.1, "epsEstimated": 0.02041, "time": "bmo", "revenue": 1036900000, "revenueEstimated": 927400000, "fiscalDateEnding": "2023-03-30", "updatedFromDate": "2023-09-29"}, {"date": "2023-05-05", "symbol": "BEP", "eps": -0.09, "epsEstimated": -0.13, "time": "bmo", "revenue": 1331000000, "revenueEstimated": null, "fiscalDateEnding": "2023-03-31", "updatedFromDate": "2023-09-29"}, {"date": "2023-05-05", "symbol": "BH.BK", "eps": 1.83, "epsEstimated": 1.73, "time": "bmo", "revenue": null, "revenueEstimated": 5568850000, "fiscalDateEnding": "2023-03-31", "updatedFromDate": "2023-08-05"}, {"date": "2023-05-05", "symbol": "0IFK.L", "eps": null, "epsEstimated": null, "time": "bmo", "revenue": null, "revenueEstimated": null, "fiscalDateEnding": "2023-03-31", "updatedFromDate": "2023-08-05"}, {"date": "2023-05-05", "symbol": "PSLV.TO", "eps": 0.04728, "epsEstimated": null, "time": "bmo", "revenue": 24298000, "revenueEstimated": null, "fiscalDateEnding": "2023-03-31", "updatedFromDate": "2023-08-05"}, {"date": "2023-05-05", "symbol": "CBOE", "eps": 1.9, "epsEstimated": 1.87, "time": "bmo", "revenue": 988200000, "revenueEstimated": 481000000, "fiscalDateEnding": "2023-03-30", "updatedFromDate": "2023-09-29"}, {"date": "2023-05-05", "symbol": "LSXMA", "eps": 0.38, "epsEstimated": 0.65, "time": "bmo", "revenue": 2144000000, "revenueEstimated": null, "fiscalDateEnding": "2023-03-30", "updatedFromDate": "2023-09-29"}, {"date": "2023-05-05", "symbol": "CNK", "eps": -0.03, "epsEstimated": -0.3, "time": "bmo", "revenue": 610700000, "revenueEstimated": 568980000, "fiscalDateEnding": "2023-03-30", "updatedFromDate": "2023-09-29"}, {"date": "2023-05-05", "symbol": "TBL.TO", "eps": 0.125, "epsEstimated": null, "time": "bmo", "revenue": 408492000, "revenueEstimated": null, "fiscalDateEnding": "2023-03-31", "updatedFromDate": "2023-10-16"}, {"date": "2023-05-05", "symbol": "PAGP", "eps": 0.35, "epsEstimated": 0.13, "time": "bmo", "revenue": 12341000000, "revenueEstimated": 12841700000, "fiscalDateEnding": "2023-03-30", "updatedFromDate": "2023-09-29"}, {"date": "2023-05-05", "symbol": "ASAI3.SA", "eps": 0.05, "epsEstimated": 0.11, "time": "bmo", "revenue": 15096000000, "revenueEstimated": 15228600000, "fiscalDateEnding": "2023-03-31", "updatedFromDate": "2023-08-05"}, {"date": "2023-05-05", "symbol": "LOMA", "eps": 0.24, "epsEstimated": 8.06, "time": "amc", "revenue": 40590000000, "revenueEstimated": 193320000, "fiscalDateEnding": "2023-03-31", "updatedFromDate": "2023-09-29"}, {"date": "2023-05-05", "symbol": "ALPA4.SA", "eps": -0.31, "epsEstimated": -0.03, "time": "bmo", "revenue": 902486000, "revenueEstimated": 893000000, "fiscalDateEnding": "2023-03-31", "updatedFromDate": "2023-08-05"}, {"date": "2023-05-05", "symbol": "ENTX", "eps": -0.08, "epsEstimated": -0.12, "time": "bmo", "revenue": null, "revenueEstimated": 50000, "fiscalDateEnding": "2023-03-30", "updatedFromDate": "2023-09-29"}, {"date": "2023-05-05", "symbol": "PKKW", "eps": 0.4874, "epsEstimated": null, "time": "bmo", "revenue": 10569000, "revenueEstimated": null, "fiscalDateEnding": "2023-03-30", "updatedFromDate": "2023-08-04"}, {"date": "2023-05-05", "symbol": "IMNM", "eps": -0.35, "epsEstimated": 0.59, "time": "bmo", "revenue": 2364000, "revenueEstimated": null, "fiscalDateEnding": "2023-03-30", "updatedFromDate": "2023-09-29"}, {"date": "2023-05-05", "symbol": "IATA.JK", "eps": 0.00063, "epsEstimated": null, "time": "bmo", "revenue": 52231964, "revenueEstimated": null, "fiscalDateEnding": "2023-03-31", "updatedFromDate": "2023-08-05"}, {"date": "2023-05-05", "symbol": "JOUT", "eps": 1.45, "epsEstimated": 0.84, "time": "bmo", "revenue": 202115000, "revenueEstimated": 189650000, "fiscalDateEnding": "2023-03-30", "updatedFromDate": "2023-09-29"}, {"date": "2023-05-05", "symbol": "STEF-B.ST", "eps": 0.91, "epsEstimated": 1.9, "time": "bmo", "revenue": 212000000, "revenueEstimated": 208250000, "fiscalDateEnding": "2023-03-31", "updatedFromDate": "2023-08-05"}, {"date": "2023-05-05", "symbol": "THM", "eps": -0.00477, "epsEstimated": null, "time": "bmo", "revenue": null, "revenueEstimated": null, "fiscalDateEnding": "2023-03-30", "updatedFromDate": "2023-09-29"}, {"date": "2023-05-05", "symbol": "ONCY", "eps": -0.07, "epsEstimated": -0.07, "time": "bmo", "revenue": null, "revenueEstimated": null, "fiscalDateEnding": "2023-03-31", "updatedFromDate": "2023-09-29"}, {"date": "2023-05-05", "symbol": "605007.SS", "eps": -0.07, "epsEstimated": null, "time": "bmo", "revenue": 1258385503.7, "revenueEstimated": 7129550000, "fiscalDateEnding": "2023-03-31", "updatedFromDate": "2023-08-05"}, {"date": "2023-05-05", "symbol": "INIT.ST", "eps": -0.16273, "epsEstimated": null, "time": "bmo", "revenue": null, "revenueEstimated": null, "fiscalDateEnding": "2023-03-31", "updatedFromDate": "2023-08-05"}, {"date": "2023-05-05", "symbol": "ACMR", "eps": 0.15, "epsEstimated": -0.1, "time": "bmo", "revenue": 74256000, "revenueEstimated": 72800000, "fiscalDateEnding": "2023-03-30", "updatedFromDate": "2023-09-29"}, {"date": "2023-05-05", "symbol": "VIS.IC", "eps": 0.13, "epsEstimated": null, "time": "bmo", "revenue": 7042453000, "revenueEstimated": null, "fiscalDateEnding": "2023-03-31", "updatedFromDate": "2023-08-05"}, {"date": "2023-05-05", "symbol": "0IC9.L", "eps": null, "epsEstimated": null, "time": "bmo", "revenue": null, "revenueEstimated": null, "fiscalDateEnding": "2023-03-31", "updatedFromDate": "2023-08-05"}, {"date": "2023-05-05", "symbol": "RNW.TO", "eps": 0.17, "epsEstimated": 0.19, "time": "bmo", "revenue": 119000000, "revenueEstimated": 130970000, "fiscalDateEnding": "2023-03-31", "updatedFromDate": "2023-08-05"}, {"date": "2023-05-05", "symbol": "600916.SS", "eps": 0.18, "epsEstimated": null, "time": "bmo", "revenue": 16139408860.54, "revenueEstimated": 56498200000, "fiscalDateEnding": "2023-03-31", "updatedFromDate": "2023-08-05"}, {"date": "2023-05-05", "symbol": "QRTEA", "eps": -0.05, "epsEstimated": -0.03559, "time": "bmo", "revenue": 2644000000, "revenueEstimated": 2561030000, "fiscalDateEnding": "2023-03-30", "updatedFromDate": "2023-09-29"}, {"date": "2023-05-05", "symbol": "6214.TW", "eps": 1.83, "epsEstimated": null, "time": "bmo", "revenue": 8228720000, "revenueEstimated": null, "fiscalDateEnding": "2023-03-31", "updatedFromDate": "2023-08-03"}, {"date": "2023-05-05", "symbol": "9802.TW", "eps": 2.5, "epsEstimated": 3, "time": "bmo", "revenue": 5053564000, "revenueEstimated": 6119330000, "fiscalDateEnding": "2023-03-31", "updatedFromDate": "2023-08-05"}, {"date": "2023-05-05", "symbol": "0K10.L", "eps": null, "epsEstimated": null, "time": "bmo", "revenue": null, "revenueEstimated": null, "fiscalDateEnding": "2023-03-31", "updatedFromDate": "2023-08-05"}, {"date": "2023-05-05", "symbol": "601088.SS", "eps": 0.94, "epsEstimated": 0.93, "time": "bmo", "revenue": 87042000000, "revenueEstimated": 76483300000, "fiscalDateEnding": "2023-03-31", "updatedFromDate": "2023-08-05"}, {"date": "2023-05-05", "symbol": "ECMPA.AS", "eps": 0.2846, "epsEstimated": null, "time": "bmo", "revenue": 62419000, "revenueEstimated": null, "fiscalDateEnding": "2023-03-31", "updatedFromDate": "2023-10-16"}, {"date": "2023-05-05", "symbol": "NHC", "eps": 0.79, "epsEstimated": null, "time": "bmo", "revenue": 269563000, "revenueEstimated": null, "fiscalDateEnding": "2023-03-30", "updatedFromDate": "2023-09-29"}, {"date": "2023-05-05", "symbol": "0KE0.L", "eps": null, "epsEstimated": null, "time": "bmo", "revenue": null, "revenueEstimated": null, "fiscalDateEnding": "2023-03-31", "updatedFromDate": "2023-08-05"}, {"date": "2023-05-05", "symbol": "2476.TW", "eps": 0.23, "epsEstimated": null, "time": "bmo", "revenue": 1376926000, "revenueEstimated": null, "fiscalDateEnding": "2023-03-31", "updatedFromDate": "2023-08-05"}, {"date": "2023-05-05", "symbol": "GGE", "eps": 0.01, "epsEstimated": null, "time": "bmo", "revenue": 430322, "revenueEstimated": null, "fiscalDateEnding": "2023-03-30", "updatedFromDate": "2023-11-28"}, {"date": "2023-05-05", "symbol": "FYBR", "eps": 0.01, "epsEstimated": 0.09, "time": "bmo", "revenue": 1440000000, "revenueEstimated": 1434230000, "fiscalDateEnding": "2023-03-30", "updatedFromDate": "2023-09-29"}, {"date": "2023-05-05", "symbol": "JCI", "eps": 0.75, "epsEstimated": 0.73, "time": "bmo", "revenue": 6686000000, "revenueEstimated": 7195650000, "fiscalDateEnding": "2023-03-30", "updatedFromDate": "2023-09-29"}, {"date": "2023-05-05", "symbol": "BTE.TO", "eps": 0.09, "epsEstimated": 0.13, "time": "bmo", "revenue": 555336000, "revenueEstimated": 545500000, "fiscalDateEnding": "2023-03-31", "updatedFromDate": "2023-08-05"}, {"date": "2023-05-05", "symbol": "5434.TW", "eps": 4.03, "epsEstimated": 3.54, "time": "bmo", "revenue": 12492345000, "revenueEstimated": 12538000000, "fiscalDateEnding": "2023-03-31", "updatedFromDate": "2023-08-05"}, {"date": "2023-05-05", "symbol": "AZO", "eps": 34.12, "epsEstimated": null, "time": "bmo", "revenue": 4090541000, "revenueEstimated": null, "fiscalDateEnding": "2023-05-05", "updatedFromDate": "2023-09-29"}, {"date": "2023-05-05", "symbol": "ITIC", "eps": 0.62, "epsEstimated": null, "time": "bmo", "revenue": 51343000, "revenueEstimated": null, "fiscalDateEnding": "2023-03-30", "updatedFromDate": "2023-09-29"}, {"date": "2023-05-05", "symbol": "9933.TW", "eps": 0.47, "epsEstimated": 0.61, "time": "bmo", "revenue": 21845706000, "revenueEstimated": 22835500000, "fiscalDateEnding": "2023-03-31", "updatedFromDate": "2023-08-05"}, {"date": "2023-05-05", "symbol": "FLR", "eps": 0.28, "epsEstimated": 0.38, "time": "bmo", "revenue": 3752000000, "revenueEstimated": 3547790000, "fiscalDateEnding": "2023-03-30", "updatedFromDate": "2023-09-29"}, {"date": "2023-05-05", "symbol": "SOR.OL", "eps": 4.3, "epsEstimated": 4.46, "time": "bmo", "revenue": 796000000, "revenueEstimated": 869500000, "fiscalDateEnding": "2023-03-31", "updatedFromDate": "2023-08-05"}, {"date": "2023-05-05", "symbol": "CTY1S.HE", "eps": 0.15, "epsEstimated": 0.1, "time": "bmo", "revenue": 74100000, "revenueEstimated": 73670000, "fiscalDateEnding": "2023-03-31", "updatedFromDate": "2023-08-05"}, {"date": "2023-05-05", "symbol": "BRPR3.SA", "eps": -0.33, "epsEstimated": -0.4, "time": "bmo", "revenue": 31074000, "revenueEstimated": 31559000, "fiscalDateEnding": "2023-03-31", "updatedFromDate": "2023-08-16"}, {"date": "2023-05-05", "symbol": "BYFC", "eps": 0.02, "epsEstimated": null, "time": "bmo", "revenue": 8563000, "revenueEstimated": null, "fiscalDateEnding": "2023-03-30", "updatedFromDate": "2023-09-29"}, {"date": "2023-05-05", "symbol": "SLR.TO", "eps": 0.00535, "epsEstimated": null, "time": "bmo", "revenue": null, "revenueEstimated": null, "fiscalDateEnding": "2023-03-31", "updatedFromDate": "2023-08-05"}, {"date": "2023-05-05", "symbol": "BEPC", "eps": -0.09, "epsEstimated": 0.05, "time": "bmo", "revenue": 1066000000, "revenueEstimated": 1191000000, "fiscalDateEnding": "2023-03-31", "updatedFromDate": "2023-09-29"}, {"date": "2023-05-05", "symbol": "VOLUE.OL", "eps": 0.19, "epsEstimated": 0.09, "time": "bmo", "revenue": 339491000, "revenueEstimated": 344000000, "fiscalDateEnding": "2023-03-31", "updatedFromDate": "2023-08-05"}, {"date": "2023-05-05", "symbol": "3526.TWO", "eps": 1.21, "epsEstimated": 2.49, "time": "bmo", "revenue": 429961000, "revenueEstimated": 494000000, "fiscalDateEnding": "2023-03-31", "updatedFromDate": "2023-08-05"}, {"date": "2023-05-05", "symbol": "NPK", "eps": 1.25, "epsEstimated": null, "time": "bmo", "revenue": 80409000, "revenueEstimated": null, "fiscalDateEnding": "2023-04-01", "updatedFromDate": "2023-09-29"}, {"date": "2023-05-05", "symbol": "SCGP.BK", "eps": 0.28, "epsEstimated": 0.25, "time": "bmo", "revenue": 33728631000, "revenueEstimated": 35808300000, "fiscalDateEnding": "2023-03-31", "updatedFromDate": "2023-08-05"}, {"date": "2023-05-05", "symbol": "8021.TW", "eps": 0.11, "epsEstimated": 0.29, "time": "bmo", "revenue": 616637000, "revenueEstimated": 682750000, "fiscalDateEnding": "2023-03-31", "updatedFromDate": "2023-08-05"}, {"date": "2023-05-05", "symbol": "SEZI.ST", "eps": -0.42369, "epsEstimated": null, "time": "bmo", "revenue": 7288000, "revenueEstimated": 7288000, "fiscalDateEnding": "2023-03-31", "updatedFromDate": "2023-08-05"}, {"date": "2023-05-05", "symbol": "CIO", "eps": -0.03, "epsEstimated": 0.36, "time": "bmo", "revenue": 45957000, "revenueEstimated": 44250000, "fiscalDateEnding": "2023-03-30", "updatedFromDate": "2023-09-29"}, {"date": "2023-05-05", "symbol": "5289.TWO", "eps": 4.02, "epsEstimated": 3.29, "time": "bmo", "revenue": 2260206000, "revenueEstimated": 2174000000, "fiscalDateEnding": "2023-03-31", "updatedFromDate": "2023-08-05"}, {"date": "2023-05-05", "symbol": "1866.HK", "eps": null, "epsEstimated": null, "time": "bmo", "revenue": null, "revenueEstimated": null, "fiscalDateEnding": "2023-03-31", "updatedFromDate": "2023-08-05"}, {"date": "2023-05-05", "symbol": "EPAM", "eps": 2.47, "epsEstimated": 2.34, "time": "bmo", "revenue": 1210941000, "revenueEstimated": 1160980000, "fiscalDateEnding": "2023-03-30", "updatedFromDate": "2023-09-29"}, {"date": "2023-05-05", "symbol": "0KRR.L", "eps": null, "epsEstimated": null, "time": "bmo", "revenue": null, "revenueEstimated": null, "fiscalDateEnding": "2023-03-31", "updatedFromDate": "2023-08-05"}, {"date": "2023-05-05", "symbol": "AF.PA", "eps": -0.14, "epsEstimated": -0.11, "time": "bmo", "revenue": 6329000000, "revenueEstimated": 6265200000, "fiscalDateEnding": "2023-03-31", "updatedFromDate": "2023-10-16"}, {"date": "2023-05-05", "symbol": "BDI.TO", "eps": 0.07, "epsEstimated": 0.1, "time": "bmo", "revenue": 81467000, "revenueEstimated": 80280000, "fiscalDateEnding": "2023-03-31", "updatedFromDate": "2023-08-05"}, {"date": "2023-05-05", "symbol": "KOP", "eps": 1.12, "epsEstimated": 0.72, "time": "bmo", "revenue": 513400000, "revenueEstimated": 462000000, "fiscalDateEnding": "2023-03-30", "updatedFromDate": "2023-09-29"}, {"date": "2023-05-05", "symbol": "CYAD.BR", "eps": null, "epsEstimated": null, "time": "bmo", "revenue": null, "revenueEstimated": null, "fiscalDateEnding": "2023-02-05", "updatedFromDate": "2023-08-05"}, {"date": "2023-05-05", "symbol": "AFK.OL", "eps": 1.29, "epsEstimated": null, "time": "bmo", "revenue": 1402000000, "revenueEstimated": null, "fiscalDateEnding": "2023-03-31", "updatedFromDate": "2023-08-05"}, {"date": "2023-05-05", "symbol": "0JUJ.L", "eps": null, "epsEstimated": null, "time": "bmo", "revenue": null, "revenueEstimated": null, "fiscalDateEnding": "2023-03-31", "updatedFromDate": "2023-08-05"}, {"date": "2023-05-05", "symbol": "ALCLS.PA", "eps": -0.52, "epsEstimated": -0.33, "time": "bmo", "revenue": 139000, "revenueEstimated": 4510000, "fiscalDateEnding": "2023-03-31", "updatedFromDate": "2023-08-05"}, {"date": "2023-05-05", "symbol": "LSXMK", "eps": 0.38, "epsEstimated": 0.5, "time": "bmo", "revenue": 2144000000, "revenueEstimated": null, "fiscalDateEnding": "2023-03-30", "updatedFromDate": "2023-09-29"}, {"date": "2023-05-05", "symbol": "ENB", "eps": 0.63, "epsEstimated": 0.62, "time": "bmo", "revenue": 12075000000, "revenueEstimated": 11711500000, "fiscalDateEnding": "2023-03-30", "updatedFromDate": "2023-09-29"}, {"date": "2023-05-05", "symbol": "VMUK.L", "eps": null, "epsEstimated": null, "time": "bmo", "revenue": null, "revenueEstimated": null, "fiscalDateEnding": "2023-03-31", "updatedFromDate": "2023-07-03"}, {"date": "2023-05-05", "symbol": "AKER.OL", "eps": null, "epsEstimated": null, "time": "bmo", "revenue": null, "revenueEstimated": null, "fiscalDateEnding": "2023-03-31", "updatedFromDate": "2023-08-05"}, {"date": "2023-05-05", "symbol": "8299.TWO", "eps": 1.21, "epsEstimated": 2.18, "time": "bmo", "revenue": 10078421000, "revenueEstimated": 10453000000, "fiscalDateEnding": "2023-03-31", "updatedFromDate": "2023-08-05"}, {"date": "2023-05-05", "symbol": "8601.HK", "eps": 0.00804, "epsEstimated": null, "time": "bmo", "revenue": 37120000, "revenueEstimated": null, "fiscalDateEnding": "2023-03-31", "updatedFromDate": "2023-08-05"}, {"date": "2023-05-05", "symbol": "ODL.OL", "eps": 0.01, "epsEstimated": 0.07, "time": "bmo", "revenue": 111100000, "revenueEstimated": 1745070000, "fiscalDateEnding": "2023-03-31", "updatedFromDate": "2023-08-16"}, {"date": "2023-05-05", "symbol": "NMRK", "eps": 0.15, "epsEstimated": 0.17, "time": "bmo", "revenue": 520799000, "revenueEstimated": 514070000, "fiscalDateEnding": "2023-03-30", "updatedFromDate": "2023-09-29"}, {"date": "2023-05-05", "symbol": "AKER.OL", "eps": null, "epsEstimated": null, "time": "bmo", "revenue": null, "revenueEstimated": null, "fiscalDateEnding": "2022-12-31", "updatedFromDate": "2023-07-03"}, {"date": "2023-05-05", "symbol": "2897.TW", "eps": 0.3655, "epsEstimated": null, "time": "bmo", "revenue": 2505501000, "revenueEstimated": null, "fiscalDateEnding": "2023-03-31", "updatedFromDate": "2023-08-03"}, {"date": "2023-05-05", "symbol": "CZNC", "eps": 0.4, "epsEstimated": 0.42, "time": "bmo", "revenue": 26397000, "revenueEstimated": 26660000, "fiscalDateEnding": "2023-03-30", "updatedFromDate": "2023-09-29"}, {"date": "2023-05-05", "symbol": "UI", "eps": 1.65, "epsEstimated": 1.82, "time": "bmo", "revenue": 457773000, "revenueEstimated": 511210000, "fiscalDateEnding": "2023-03-30", "updatedFromDate": "2023-09-29"}, {"date": "2023-05-05", "symbol": "6197.TW", "eps": 0.83, "epsEstimated": null, "time": "bmo", "revenue": 1085378000, "revenueEstimated": null, "fiscalDateEnding": "2023-03-31", "updatedFromDate": "2023-08-05"}, {"date": "2023-05-05", "symbol": "SII.TO", "eps": 0.3, "epsEstimated": 0.35, "time": "bmo", "revenue": 37398000, "revenueEstimated": null, "fiscalDateEnding": "2023-03-31", "updatedFromDate": "2023-08-05"}, {"date": "2023-05-05", "symbol": "HSKA", "eps": 0.17, "epsEstimated": 0.32, "time": "bmo", "revenue": 62381000, "revenueEstimated": 64370000, "fiscalDateEnding": "2023-03-30", "updatedFromDate": "2023-09-29"}, {"date": "2023-05-05", "symbol": "GSAT", "eps": 0.01, "epsEstimated": 0.00312, "time": "bmo", "revenue": 58644000, "revenueEstimated": 49430000, "fiscalDateEnding": "2023-03-30", "updatedFromDate": "2023-09-29"}, {"date": "2023-05-05", "symbol": "0IBD.L", "eps": null, "epsEstimated": null, "time": "bmo", "revenue": null, "revenueEstimated": null, "fiscalDateEnding": "2023-03-31", "updatedFromDate": "2023-08-05"}, {"date": "2023-05-05", "symbol": "BRH.DE", "eps": null, "epsEstimated": null, "time": "bmo", "revenue": 120151000000, "revenueEstimated": null, "fiscalDateEnding": "2023-03-31", "updatedFromDate": "2023-08-05"}, {"date": "2023-05-05", "symbol": "CASA.JK", "eps": 0.07622, "epsEstimated": null, "time": "bmo", "revenue": 2161724000000, "revenueEstimated": null, "fiscalDateEnding": "2023-03-31", "updatedFromDate": "2023-08-05"}, {"date": "2023-05-05", "symbol": "2034.TW", "eps": 0.21, "epsEstimated": 0.52, "time": "bmo", "revenue": 3892879000, "revenueEstimated": 4002670000, "fiscalDateEnding": "2023-03-31", "updatedFromDate": "2023-08-05"}, {"date": "2023-05-05", "symbol": "FLGT", "eps": -0.22, "epsEstimated": -0.45, "time": "bmo", "revenue": 66168000, "revenueEstimated": 60050000, "fiscalDateEnding": "2023-03-30", "updatedFromDate": "2023-09-29"}, {"date": "2023-05-05", "symbol": "ASIX", "eps": 1.22, "epsEstimated": 1, "time": "bmo", "revenue": 400544000, "revenueEstimated": 411230000, "fiscalDateEnding": "2023-03-30", "updatedFromDate": "2023-09-29"}, {"date": "2023-05-05", "symbol": "PHYS", "eps": 1.13, "epsEstimated": null, "time": "amc", "revenue": 448515000, "revenueEstimated": null, "fiscalDateEnding": "2023-03-31", "updatedFromDate": "2023-08-04"}, {"date": "2023-05-05", "symbol": "SPOL.OL", "eps": 3.8, "epsEstimated": 3.76, "time": "bmo", "revenue": 1263000000, "revenueEstimated": 1273050000, "fiscalDateEnding": "2023-03-31", "updatedFromDate": "2023-08-05"}, {"date": "2023-05-05", "symbol": "2431.TW", "eps": -0.17, "epsEstimated": null, "time": "bmo", "revenue": 157364000, "revenueEstimated": null, "fiscalDateEnding": "2023-03-31", "updatedFromDate": "2023-08-05"}, {"date": "2023-05-05", "symbol": "BH-A", "eps": 222.28, "epsEstimated": null, "time": "bmo", "revenue": 90176000, "revenueEstimated": null, "fiscalDateEnding": "2023-03-30", "updatedFromDate": "2023-10-16"}, {"date": "2023-05-05", "symbol": "RUTH", "eps": 0.35, "epsEstimated": 0.36, "time": "bmo", "revenue": 136857000, "revenueEstimated": 140080000, "fiscalDateEnding": "2023-03-25", "updatedFromDate": "2023-09-29"}, {"date": "2023-05-05", "symbol": "OCGN", "eps": -0.07, "epsEstimated": -0.11, "time": "bmo", "revenue": null, "revenueEstimated": null, "fiscalDateEnding": "2023-03-30", "updatedFromDate": "2023-09-29"}, {"date": "2023-05-05", "symbol": "BBU", "eps": 0.34, "epsEstimated": 1.27, "time": "bmo", "revenue": 13758000000, "revenueEstimated": null, "fiscalDateEnding": "2023-03-31", "updatedFromDate": "2023-09-29"}, {"date": "2023-05-05", "symbol": "2103.TW", "eps": 0.31, "epsEstimated": 0.34, "time": "bmo", "revenue": 8113730000, "revenueEstimated": 8147000000, "fiscalDateEnding": "2023-03-31", "updatedFromDate": "2023-08-05"}, {"date": "2023-05-05", "symbol": "CMIG4.SA", "eps": 0.64, "epsEstimated": 0.57, "time": "bmo", "revenue": 8647000000, "revenueEstimated": 8652780000, "fiscalDateEnding": "2023-03-31", "updatedFromDate": "2023-08-05"}, {"date": "2023-05-05", "symbol": "GOCOLORS.NS", "eps": 2.74, "epsEstimated": 2.8, "time": "bmo", "revenue": null, "revenueEstimated": null, "fiscalDateEnding": "2023-02-05", "updatedFromDate": "2023-10-17"}, {"date": "2023-05-05", "symbol": "TAC", "eps": 0.81, "epsEstimated": 0.29, "time": "bmo", "revenue": 1089000000, "revenueEstimated": 406980000, "fiscalDateEnding": "2023-03-31", "updatedFromDate": "2023-09-29"}, {"date": "2023-05-05", "symbol": "FSK", "eps": 0.78, "epsEstimated": 0.74, "time": "bmo", "revenue": 212000000, "revenueEstimated": 443990000, "fiscalDateEnding": "2023-03-30", "updatedFromDate": "2023-09-29"}, {"date": "2023-05-05", "symbol": "3714.TW", "eps": -1.65, "epsEstimated": -0.74, "time": "bmo", "revenue": 4727918000, "revenueEstimated": 5112760000, "fiscalDateEnding": "2023-03-31", "updatedFromDate": "2023-08-05"}, {"date": "2023-05-05", "symbol": "FWONK", "eps": -0.58, "epsEstimated": -0.15, "time": "bmo", "revenue": 381000000, "revenueEstimated": null, "fiscalDateEnding": "2023-03-30", "updatedFromDate": "2023-09-29"}, {"date": "2023-05-05", "symbol": "ANIM.MI", "eps": 0.12, "epsEstimated": 0.11, "time": "bmo", "revenue": 238577000, "revenueEstimated": 80830000, "fiscalDateEnding": "2023-03-31", "updatedFromDate": "2023-08-05"}, {"date": "2023-05-05", "symbol": "SPEONE.ST", "eps": -0.08489, "epsEstimated": null, "time": "bmo", "revenue": 11367000, "revenueEstimated": null, "fiscalDateEnding": "2023-03-31", "updatedFromDate": "2023-08-05"}, {"date": "2023-05-05", "symbol": "SMLP", "eps": -1.82, "epsEstimated": 0.12, "time": "bmo", "revenue": 112499000, "revenueEstimated": 98400000, "fiscalDateEnding": "2023-03-30", "updatedFromDate": "2023-09-29"}, {"date": "2023-05-05", "symbol": "TWST", "eps": -1.06, "epsEstimated": -1.09, "time": "bmo", "revenue": 60180000, "revenueEstimated": 56690000, "fiscalDateEnding": "2023-03-30", "updatedFromDate": "2023-09-29"}, {"date": "2023-05-05", "symbol": "BPOST.BR", "eps": 0.24, "epsEstimated": 0.24, "time": "bmo", "revenue": 1050800000, "revenueEstimated": 1043610000, "fiscalDateEnding": "2023-03-31", "updatedFromDate": "2023-08-05"}, {"date": "2023-05-05", "symbol": "GBTC", "eps": null, "epsEstimated": null, "time": "bmo", "revenue": null, "revenueEstimated": null, "fiscalDateEnding": "2022-12-31", "updatedFromDate": "2023-08-04"}, {"date": "2023-05-05", "symbol": "FWONB", "eps": -0.58, "epsEstimated": null, "time": "bmo", "revenue": 381000000, "revenueEstimated": null, "fiscalDateEnding": "2023-03-30", "updatedFromDate": "2023-09-29"}, {"date": "2023-05-05", "symbol": "8282.HK", "eps": -0.01495, "epsEstimated": null, "time": "bmo", "revenue": 29493000, "revenueEstimated": null, "fiscalDateEnding": "2023-03-31", "updatedFromDate": "2023-08-05"}, {"date": "2023-05-05", "symbol": "PAA", "eps": 0.41, "epsEstimated": 0.36, "time": "bmo", "revenue": 12341000000, "revenueEstimated": 15339500000, "fiscalDateEnding": "2023-03-30", "updatedFromDate": "2023-09-29"}, {"date": "2023-05-05", "symbol": "LOOMIS.ST", "eps": 6.49, "epsEstimated": 6.2, "time": "bmo", "revenue": 6812000000, "revenueEstimated": 6596760000, "fiscalDateEnding": "2023-03-31", "updatedFromDate": "2023-08-05"}, {"date": "2023-05-05", "symbol": "1326.TW", "eps": -0.13, "epsEstimated": -0.54, "time": "bmo", "revenue": 83028826000, "revenueEstimated": 92421300000, "fiscalDateEnding": "2023-03-31", "updatedFromDate": "2023-08-05"}, {"date": "2023-05-05", "symbol": "CCM", "eps": null, "epsEstimated": null, "time": "bmo", "revenue": null, "revenueEstimated": null, "fiscalDateEnding": "2023-02-05", "updatedFromDate": "2023-09-29"}, {"date": "2023-05-05", "symbol": "6115.TW", "eps": 0.44, "epsEstimated": null, "time": "bmo", "revenue": 1501296000, "revenueEstimated": null, "fiscalDateEnding": "2023-03-31", "updatedFromDate": "2023-08-05"}, {"date": "2023-05-05", "symbol": "CLN.SW", "eps": null, "epsEstimated": 0.69, "time": "bmo", "revenue": null, "revenueEstimated": 1266290000, "fiscalDateEnding": "2023-02-05", "updatedFromDate": "2023-08-16"}, {"date": "2023-05-05", "symbol": "BEP-UN.TO", "eps": -0.09, "epsEstimated": -0.06, "time": "bmo", "revenue": 1331000000, "revenueEstimated": 1394330000, "fiscalDateEnding": "2023-03-31", "updatedFromDate": "2023-08-05"}, {"date": "2023-05-05", "symbol": "LCLEAN.ST", "eps": -0.16, "epsEstimated": -0.1, "time": "bmo", "revenue": 13659000, "revenueEstimated": 16000000, "fiscalDateEnding": "2023-03-31", "updatedFromDate": "2023-08-16"}, {"date": "2023-05-05", "symbol": "CMPC.SN", "eps": 72.66, "epsEstimated": 64.59, "time": "bmo", "revenue": 2128650000, "revenueEstimated": 1560550000000, "fiscalDateEnding": "2023-03-31", "updatedFromDate": "2023-08-05"}, {"date": "2023-05-05", "symbol": "LQMT", "eps": -0.0004, "epsEstimated": null, "time": "amc", "revenue": 30000, "revenueEstimated": null, "fiscalDateEnding": "2023-03-30", "updatedFromDate": "2023-09-29"}, {"date": "2023-05-05", "symbol": "AMNI.ST", "eps": null, "epsEstimated": null, "time": "bmo", "revenue": null, "revenueEstimated": null, "fiscalDateEnding": "2022-12-31", "updatedFromDate": "2023-07-03"}, {"date": "2023-05-05", "symbol": "KRN.DE", "eps": 2.01, "epsEstimated": 1.76, "time": "bmo", "revenue": 1198800000, "revenueEstimated": 1144000000, "fiscalDateEnding": "2023-03-31", "updatedFromDate": "2023-08-16"}, {"date": "2023-05-05", "symbol": "CNHI.MI", "eps": 0.35, "epsEstimated": 0.31, "time": "bmo", "revenue": 5342000000, "revenueEstimated": 4814560000, "fiscalDateEnding": "2023-03-31", "updatedFromDate": "2023-08-05"}, {"date": "2023-05-05", "symbol": "WBD", "eps": 0.18, "epsEstimated": 0.21, "time": "bmo", "revenue": 10700000000, "revenueEstimated": 10776900000, "fiscalDateEnding": "2023-03-30", "updatedFromDate": "2023-09-29"}, {"date": "2023-05-05", "symbol": "GTN", "eps": -0.48, "epsEstimated": -0.3, "time": "bmo", "revenue": 801000000, "revenueEstimated": 788820000, "fiscalDateEnding": "2023-03-30", "updatedFromDate": "2023-09-29"}, {"date": "2023-05-05", "symbol": "JOMA.ST", "eps": 2.68, "epsEstimated": 0.58, "time": "bmo", "revenue": 153900000, "revenueEstimated": 158300000, "fiscalDateEnding": "2023-03-31", "updatedFromDate": "2023-08-16"}, {"date": "2023-05-05", "symbol": "BRNL.AS", "eps": null, "epsEstimated": null, "time": "bmo", "revenue": null, "revenueEstimated": null, "fiscalDateEnding": "2023-02-05", "updatedFromDate": "2023-08-05"}, {"date": "2023-05-05", "symbol": "OMI", "eps": 0.05, "epsEstimated": -0.09, "time": "bmo", "revenue": 2522849000, "revenueEstimated": null, "fiscalDateEnding": "2023-03-30", "updatedFromDate": "2023-09-29"}, {"date": "2023-05-05", "symbol": "PSYTF", "eps": 0.4391, "epsEstimated": null, "time": "bmo", "revenue": 98229000, "revenueEstimated": null, "fiscalDateEnding": "2023-03-31", "updatedFromDate": "2023-08-16"}, {"date": "2023-05-05", "symbol": "3038.TW", "eps": 0.6, "epsEstimated": null, "time": "bmo", "revenue": 1132253000, "revenueEstimated": null, "fiscalDateEnding": "2023-03-31", "updatedFromDate": "2023-08-16"}, {"date": "2023-05-05", "symbol": "3653.TW", "eps": 3.49, "epsEstimated": null, "time": "bmo", "revenue": 2824998000, "revenueEstimated": null, "fiscalDateEnding": "2023-03-31", "updatedFromDate": "2023-08-16"}, {"date": "2023-05-05", "symbol": "IAG.MC", "eps": null, "epsEstimated": -0.06, "time": "bmo", "revenue": null, "revenueEstimated": null, "fiscalDateEnding": "2023-03-30", "updatedFromDate": "2023-08-16"}, {"date": "2023-05-05", "symbol": "002281.SZ", "eps": 0.13, "epsEstimated": 0.24, "time": "bmo", "revenue": 1268270914.24, "revenueEstimated": 2041820000, "fiscalDateEnding": "2023-03-31", "updatedFromDate": "2023-08-16"}, {"date": "2023-05-05", "symbol": "TULAV.HE", "eps": 0.01, "epsEstimated": 0.02, "time": "bmo", "revenue": 13000000, "revenueEstimated": null, "fiscalDateEnding": "2023-03-31", "updatedFromDate": "2023-08-16"}, {"date": "2023-05-05", "symbol": "HRNNF", "eps": 0.4696, "epsEstimated": null, "time": "bmo", "revenue": 2074000000, "revenueEstimated": null, "fiscalDateEnding": "2023-03-31", "updatedFromDate": "2023-08-16"}, {"date": "2023-05-05", "symbol": "BONHR.OL", "eps": 13.29, "epsEstimated": null, "time": "bmo", "revenue": 2997000000, "revenueEstimated": null, "fiscalDateEnding": "2023-03-31", "updatedFromDate": "2023-08-16"}, {"date": "2023-05-05", "symbol": "1434.TW", "eps": 0.05, "epsEstimated": 0.25, "time": "bmo", "revenue": 7652703000, "revenueEstimated": 7962000000, "fiscalDateEnding": "2023-03-31", "updatedFromDate": "2023-08-16"}, {"date": "2023-05-05", "symbol": "TRSWF", "eps": 0.1685, "epsEstimated": null, "time": "bmo", "revenue": 119000000, "revenueEstimated": null, "fiscalDateEnding": "2023-03-31", "updatedFromDate": "2023-08-16"}, {"date": "2023-05-05", "symbol": "9951.TWO", "eps": 1.34, "epsEstimated": null, "time": "bmo", "revenue": 1225813000, "revenueEstimated": null, "fiscalDateEnding": "2023-03-31", "updatedFromDate": "2023-08-16"}, {"date": "2023-05-05", "symbol": "GEG", "eps": -0.02, "epsEstimated": 0.38, "time": "bmo", "revenue": 1898000, "revenueEstimated": null, "fiscalDateEnding": "2023-03-30", "updatedFromDate": "2023-09-29"}, {"date": "2023-05-05", "symbol": "EFR.TO", "eps": 0.72, "epsEstimated": 0.53, "time": "bmo", "revenue": 19613000, "revenueEstimated": 26620000, "fiscalDateEnding": "2023-03-31", "updatedFromDate": "2023-10-16"}, {"date": "2023-05-05", "symbol": "000858.SZ", "eps": 3.23, "epsEstimated": 3.24, "time": "bmo", "revenue": 31138862489.34, "revenueEstimated": 15762700000, "fiscalDateEnding": "2023-03-31", "updatedFromDate": "2023-08-16"}, {"date": "2023-05-05", "symbol": "IFSPF", "eps": -0.80269, "epsEstimated": null, "time": "bmo", "revenue": 829882000, "revenueEstimated": null, "fiscalDateEnding": "2023-03-31", "updatedFromDate": "2023-08-16"}, {"date": "2023-05-05", "symbol": "ISP.MI", "eps": 0.1, "epsEstimated": 0.09, "time": "bmo", "revenue": 6272000000, "revenueEstimated": 5879930000, "fiscalDateEnding": "2023-03-31", "updatedFromDate": "2023-08-16"}, {"date": "2023-05-05", "symbol": "6547.TWO", "eps": -0.65, "epsEstimated": -1.06, "time": "bmo", "revenue": null, "revenueEstimated": 10000000, "fiscalDateEnding": "2023-03-31", "updatedFromDate": "2023-08-16"}, {"date": "2023-05-05", "symbol": "CAT-B.ST", "eps": -0.08798, "epsEstimated": null, "time": "bmo", "revenue": 367000000, "revenueEstimated": 367000000, "fiscalDateEnding": "2023-03-31", "updatedFromDate": "2023-08-16"}, {"date": "2023-05-05", "symbol": "KFINTECH.NS", "eps": null, "epsEstimated": null, "time": "bmo", "revenue": null, "revenueEstimated": null, "fiscalDateEnding": "2023-02-05", "updatedFromDate": "2023-10-16"}, {"date": "2023-05-05", "symbol": "PIA.MI", "eps": 0.07, "epsEstimated": null, "time": "bmo", "revenue": 546784000, "revenueEstimated": 505000000, "fiscalDateEnding": "2023-03-31", "updatedFromDate": "2023-08-16"}, {"date": "2023-05-05", "symbol": "VLCN", "eps": -0.3, "epsEstimated": 0.33, "time": "bmo", "revenue": 1170458, "revenueEstimated": null, "fiscalDateEnding": "2023-03-30", "updatedFromDate": "2023-09-29"}, {"date": "2023-05-05", "symbol": "IAG.L", "eps": null, "epsEstimated": null, "time": "bmo", "revenue": null, "revenueEstimated": null, "fiscalDateEnding": "2023-03-30", "updatedFromDate": "2023-08-16"}, {"date": "2023-05-05", "symbol": "V03.SI", "eps": null, "epsEstimated": null, "time": "bmo", "revenue": null, "revenueEstimated": null, "fiscalDateEnding": "2023-02-05", "updatedFromDate": "2023-08-16"}, {"date": "2023-05-05", "symbol": "2002.TW", "eps": -0.05, "epsEstimated": null, "time": "bmo", "revenue": 91345952000, "revenueEstimated": 94740600000, "fiscalDateEnding": "2023-03-31", "updatedFromDate": "2023-08-16"}, {"date": "2023-05-05", "symbol": "8996.TW", "eps": 1.42, "epsEstimated": 1.11, "time": "bmo", "revenue": 970511000, "revenueEstimated": 1126100000, "fiscalDateEnding": "2023-03-31", "updatedFromDate": "2023-08-16"}, {"date": "2023-05-05", "symbol": "8422.TW", "eps": 2.59, "epsEstimated": 2.88, "time": "bmo", "revenue": 1286269000, "revenueEstimated": 1313670000, "fiscalDateEnding": "2023-03-31", "updatedFromDate": "2023-08-16"}, {"date": "2023-05-05", "symbol": "300133.SZ", "eps": 0.08, "epsEstimated": 0.05, "time": "bmo", "revenue": 964289990.83, "revenueEstimated": null, "fiscalDateEnding": "2023-03-31", "updatedFromDate": "2023-08-16"}, {"date": "2023-05-05", "symbol": "8155.TWO", "eps": 1.05, "epsEstimated": 1.55, "time": "bmo", "revenue": 696283000, "revenueEstimated": 936694000, "fiscalDateEnding": "2023-03-31", "updatedFromDate": "2023-08-16"}, {"date": "2023-05-05", "symbol": "600406.SS", "eps": 0.07, "epsEstimated": 0.05, "time": "bmo", "revenue": 6195037934.49, "revenueEstimated": 13315300000, "fiscalDateEnding": "2023-03-31", "updatedFromDate": "2023-08-16"}, {"date": "2023-05-06", "symbol": "BRK-A", "eps": 5537.48, "epsEstimated": 5522.2, "time": "bmo", "revenue": 120151000000, "revenueEstimated": 83384600000, "fiscalDateEnding": "2023-03-30", "updatedFromDate": "2023-08-06"}, {"date": "2023-05-06", "symbol": "BRK-B", "eps": 3.69, "epsEstimated": 3.5, "time": "bmo", "revenue": 120151000000, "revenueEstimated": null, "fiscalDateEnding": "2023-03-30", "updatedFromDate": "2023-08-06"}, {"date": "2023-05-06", "symbol": "BRK.A", "eps": 5537.48, "epsEstimated": null, "time": "bmo", "revenue": null, "revenueEstimated": null, "fiscalDateEnding": "2023-03-31", "updatedFromDate": "2023-09-29"}, {"date": "2023-05-06", "symbol": "PTBA.JK", "eps": 101, "epsEstimated": 212.06, "time": "bmo", "revenue": 9957130000000, "revenueEstimated": 11378900000, "fiscalDateEnding": "2023-03-31", "updatedFromDate": "2023-08-05"}, {"date": "2023-05-06", "symbol": "AETHER.NS", "eps": 3.02, "epsEstimated": 4.5, "time": "bmo", "revenue": null, "revenueEstimated": null, "fiscalDateEnding": "2023-02-06", "updatedFromDate": "2023-10-17"}, {"date": "2023-05-06", "symbol": "GRINDWELL.NS", "eps": null, "epsEstimated": null, "time": "bmo", "revenue": null, "revenueEstimated": null, "fiscalDateEnding": "2023-02-06", "updatedFromDate": "2023-10-16"}, {"date": "2023-05-06", "symbol": "CMRY.JK", "eps": 37.45, "epsEstimated": null, "time": "bmo", "revenue": 1830666000000, "revenueEstimated": null, "fiscalDateEnding": "2023-03-31", "updatedFromDate": "2023-08-06"}, {"date": "2023-05-06", "symbol": "BRK.B", "eps": 3.69, "epsEstimated": 2.79, "time": "bmo", "revenue": null, "revenueEstimated": null, "fiscalDateEnding": "2023-03-31", "updatedFromDate": "2023-09-29"}, {"date": "2023-05-06", "symbol": "300760.SZ", "eps": 2.12, "epsEstimated": 2.05, "time": "bmo", "revenue": 8364281841, "revenueEstimated": 10163100000, "fiscalDateEnding": "2023-03-31", "updatedFromDate": "2023-08-16"}, {"date": "2023-05-06", "symbol": "COST", "eps": 2.93, "epsEstimated": null, "time": "bmo", "revenue": 53648000000, "revenueEstimated": null, "fiscalDateEnding": "2023-05-06", "updatedFromDate": "2023-09-29"}, {"date": "2023-05-06", "symbol": "300014.SZ", "eps": 0.56, "epsEstimated": 0.65, "time": "bmo", "revenue": 11185548136.17, "revenueEstimated": 17160200000, "fiscalDateEnding": "2023-03-31", "updatedFromDate": "2023-08-16"}, {"date": "2023-05-07", "symbol": "FPR.AX", "eps": null, "epsEstimated": null, "time": "bmo", "revenue": null, "revenueEstimated": null, "fiscalDateEnding": "2023-06-30", "updatedFromDate": "2023-08-07"}, {"date": "2023-05-07", "symbol": "KREN.JK", "eps": -1.18914, "epsEstimated": null, "time": "bmo", "revenue": 3534660346134, "revenueEstimated": null, "fiscalDateEnding": "2023-03-31", "updatedFromDate": "2023-08-07"}, {"date": "2023-05-07", "symbol": "085370.KS", "eps": 418, "epsEstimated": 332.88, "time": "bmo", "revenue": 62691448000, "revenueEstimated": null, "fiscalDateEnding": "2023-03-31", "updatedFromDate": "2023-08-16"}, {"date": "2023-05-07", "symbol": "7202.SR", "eps": 2.55, "epsEstimated": 2.4, "time": "bmo", "revenue": 2676271630, "revenueEstimated": null, "fiscalDateEnding": "2023-03-31", "updatedFromDate": "2023-08-16"}, {"date": "2023-05-07", "symbol": "4013.SR", "eps": 1.4, "epsEstimated": null, "time": "bmo", "revenue": 2306874584, "revenueEstimated": 2186300000, "fiscalDateEnding": "2023-03-31", "updatedFromDate": "2023-08-16"}, {"date": "2023-05-07", "symbol": "4404.T", "eps": -7.51784, "epsEstimated": null, "time": "bmo", "revenue": 13840000000, "revenueEstimated": null, "fiscalDateEnding": "2023-03-31", "updatedFromDate": "2023-08-07"}, {"date": "2023-05-07", "symbol": "WBC.AX", "eps": null, "epsEstimated": null, "time": "bmo", "revenue": null, "revenueEstimated": null, "fiscalDateEnding": "2023-06-30", "updatedFromDate": "2023-08-07"}, {"date": "2023-05-07", "symbol": "FIRE.JK", "eps": -7.32928, "epsEstimated": null, "time": "bmo", "revenue": 58427486160, "revenueEstimated": null, "fiscalDateEnding": "2023-03-31", "updatedFromDate": "2023-08-07"}, {"date": "2023-05-07", "symbol": "NHHEF", "eps": null, "epsEstimated": null, "time": "bmo", "revenue": null, "revenueEstimated": null, "fiscalDateEnding": "2023-03-31", "updatedFromDate": "2023-08-06"}, {"date": "2023-05-07", "symbol": "8329.HK", "eps": 0.00969, "epsEstimated": null, "time": "bmo", "revenue": 299718000, "revenueEstimated": null, "fiscalDateEnding": "2023-03-31", "updatedFromDate": "2023-08-07"}, {"date": "2023-05-07", "symbol": "8495.HK", "eps": -0.02671, "epsEstimated": null, "time": "bmo", "revenue": 112732000, "revenueEstimated": null, "fiscalDateEnding": "2023-03-31", "updatedFromDate": "2023-08-07"}, {"date": "2023-05-07", "symbol": "WBC.AX", "eps": null, "epsEstimated": null, "time": "bmo", "revenue": null, "revenueEstimated": null, "fiscalDateEnding": "2023-03-31", "updatedFromDate": "2023-07-03"}, {"date": "2023-05-07", "symbol": "SRIL.JK", "eps": -0.00049, "epsEstimated": null, "time": "bmo", "revenue": 86915311, "revenueEstimated": 14914800000, "fiscalDateEnding": "2023-03-31", "updatedFromDate": "2023-08-07"}, {"date": "2023-05-07", "symbol": "8328.HK", "eps": 0.00825, "epsEstimated": null, "time": "bmo", "revenue": 278342000, "revenueEstimated": null, "fiscalDateEnding": "2023-03-31", "updatedFromDate": "2023-08-07"}, {"date": "2023-05-07", "symbol": "5187.T", "eps": 14.26, "epsEstimated": null, "time": "bmo", "revenue": 2870088000, "revenueEstimated": null, "fiscalDateEnding": "2023-03-31", "updatedFromDate": "2023-08-07"}, {"date": "2023-05-07", "symbol": "YMDAF", "eps": 2.6, "epsEstimated": null, "time": "bmo", "revenue": null, "revenueEstimated": null, "fiscalDateEnding": "2023-09-30", "updatedFromDate": "2023-08-07"}, {"date": "2023-05-07", "symbol": "RDF.JO", "eps": null, "epsEstimated": null, "time": "bmo", "revenue": null, "revenueEstimated": null, "fiscalDateEnding": "2023-03-30", "updatedFromDate": "2023-08-07"}, {"date": "2023-05-07", "symbol": "SLIS.JK", "eps": 3.57, "epsEstimated": null, "time": "bmo", "revenue": 104753025716, "revenueEstimated": null, "fiscalDateEnding": "2023-03-31", "updatedFromDate": "2023-08-07"}, {"date": "2023-05-07", "symbol": "8512.HK", "eps": 0.01799, "epsEstimated": null, "time": "bmo", "revenue": 147141000, "revenueEstimated": null, "fiscalDateEnding": "2023-03-31", "updatedFromDate": "2023-08-07"}]}